1834 3258
15 326 81 372 55
147 318 424 374 Αἰγυπτίους.
484 316 571 359 Καὶ
598 317 735 358 ταῦτα
769 311 848 370 μέν
885 328 969 355 νυν
1007 308 1302 366 περὶτούτων
1341 313 1402 354 εἰ·
1458 324 1541 366 452

147 385 313 442 ρήσθω.
371 383 395 428 ὅ
425 400 466 426 τι
495 384 561 435 δὲ,
606 381 749 432 ἐόντες
778 379 1033 434 Αἰγύπτιοι,
1074 379 1146 421 καὶ
1177 378 1203 421 ὅ
1231 396 1272 422 τι
1302 377 1404 422 ἀπο-

150 451 395 508 δεξάμενοι,
425 452 582 506 ἔὲλαβον
609 449 684 500 τὰς
712 448 920 502 Δωριέων
950 449 1195 502 βασιληΐας,
1235 447 1404 490 ἄλλοισι

149 520 233 576 γάρ
262 520 360 574 περὶ
390 518 534 562 αὐτῶν
563 520 751 573 εἴρηται,
781 514 966 569 ἐάσομεν
996 512 1118 558 αὐτά.
1166 514 1220 558 τὰ
1250 516 1296 559 δὲ
1325 513 1401 562 ἅλ-

16 646 83 693 56

551 205 846 242 ERATO.
904 204 981 241 VI.

1319 202 1404 243 297

148 592 220 632 λοι
254 587 308 631 οὐ
340 586 652 641 κατελάβοντο,
689 583 856 628 τούτων
885 582 1057 638 μνήμην
1085 581 1336 638 nocriooym.

234 656 371 711 Γέρεα
408 656 453 699 δὲ
492 654 543 710 δὴ
583 652 685 697 τάδε
723 656 837 695 τοῖσι
876 653 1098 706 βασιλεῦσι
1134 654 1408 706 Σπαρτιῆται

104 738 105 741 ’
149 723 381 778 δεδώκασι·
431 721 649 779 ἱρωσύνας
693 718 796 774 δύο,
850 719 958 770 Διός
995 734 1039 762 τε
1076 719 1414 774 Λακεδαίμονος,

96 895 159 937 σέϊ
179 892 296 936 οὐδὲν
315 905 416 935 recte
435 897 752 948 interpretantur.-

97 956 160 1003 (μα’
187 953 350 992 Perseum
374 957 577 1003 cognatione
615 956 754 991 minime

95 1013 281 1060 attingunt
302 1025 332 1049 s.
354 1014 416 1061 qui
433 1011 484 1049 nil
505 1012 754 1050 communeha-

95 1068 173 1104 bent
219 1081 296 1105 cum
342 1068 478 1107 Perseo.
555 1068 666 1104 Conf.
719 1068 751 1116 Ι,

96 1122 198 1164 142:
229 1123 482 1178 ὁμολογέουσι
509 1121 608 1164 nato?
630 1126 752 1177 γλῶσ-

95 1192 171 1220 σαν
189 1176 319 1221 ου’δέν.

338 1272 430 1323 Cap.
450 1271 532 1316 LV,

154 1345 178 1390 ὅ
194 1365 230 1389 τι
253 1348 306 1400 δὲ,
326 1348 452 1397 ἐόντες
471 1367 509 1391 κ.
535 1366 567 1390 τ.
582 1351 645 1399 λ.]
675 1352 700 1388 i.
715 1364 750 1390 e.

97 1419 158 1444 cur
175 1419 274 1454 vero,
303 1408 476 1459 Aegyptii
499 1422 576 1446 cum
604 1410 687 1457 sint,
719 1411 752 1445 et

97 1464 221 1514 quibus
243 1465 342 1502 rebus
362 1467 471 1514 gestis
490 1462 530 1515 (ὅ
549 1480 585 1503 τι
606 1461 753 1504 οἷποδε-

96 1517 285 1573 ξάμενοι)
329 1522 461 1560 Dorum
508 1534 619 1570 regna
661 1534 757 1572 cepe-

96 1578 183 1625 rint,
215 1591 257 1615 ea
279 1592 370 1616 nunc
390 1582 577 1628 mittemus,
599 1579 659 1615 secl
669 1591 758 1628 quae

97 1634 167 1671 aliz·
185 1648 252 1671 non
283 1639 522 1686 occuparunt,
556 1648 671 1672 eorum
713 1648 759 1672 ‹z-

99 1693 189 1728 ciam
249 1694 460 1729 mentionem.
544 1693 616 1729 Ubi
668 1705 759 1728 cum

100 1746 320 1797 Schweigh.
355 1756 393 1786 et
420 1741 537 1786 Gaisf.
559 1747 717 1785 exhibui
737 1743 759 1787 ’ὅ

99 1819 136 1842 τι
155 1817 223 1854 pro
246 1802 328 1853 ὅτι,
363 1819 452 1842 cum
480 1807 683 1842 relativum
713 1807 760 1841 sit

104 1873 318 1910 pronomen
358 1875 486 1913 neque
528 1862 759 1898 coniunctio.

103 1912 393 1967 ἀποδεξάμενοι
420 1931 441 1954 a
459 1918 575 1954 verbo
596 1913 761 1957 ἀποδεί-

103 1977 280 2012 κνυσθαι
290 1973 426 2010 eodem
446 1974 525 2010 fere
538 1981 661 2024 pacto,
684 1986 761 2024 quo

104 2030 142 2074 I,
168 2028 257 2070 174.
290 2029 357 2070 59.
385 2031 433 2077 ΙΙ,
466 2033 518 2070 36
548 2037 619 2067 etc.
685 2031 762 2067 Pro

105 2084 277 2124 τουτέων
307 2093 344 2123 et
364 2083 526 2126 ἀὐτέων
549 2086 638 2124 dedi
667 2083 764 2126 τού-

104 2156 186 2181 των
203 2149 240 2179 et
260 2138 407 2182 αὐτῶν.
462 2145 525 2180 Ex
542 2142 616 2180 hoc
637 2151 766 2180 autem

106 2200 192 2236 satis
221 2200 319 2235 bene
347 2201 474 2250 colligi
500 2213 609 2250 posse
640 2207 767 2238 censet

105 2254 339 2296 Dalilmann.
379 2255 522 2294 Herod.
550 2270 639 2308 pag.
672 2259 765 2304 111,

107 2314 186 2349 iam
203 2320 291 2349 aute
309 2313 550 2350 Herodotum
579 2315 761 2351 exstitisse

107 2370 233 2419 plures
248 2398 258 2417 ,
299 2371 364 2421 qui
382 2369 559 2407 historiae
587 2371 763 2408 scribun—

108 2425 178 2462 dae
206 2438 360 2476 operam
392 2426 585 2475 dederint3
624 2441 764 2480 quam—

108 2483 186 2529 vis,
218 2483 374 2534 quinam
405 2484 462 2519 illi
497 2483 658 2531 fuerint,
699 2486 765 2522 vix

110 2538 267 2586 dixeri53
311 2541 545 2576 Hecataeum
567 2542 607 2576 in
633 2554 767 2578 eorum

111 2608 273 2634 numero
293 2596 406 2632 fuisse
426 2597 620 2648 probabile
645 2605 712 2635 est.

333 2699 426 2748 Gap.
455 2699 551 2736 LVI.

175 2765 297 2818 Γέρεοι
324 2763 367 2805 δὲ
390 2762 439 2815 δὴ
470 2762 564 2805 τάδε
584 2781 620 2805 κ.
654 2781 684 2804 τ.
715 2767 768 2815 λ.]

115 2824 172 2859 De
201 2824 323 2861 forma
353 2822 466 2876 γέρεα
503 2823 605 2862 conf.
634 2822 770 2861 Matth.

809 896 875 934 Gr.
898 895 963 933 Gr.
984 907 1070 945 pag.
1102 895 1208 944 1873
1238 893 1286 931 de
1315 893 1464 944 signifi-.-

810 954 958 989 catione
979 951 1084 990 conf.
1105 958 1201 989 nott.
1223 950 1271 988 ad
1282 952 1345 999 IV,
1369 953 1464 991 161.

808 1011 892 1046 Hoc
930 1009 1015 1045 loco
1050 1009 1150 1045 inter
1185 1009 1464 1059 Spartanorum

809 1078 945 1115 regum
964 1066 1097 1101 munia
1118 1063 1184 1113 (de
1205 1066 1340 1116 quibus
1354 1065 1465 1115 plura

810 1123 922 1172 Crag.
953 1120 1001 1158 de
1029 1123 1119 1158 Lac.
1150 1122 1297 1171 republ.
1328 1123 1376 1168 II⁷
1407 1118 1466 1172 2),

806 1181 975 1230 primum
1004 1184 1280 1215 commemorat
1309 1176 1384 1214 duo
1405 1189 1469 1212 sa-

808 1235 975 1273 cerdotia
997 1231 1215 1286 (ἵρωσύνας
1226 1242 1267 1271 ut
1277 1235 1340 1281 IV,
1355 1230 1467 1283 161),

808 1300 1016 1344 utrumque
1035 1293 1177 1328 summi
1195 1292 1362 1328 numinis
1375 1319 1386 1338 ,
1410 1290 1468 1326 al-

807 1357 935 1387 terum
963 1349 1058 1386 Iovis
1088 1348 1283 1396 Laconici,
1314 1346 1361 1385 de
1390 1359 1469 1398 quo

807 1407 918 1458 plura
938 1405 1073 1443 afferre
1091 1418 1170 1442 non
1190 1404 1336 1453 habe03
1367 1402 1472 1456 quod

812 1465 916 1500 enim
943 1461 1123 1500 Larcher.
1166 1463 1343 1510 coniicit,
1381 1462 1471 1498 Λα-

811 1521 1031 1571 κεδαίμονα
1065 1521 1199 1556 Iovem
1242 1532 1320 1556 esse
1354 1516 1471 1556 Iovem

814 1581 1008 1624 tonantem,
1051 1589 1074 1612 a
1111 1577 1227 1613 verbo
1258 1578 1393 1614 λακεῖν
1414 1587 1471 1610 so-

814 1647 913 1681 nare,
945 1632 1113 1670 eundem
1136 1635 1252 1683 igitur
1272 1639 1387 1683 atque
1406 1632 1473 1666 Io-

815 1704 906 1729 vem
943 1689 1242 1741 ὕψιβρεμέτην,
1299 1689 1339 1725 id
1381 1700 1472 1724 sane

814 1748 981 1784 multum
991 1748 1122 1797 friget3
1143 1744 1316 1783 Boeckh.
1339 1744 1473 1794 (Corp.

814 1805 987 1854 Inscript.
1018 1805 1037 1840 Ι
1065 1816 1125 1840 nr.
1148 1801 1254 1843 1347
1279 1814 1355 1853 pag
1375 1801 1474 1848 658)

815 1868 901 1911 post
921 1861 1015 1896 allos
1043 1859 1189 1896 confert
1218 1858 1297 1896 Δία
1319 1853 1477 1908 Ἀγαμέ-

818 1931 968 1967 μνονα,
1008 1929 1098 1952 cum
1124 1914 1391 1951 Lacedaemon
1429 1914 1475 1950 sit

818 1972 930 2009 heros
944 2001 953 2019 ,
974 1979 1016 2008 ut
1025 1973 1309 2022 Agamemnon,
1332 1970 1384 2007 dii
1405 1983 1476 2006 au—

817 2036 899 2066 tem
928 2027 1089 2065 heroum
1117 2029 1364 2078 cognomines
1398 2039 1477 2064 esse

820 2087 987 2133 soleant,
1012 2092 1055 2122 ut
1076 2086 1190 2121 etiam
1211 2081 1313 2130 Ζεύς
1330 2079 1477 2134 Ἀμφι-

821 2138 977 2189 κτύων,
1020 2138 1122 2187 Ζεῦς
1145 2137 1396 2192 Ἀρισταῖος,
1446 2140 1478 2176 si

822 2197 980 2251 quidem
1008 2211 1057 2234 ex
1085 2197 1246 2234 deorum
1278 2197 1479 2247 cognomi-

820 2257 933 2293 nibus
953 2254 994 2291 hi
1013 2254 1146 2291 heroes
1166 2256 1241 2291 sint
1259 2256 1363 2302 nati,
1393 2260 1436 2289 ut
1457 2266 1478 2289 a

817 2313 979 2349 Miillero
1007 2313 1201 2362 Aeginett.
1235 2325 1275 2362 p.
1311 2313 1359 2351 31
1393 2323 1479 2346 ma—

817 2371 923 2407 xime
942 2370 989 2406 sit
1008 2367 1327 2406 animadversum.
1348 2368 1480 2404 Iovem

823 2421 1043 2476 Οὕρᾶνιον,
1063 2427 1169 2463 cuius
1183 2426 1343 2461 alterum
1355 2436 1480 2460 sacer-

823 2483 983 2530 dotium,
1014 2496 1082 2533 per
1119 2484 1267 2518 Domun
1307 2481 1477 2518 civitates

825 2542 970 2577 cultum
991 2553 1068 2576 esse
1078 2540 1318 2576 invenimus:
1341 2550 1480 2588 quam-

826 2610 944 2649 quam
963 2597 1100 2633 merito
1116 2596 1245 2632 mirari
1265 2595 1364 2631 subit
1383 2606 1481 2629 eun-

826 2654 917 2691 dem
935 2653 1141 2689 Miillerum
1161 2654 1270 2702 (Dor.
1286 2652 1303 2687 I
1323 2664 1360 2700 p.
1382 2649 1482 2698 391)

827 2711 894 2763 qui
913 2711 997 2757 fiat,
1042 2715 1084 2746 ut
1113 2708 1214 2760 apud
1233 2709 1352 2743 Dores
1373 2703 1484 2742 huius

826 2767 995 2804 numinis
1015 2767 1136 2803 cultus
1160 2766 1226 2802 vix
1245 2776 1335 2799 eum
1358 2767 1485 2798 teneat

827 2825 955 2862 locum
978 2853 988 2872 ‚
1046 2835 1162 2874 quem
1204 2819 1305 2872 apud
1342 2825 1486 2857 ceteros

1462 378 1559 410 Quam
1575 378 1692 413 partem

1460 411 1610 439 historiae
1624 411 1690 438 illo-

1461 453 1529 472 rum
1548 453 1654 480 regum
1670 445 1733 471 He-

1461 478 1587 505 rodotus
1604 477 1658 505 sibi
1672 481 1733 505 tra-

1411 511 1598 573 3512321111111111
1620 519 1734 539 sumse-

1459 555 1485 573 τι
1501 566 1509 573 .

1465 704 1551 737 Quae
1569 702 1637 730 iura
1657 710 1720 728 mn-

1464 746 1598 772 nera-que
1614 744 1705 770 reges

1462 773 1684 806 Spartanorum

1463 805 1559 840 bello,
