1806 3181
445 112 530 153 674

853 105 1304 144 HERODOTI

420 216 741 273 δἈντιφήμον,
783 213 866 258 οὐκ
893 214 1085 270 ἐλείφθη.
1117 211 1202 257 ἀνὰ
1230 211 1391 270 χρόνον
1419 211 1466 256 δὲ
1495 209 1634 255 αὐτοῦ
1663 211 1783 275 οἱιόξς

445 285 660 341 ἀπόγονοι
694 282 922 339 γενόμενοι
962 279 1197 336 ἱροφάνται
1234 286 1322 325 τῶν
1351 281 1544 338 χθονίων
1571 281 1703 330 θεῶν,

447 353 656 397 διετέλεον
685 350 849 404 ἐόντες,
898 352 1087 407 Τηλίνεω
1129 348 1227 401 ἑνός
1255 366 1328 394 τευ
1356 353 1444 393 τῶν
1473 344 1706 402 προγόνων

414 417 722 476 4κτησαμένου
758 417 907 475 τρόπῳ
946 421 1110 474 τοιῷδε.

1163 415 1233 468 Ἐς
1272 417 1538 472 Μακτώριον
1576 411 1706 459 πόλιν

442 488 522 545 τὴν
549 486 659 540 νπὲρ
691 486 826 542 Γέλης
860 486 1095 542 οἰκημένην
1125 485 1293 567 ἔφυγον
1322 485 1478 540 ἄνδρες
1507 482 1704 534 Γελώων,

443 554 705 606 ἑσσωθέντες
732 554 869 598 στάσι.

925 552 1110 603 τούτους
1140 554 1201 595 ὠν
1229 553 1253 596 ὁ
1289 555 1468 609 Τηλίνης
1493 550 1706 606 κατήγαγε
1717 555 1761 589 ΞΟ

442 623 485 674 ές
517 622 670 678 Γέλην,
701 622 810 678 ἔχων
841 620 1049 677 οὐδεμίαν
1081 619 1253 676 ἀνδρῶν
1283 620 1481 675 δύναμιν,
1514 617 1602 662 ἀλλ’
1632 615 1707 671 ἱρὰ
1773 654 1784 669 ,

418 690 617 736 ὃτούτων
656 693 745 732 τῶν
785 692 917 732 θεῶν.

443 758 663 814 ἐκτήσατο,
693 761 822 801 τοῦτο
854 754 938 800 οὐκ
967 755 1047 811 ἔχω
1069 753 1197 798 εἶπαι.

1019 821 1082 866 ἐπ’
1115 818 1150 880 ᾦ
1179 839 1224 867 τε
1255 824 1298 866 οἱ
1328 821 1540 877 ἀπόγονοι
1569 818 1708 864 αὐτοῦ

445 838 580 878 συνος
618 825 702 869 έών
713 859 722 876 ,
760 825 972 881 κατήγαγε

977 688 1086 731 ὅθεν
1116 688 1162 731 δὲ
1192 685 1300 730 αὐτὰ
1331 687 1479 743 ἔλαβε,
1517 685 1546 743 ἦ
1576 684 1706 736 αὐτὸς

1256 755 1451 798 τούτοισι
1487 752 1524 798 δ’
1551 747 1616 797 ὧν
1642 753 1706 796 πί·

417 895 686 950 6ἱροφάνται
727 895 816 935 τῶν
857 895 976 935 θεῶν
1017 891 1203 934 ἔσονται.
1250 890 1412 947 θωῦμά
1439 906 1518 944 μοι
1545 883 1608 931 ὦν
1635 888 1787 932 καὶ25.

445 966 576 1005 τοῦτο
623 963 774 1017 γέγονε
812 960 923 1016 πρὸς
962 958 1016 1003 τοὶ
1044 957 1330 1015 πυνθάνομαι
1359 954 1713 1013 κατεργάσασθαι

390 1184 420 1230 1,
451 1185 478 1222 2
501 1195 538 1232 p.
571 1179 667 1221 506.
698 1179 1050 1229 Manuert.Ge0g1-.

392 1237 431 1276 d.
459 1239 526 1274 Gr.
554 1250 594 1273 u.
629 1238 743 1273 Rom.
767 1237 836 1282 IX,
856 1237 882 1275 2
908 1248 946 1285 p.
969 1235 1050 1276 345

390 1307 497 1346 seqq.
531 1290 860 1330 Raoul—Rochette
889 1293 1052 1328 Histoire

392 1350 441 1388 de
464 1350 654 1388 l’etabliss.
690 1348 728 1385 d.
750 1349 822 1385 ool.
844 1348 909 1384 Gr.
930 1349 983 1384 111
1012 1362 1051 1398 p.

391 1406 474 1447 247
493 1419 572 1458 seq.
595 1427 647 1433 —-
677 1406 722 1441 In
752 1417 857 1456 seqq.
889 1403 936 1441 ad
973 1399 1052 1443 οἷνα

392 1460 534 1515 χρόνον
564 1462 666 1500 conf.
695 1463 773 1500 citt.
807 1460 856 1498 ad
885 1461 964 1510 VH,
999 1463 1051 1501 10

394 1521 429 1565 ξ.
452 1522 490 1560 6.

451 1625 665 1679 ἱροφάνται
725 1629 806 1667 τῶν
872 1627 1052 1678 χθονίων

394 1687 533 1735 θεῶν]
565 1686 774 1722 Summum
803 1682 963 1721 indicari
991 1686 1051 1722 vi-

396 1742 505 1780 detur
514 1755 618 1779 sacet
621 1741 779 1789 dotium,
796 1754 915 1793 quum
927 1739 1051 1778 Athe-

395 1800 453 1837 nis
483 1812 636 1851 quoque
665 1798 707 1834 in
725 1799 911 1849 mysteriis
932 1798 1052 1835 Eleu-

395 1856 497 1894 siniis
518 1856 734 1907 principem
752 1855 851 1891 inter
873 1854 1052 1892 sacerdo-

395 1919 450 1950 tes
460 1913 589 1949 locum
606 1917 752 1949 teneret
766 1909 786 1950 ὁ
797 1906 1052 1962 ἱεροφαντης-

388 1969 501 2006 Conf.
531 1968 774 2007 Greuze1.iu
796 1968 972 2018 Symbol.
1000 1969 1052 2005 IV

387 2038 476 2076 pag.
502 2022 597 2066 482.
654 2026 705 2061 At
732 2025 799 2076 qui
825 2024 966 2062 fuerint
1008 2023 1050 2064 οἱ

388 2078 545 2133 χθόνιοι
571 2079 685 2129 θεοὶ,
721 2081 855 2118 merito
877 2094 1046 2133 quaeras,

390 2139 492 2184 Quos
512 2134 788 2187 ’ὑποχθονίους
802 2150 831 2174 s.
846 2142 1049 2189 καταχθο-

390 2194 503 2239 νίους
516 2192 627 2229 fuisse
643 2194 831 2240 coniicias,
853 2193 900 2230 ad
913 2207 1050 2231 arcana

393 2248 583 2303 quaedam
603 2260 707 2285 sacra
732 2249 947 2286 referendos
976 2251 1049 2287 nisi

395 2308 444 2344 ob
465 2304 622 2342 Pindari
643 2302 772 2342 Schol.
799 2303 846 2341 ad
870 2304 1047 2356 Pyth.11,

391 2365 466 2410 27,
497 2363 563 2398 ubi
590 2361 832 2399 Dinomenen
849 2392 859 2410 ‚
895 2363 1049 2399 Gelonis

391 2426 539 2470 patrem
553 2447 563 2466 ‚
605 2419 670 2469 qui
699 2430 804 2455 sacra
824 2419 862 2454 in
881 2418 1050 2456 Siciliam

394 2476 570 2522 attulerit,
580 2474 691 2511 fuisse
700 2475 862 2525 legimus
873 2479 959 2513 ταῖν
977 2479 1050 2514 θε-

397 2535 462 2571 αῖν
475 2526 730 2583 ἱεροφάντην,
749 2531 820 2568 hoc
831 2545 980 2583 quoque
992 2533 1051 2568 lo-

396 2601 441 2625 co
461 2588 620 2638 intelligi
632 2588 740 2624 malis
752 2587 903 2626 Cererem
915 2595 950 2625 et
961 2587 1051 2625 Pro-

395 2646 584 2694 serpinam,
598 2657 714 2697 quam
726 2637 924 2697 utramque
940 2644 1053 2682 deam

398 2714 420 2738 a
439 2701 575 2740 Siculis
589 2703 792 2754 praecipue
811 2703 953 2740 cultam
973 2715 1051 2740 esse

966 2855 985 2879 fl

1105 1191 1221 1216 nemo
1247 1178 1377 1215 nescit.
1436 1175 1552 1227 Apud
1580 1173 1762 1227 Sophocl.
1788 1194 1798 1201 ’-

1107 1234 1203 1274 Oed.
1227 1234 1307 1271 Col.
1334 1232 1439 1274 1464
1458 1231 1572 1272 Both.
1604 1229 1764 1284 χθόνιαι

1107 1290 1201 1332 θεαὶ
1223 1298 1310 1329 sunt
1329 1289 1475 1328 Furiae.

1169 1403 1342 1454 Τηλίνεω
1367 1397 1457 1449 ἑνός
1481 1415 1547 1442 τευ
1567 1416 1649 1441 των
1664 1416 1764 1454 προ-

1107 1456 1282 1527 γόνων]
1310 1462 1356 1497 In
1376 1459 1566 1497 Sancmfti
1585 1457 1672 1496 cod.
1693 1471 1782 1496 ex·-v

1108 1524 1180 1554 stat
1218 1513 1307 1563 ένος
1335 1518 1408 1555 τοῦ
1442 1531 1536 1555 των.
1594 1514 1766 1566 Τηλίνης

1106 1572 1212 1610 haud
1239 1574 1316 1610 scio
1347 1586 1396 1609 an
1414 1571 1488 1609 hoc
1515 1573 1600 1610 loco
1620 1585 1764 1609 nomen

1107 1631 1154 1667 sit
1184 1630 1466 1680 appellativum,
1500 1642 1577 1681 quo
1600 1628 1682 1666 Tela·
1707 1630 1765 1665 in-
1793 1660 1795 1662 .

1108 1686 1208 1723 sulae
1228 1686 1344 1723 incola
1362 1699 1392 1722 s.
1417 1684 1502 1722 Telo
1522 1685 1691 1723 oriundus
1701 1685 1766 1721 in—
1801 1719 1806 1729 ,

1105 1742 1266 1780 dicetur.
1329 1741 1550 1780 Mactarium
1579 1741 1765 1793 oppidum
1800 1751 1806 1759 ¹

1103 1813 1202 1836 unus
1230 1805 1418 1836 memorat
1438 1797 1653 1850 Stephanus
1682 1799 1766 1851 By·
1798 1812 1806 1840 ·,

1106 1857 1291 1895 zantinus.
1321 1857 1512 1893 Mannert.
1540 1857 1567 1894 l.
1596 1856 1623 1894 l.
1643 1856 1712 1902 IX,
1736 1857 1765 1896 2

1105 1926 1196 1964 pag.
1227 1911 1305 1953 441
1343 1926 1387 1949 eo
1414 1912 1501 1949 loco
1521 1912 1766 1964 probabiliter
1789 1954 1806 1965 .

1106 1969 1202 2006 iflud
1238 1970 1355 2006 situm
1383 1969 1497 2006 fuisse
1533 1976 1661 2020 putat,
1697 1966 1806 2005 ubi

1102 2039 1206 2064 nunc
1227 2025 1453 2077 oppidulum
1467 2025 1765 2064 Mazzarino.--·
1803 2046 1806 2054 ι

1103 2085 1149 2120 In
1160 2096 1244 2134 sqq.
1266 2082 1314 2119 ad
1336 2082 1452 2120 dativi
1473 2083 1638 2120 formam
1650 2077 1764 2120 στάσι

1105 2139 1206 2177 conf.
1228 2138 1365 2176 Matth.
1382 2140 1449 2176 Gr.
1470 2139 1535 2175 Gr.
1548 2140 1586 2184 ξ.
1607 2140 1661 2178 80
1681 2143 1763 2178 not.

1105 2199 1132 2236 2
1158 2210 1197 2246 p.
1230 2198 1325 2236 179.
1380 2196 1456 2231 Pro
1484 2193 1654 2234 τουτέων
1674 2192 1764 2231 dedi
1782 2190 1795 2202 ”

1103 2248 1254 2291 τούτων
1284 2258 1327 2288 ut
1364 2251 1445 2298 VII,
1479 2249 1568 2292 154.
1596 2271 1653 2278 -—
1698 2249 1764 2288 Ad

1103 2307 1308 2344 formulam
1320 2302 1377 2346 ἐπ’
1394 2300 1428 2359 ᾧ
1448 2320 1487 2346 τε
1506 2313 1688 2359 sequente
1699 2307 1764 2360 fu‘,

1104 2371 1189 2400 turo
1207 2363 1310 2402 conf.
1333 2364 1414 2411 Vn,
1436 2363 1513 2404 158
1523 2363 1590 2401 fin.
1604 2370 1640 2401 et
1651 2364 1764 2401 allata
1798 2371 1801 2379 ¹

1105 2419 1153 2457 ad
1191 2421 1266 2468 Vll,
1310 2419 1402 2460 154.
1437 2422 1583 2472 θωῦμα
1611 2421 1764 2472 reposui

1105 2490 1174 2527 pro
1205 2479 1340 2527 θῶμα.
1414 2477 1536 2514 Voces
1583 2473 1679 2529 πρός
1714 2472 1763 2515 τοὶ

1107 2547 1198 2570 cum
1234 2531 1454 2584 Schweigh.
1484 2534 1525 2570 in
1554 2535 1650 2572 Lex.
1679 2535 1762 2570 He-
1779 2524 1802 2567 ἦ

1107 2589 1188 2630 rod.
1211 2597 1310 2627 recte
1329 2591 1543 2640 intelliges:
1573 2589 1761 2627 secundum
1804 2635 1806 2638 ι

1106 2660 1168 2695 ea,
1211 2659 1299 2699 quae
1325 2646 1435 2686 audio
1461 2647 1487 2684 i.
1508 2659 1542 2684 e.
1563 2658 1667 2697 quum
1694 2657 1761 2682 au-
1797 2646 1801 2649 ’

1107 2704 1216 2742 diam.
