1789 3213
409 143 883 181 POLYMNIA.
942 143 1044 180 VII.

1271 146 1355 185 657

96 252 274 309 ἔμελλον
283 250 489 304 λάξεσθαι
501 249 690 308 ὀρχηδὸν
703 252 881 303 ἕκαστος
905 250 1009 296 δέκα
1027 250 1231 308 δραχμάς·
1259 251 1355 296 τότε

41 436 119 474 dita
133 450 226 475 voce
237 434 331 490 ὄρος
350 438 412 474 vel
430 439 580 476 omissa.
610 437 696 475 Vid.

39 494 248 545 interprett.
271 493 319 531 ad
340 492 561 546 Thucydid,
581 495 629 542 ΙΙ,
643 494 696 536 55

40 557 78 587 et
94 549 267 588 Boeckh.
296 552 337 587 in
368 558 615 589 commentat.
649 550 696 588 de

37 608 184 644 Lauriis
202 607 342 644 fodinis
356 608 396 643 in
410 608 696 645 commenmo-

39 664 125 701 ciet.
153 677 233 715 reg.
263 665 497 702 Berolinens.
529 665 635 706 1805
656 678 695 715 p.

37 721 91 760 86
102 733 183 773 sqq.
195 721 282 758 coll.
296 722 506 760 Oeconom.
523 720 693 758 Athenn.

36 777 55 812 Ῑ
73 790 113 828 Ρ·
135 780 212 818 331
235 791 342 831 seqq.
367 780 488 816 Kruse
499 779 626 815 Hellas
647 779 696 826 H,

40 835 58 873 ‘l
78 847 116 884 p-
131 836 200 875 26·
217 836 313 883 236,
333 836 470 887 quibus
493 835 556 873 Cr.
568 834 696 872 addit:

35 890 163 942 Nibby
192 891 335 942 Saggio
369 891 408 929 di
439 892 700 929 Osservazioni

35 959 148 998 sopra
172 949 361 985 Pausania
391 962 480 1000 pag.
504 952 554 990 16
589 962 696 1001 seqq.

35 1004 186 1041 Atticae
213 1017 324 1041 mons
354 1003 547 1057 hodieque
577 1018 696 1042 voca-

36 1066 98 1097 tur
134 1060 361 1098 Lauronoros
391 1075 421 1099 s.
459 1061 695 1099 Ilsavronoros

35 1116 135 1153 inter
163 1116 448 1169 Anaphlystum
476 1131 519 1154 ac
550 1117 697 1155 Thori-

36 1186 126 1210 cum
161 1172 266 1223 (sive
285 1187 306 1211 a
325 1182 439 1225 portu
458 1173 600 1225 Raphti
628 1188 697 1212 us-

36 1243 112 1282 que
128 1230 177 1268 ad
195 1231 380 1282 Legrina)
410 1245 479 1283 per
498 1232 697 1282 sexaginta

34 1287 157 1324 ferme
194 1287 315 1325 stadia
350 1295 540 1337 extensus,
578 1290 697 1340 inque

37 1343 204 1381 Sunium
250 1346 559 1395 promontorium
597 1345 699 1382 desi-

34 1413 145 1438 nens.
203 1401 277 1446 Qui
304 1401 502 1439 altitudine
529 1415 610 1439 non
635 1403 700 1438 in-

34 1458 152 1508 signis
170 1459 310 1496 multos
325 1465 455 1495 tamen
467 1457 608 1496 habere
620 1459 701 1495 fer-

36 1520 100 1551 tur
139 1515 253 1552 colles
293 1528 434 1568 eosque
473 1517 698 1567 praecipites

35 1577 150 1624 atque
171 1572 383 1621 continuos,
406 1587 426 1609 e
449 1574 584 1624 quibus
605 1573 698 1609 olim

35 1635 238 1679 argentum
269 1628 521 1678 effodiebant,
571 1628 696 1667 adhuc

35 1686 246 1737 conspicuis
283 1686 503 1723 fodinarum
530 1687 697 1737 vestigiis

35 1748 150 1794 atque
180 1743 364 1795 reliquiis.
434 1744 517 1780 Iam
546 1750 696 1780 mature

33 1796 129 1835 haec
148 1800 303 1836 metalla
318 1801 568 1848 exercebant,
598 1812 696 1852 quae

34 1853 304 1893 Themistoclis
333 1863 454 1893 aetate
487 1856 549 1893 vel
568 1857 697 1893 maxi-

32 1924 98 1948 me
117 1913 333 1962 viguerunt,
363 1912 430 1949 sed
451 1913 616 1950 Socratis
637 1920 696 1950 at·-

36 1981 111 2020 que
148 1967 416 2020 Xenophontis
456 1976 577 2006 aetate
616 1970 695 2006 iam

36 2024 293 2074 decreverant,
325 2026 598 2078 Strabonisque
627 2039 694 2062 ae-

34 2088 111 2119 tate
166 2081 278 2120 valde
337 2082 524 2119 diminuta
573 2089 693 2120 erant.

33 2139 210 2191 Namque
254 2137 524 2177 Themistoclis
571 2146 694 2176 aetate

33 2207 208 2233 annuum
235 2195 402 2233 reditum
421 2198 521 2233 intra
540 2197 694 2246 triginta

35 2259 73 2289 et
105 2252 356 2304 quadraginta
383 2254 526 2291 talenta
552 2254 694 2289 consti-

0 2285 119 2352 bisse
139 2309 387 2351 contendunt,
417 2311 499 2356 Qua
521 2323 570 2346 ex
585 2323 694 2346 sum-

33 2377 99 2402 ma
124 2365 207 2402 iure
228 2379 405 2417 quaeras,
440 2368 506 2418 qui
525 2367 695 2404 ducentas

33 2434 150 2459 naves
181 2422 243 2459 vel
272 2426 404 2459 centum
435 2424 494 2472 (ut
524 2424 586 2460 alii
599 2436 693 2474 pro-

35 2477 149 2529 dunt)
163 2485 354 2515 exstruere
369 2481 562 2530 potuerint
571 2478 691 2517 Athe-

35 2535 207 2583 nienses3
251 2534 354 2586 quod
393 2537 443 2572 ita
463 2538 582 2586 accipi
608 2538 692 2574 vult

34 2590 207 2631 Boeckh.
237 2592 277 2627 iu
299 2591 567 2629 commentatt.
586 2592 689 2630 laud.

35 2660 124 2698 pag.
162 2649 263 2695 119,
303 2655 345 2684 ut
367 2661 445 2684 non
473 2649 583 2684 unius
603 2655 690 2684 tan-

35 2710 118 2741 tum
139 2705 230 2741 anni
249 2704 389 2741 reditus
409 2704 457 2741 ad
470 2717 585 2742 naves
600 2717 691 2741 con-

36 2759 231 2798 struendas
242 2760 499 2813 impenderint
517 2759 584 2798 sed
603 2761 691 2811 plu-

92 2819 315 2856 Henono'r.
343 2820 411 2856 ΠΙ.

753 437 853 474 rium
873 450 1074 485 annorum,
1097 451 1186 474 cum
1205 439 1323 476 semel
1343 437 1413 475 de-

754 501 901 531 cretum
922 501 1036 542 esset,
1067 501 1109 531 ut
1137 496 1255 531 annui
1275 496 1411 532 metal-

751 551 879 588 lorum
898 549 1039 588 reditus
1060 552 1219 588 navibus
1235 559 1411 590 constru-

753 607 859 644 endis
877 607 1202 658 impenderentur.

810 663 969 715 ἔμελλον
1007 661 1201 712 λάξεσθαι
1237 659 1415 716 ὅρχηδὸν

752 719 914 768 ἕκαστος
961 719 1056 760 δέκα
1096 717 1300 774 δραχμάς]
1351 720 1415 758 Ad

751 779 918 815 formam
932 773 1124 825 λάξεσθαι
1143 776 1309 829 Hesych.
1327 779 1363 814 11
1375 791 1414 829 p.

753 834 859 876 424:
918 831 1140 881 λάξασθαι·
1205 831 1416 885 κληρώσα-

756 896 878 939 σθαις
913 890 991 928 vid.
1019 889 1157 928 Matth.
1186 892 1252 930 Gr.
1282 892 1345 928 Gr.
1376 905 1416 942 p.

751 948 846 995 471,
877 949 943 999 qui
970 947 1074 985 idem
1095 950 1133 994 ξ.
1155 951 1237 989 302
1264 961 1299 986 a.
1326 960 1416 999 pag.

753 1007 835 1045 602
875 1006 1093 1042 consulatur
1123 1004 1171 1041 de
1198 1018 1271 1041 usu
1312 1007 1416 1042 vocis

754 1060 927 1108 ἕκαστος.
945 1085 996 1089 -
1022 1057 1187 1113 ὀρχηδὸν
1217 1068 1416 1112 exponunt

752 1114 933 1168 ἡβηδόν,
974 1120 1128 1166 viritim,
1169 1119 1208 1155 in
1230 1120 1344 1163 viros,
1374 1125 1418 1156 ut

754 1173 857 1224 apud
876 1175 1059 1211 Plautum
1079 1181 1134 1212 est
1152 1175 1283 1213 Aulul.
1303 1176 1352 1222 Π,
1376 1178 1414 1224 1,

753 1233 821 1271 30.
850 1229 937 1268 vid.
965 1233 1129 1269 Glossar.
1158 1231 1303 1269 Herod.
1325 1232 1418 1269 Sui-

754 1285 820 1324 das
839 1289 876 1323 H
893 1301 932 1338 p.
955 1291 1049 1329 720.
1079 1287 1244 1339 Hesych.
1266 1289 1304 1324 H
1326 1301 1416 1340 pag.

753 1345 849 1384 792.
899 1344 1025 1382 Decem
1050 1345 1237 1383 drachmae
1257 1346 1420 1383 eWur-

754 1401 823 1436 mii
843 1402 1050 1439 rationibus
1071 1402 1278 1440 conficiunt
1306 1415 1416 1440 sum-

754 1469 860 1494 mam
902 1457 1068 1495 duorum
1095 1457 1251 1496 thalerr.
1280 1466 1317 1496 et
1345 1458 1417 1496 de-

756 1527 843 1550 cem
879 1527 997 1565 gross.
1027 1516 1106 1553 sive
1141 1522 1302 1568 quatuor
1341 1515 1417 1554 flo-

753 1583 863 1607 renn.
885 1578 922 1608 et
941 1575 991 1612 21
1017 1573 1187 1622 crucigg.
1244 1574 1307 1608 Ex
1336 1586 1414 1626 quo

752 1628 998 1678 probabiliter
1017 1628 1167 1666 definiri
1195 1642 1304 1680 posse
1319 1643 1414 1666 cen-

753 1691 810 1721 set
845 1683 1019 1722 Boeckh.
1040 1687 1063 1724 l.
1096 1687 1136 1734 l.,
1159 1687 1225 1737 qui
1254 1687 1413 1724 omnino

752 1741 865 1778 fuerit
885 1754 1034 1778 annuus
1063 1740 1204 1779 horum
1233 1744 1414 1780 metallo-

751 1810 840 1834 rum
878 1797 1020 1835 reditus
1046 1799 1112 1835 illa
1149 1805 1251 1836 certe
1276 1806 1414 1838 aetate.

751 1855 851 1890 Nam
882 1856 1037 1902 triginta
1057 1854 1151 1892 mille
1179 1857 1278 1892 cives
1299 1856 1415 1893 fuisse

751 1911 782 1947 si
801 1911 1008 1959 sumimus,
1051 1913 1133 1962 ipso
1161 1919 1315 1949 auctore
1334 1914 1415 1949 He·-

750 1966 884 2004 rodoto
916 1968 960 2015 V,
991 1969 1067 2016 97,
1105 1969 1172 2005 ubi
1194 1967 1272 2007 vid.
1300 1976 1412 2019 nott„

752 2025 876 2060 existit
896 2037 1046 2061 summa
1068 2027 1331 2076 quinquaginta
1351 2033 1412 2063 ta-

750 2080 941 2117 lentorum
974 2082 1053 2118 sive
1080 2083 1230 2130 68‚75o
1259 2081 1414 2120 thalerr.

753 2136 932 2185 (72‚384
973 2136 1127 2175 thalerr.
1167 2141 1195 2178 2
1230 2151 1350 2189 grOSS.
1392 2153 1414 2177 e

750 2195 922 2231 Wurmii
939 2195 1123 2245 ratione)3
1153 2195 1289 2245 viginti
1306 2196 1414 2234 mille

750 2251 851 2288 cives
883 2250 996 2288 fuisse
1027 2252 1057 2288 si
1095 2263 1237 2303 ponas,
1269 2253 1411 2290 talenta

750 2308 984 2352 efficiuntur·
1006 2307 1088 2359 ὅδὲ
1126 2308 1206 2346 sive
1258 2307 1410 2356 48,256

747 2362 900 2403 thalerr.
925 2367 945 2404 1
969 2376 1086 2414 gross.
1107 2377 1127 2400 e
1142 2366 1314 2402 Wurmii
1329 2366 1408 2402 cal-

749 2422 855 2458 culis.
931 2422 1066 2471 Itaque
1104 2422 1299 2471 probabile
1339 2429 1407 2471 est,

746 2490 920 2514 annuum
947 2476 1136 2525 reditmn,
1166 2485 1209 2515 ut
1229 2477 1406 2524 diximus,

746 2536 843 2571 intra
870 2535 1024 2583 triginta
1053 2541 1118 2570 aut
1155 2533 1405 2586 quadraginta

748 2592 956 2628 constitisse
989 2591 1143 2627 talenta.
1203 2591 1405 2626 Caeterum

746 2646 847 2685 hanc
885 2648 1135 2698 pecuniartun
1175 2659 1195 2681 e
1243 2647 1404 2683 metallis

747 2705 1054 2754 provenientium
1101 2701 1404 2739 distributionem

748 2761 904 2812 antiquo
945 2772 994 2797 ex
1031 2771 1139 2794 more
1159 2758 1299 2796 factam
1323 2771 1403 2797 esse

1076 2813 1130 2854 42
