1815 3181
68 279 136 299 cum
156 271 286 299 caeteris

68 305 223 333 exsulibus
243 307 281 345 [Ι2

67 339 108 365 64.
147 347 235 375 quem
255 337 312 366 slbi

67 380 102 399 re
127 372 200 399 itum
223 372 256 411 iq
273 379 326 408 pa-

67 405 156 432 triam
182 414 272 433 arnus
292 413 343 458 pa:
373 395 641 451 Ξτυράννων
686 394 1053 453 ἐλευθερώθησαν
1101 400 1164 441 οἵ
1185 397 1426 455 Ἀθηναῖοι.

67 447 139 466 rare
158 448 219 466 non
237 443 330 475 potue

67 474 147 507 rant,
167 476 235 500 astu
258 480 329 499 cou-

10 534 12 537 ,
67 504 162 532 ficere
174 506 322 533 nituntur.

66 539 164 574 igitur
187 542 218 566 et
233 542 311 566 tem-

89 574 149 600 lum
164 572 343 608 Delphicum

87 606 110 641 1,
129 605 171 633 5⁰.
191 605 218 640 2,
238 606 313 641 1811]

68 638 329 675 magnificentissi-

68 677 310 741 {neg'restautan-

405 154 487 194 102

806 153 1269 191 HERODOTI

402 277 485 318 χου
513 259 693 316 φονέες,
734 250 950 316 ἇπῆγηταί
989 275 1084 318 μοι·
1131 263 1198 305 δεῖ
1233 262 1280 306 δὲ
1323 263 1435 317 πρὸς
1469 263 1667 306 τούτοισι

403 328 463 372 ἔτι
493 326 730 382 ἀναλαβεῖν
758 326 839 370 τόν
867 326 967 371 κατ’
998 328 1132 386 ἀρχάς
1160 329 1236 386 ἤϊα
1265 330 1400 383 λέξων
1428 329 1572 386 λόγον,
1605 328 1666 382 ὥς

1491 397 1663 442 Ἱππίεω

401 461 753 518 τυραννεύοντος
779 464 851 506 καὶ
872 465 1272 522 ἐμπικραινομένου
1289 464 1562 523 Ἀθηναίοισι
1589 464 1665 510 διά

399 531 479 575 τόν
503 529 741 585 Ἱππάρχου
769 530 987 582 θάνατον,
1024 533 1367 590 Ἀλκμαιωνίδαι,
1413 532 1540 589 γένος
1575 531 1665 576 ἐόν-

399 616 468 651 τες
491 598 739 655 Ἀθηναῖοι,
784 600 857 643 καὶ
888 600 1124 657 φεύγοντες
1154 603 1530 657 Πεισιστρατίδας,
1570 599 1662 643 ἐπεί
1677 604 1720 641 45

400 683 445 711 τε
475 677 556 723 σφι
584 665 674 723 ἅμα
702 671 814 711 τοῖσι
851 668 1023 712 ἄλλοισι
1038 667 1284 725 Ἀθηναίων
1314 668 1482 725 φυγάσι
1513 683 1666 722 πειρω-

403 735 574 791 μένοισι
617 733 726 778 κατά
766 733 816 779 τό
861 736 1043 792 ἰσχυρόν
1083 736 1136 781 οὐ
1179 737 1424 793 προεχώρεε
1464 736 1666 787 κάτοδος,

401 801 510 846 ἄλλά
542 803 842 856 προσέπταιον
862 805 1077 859 μεγάλως,
1106 804 1370 859 πειρώμενοι
1399 803 1594 848 κατιέναι
1621 818 1666 846 τε

399 871 473 915 καὶ
503 870 768 926 ἐλευθεροῦν
811 869 890 922 τοὶς
913 871 1121 928 Ἀθήνας,
1162 873 1437 927 Λειψύδριον
1474 871 1525 915 τὸ
1557 870 1727 927 ύπὲρ50

402 939 620 995 Παιονίης
658 940 918 995 τειχίσαντες
929 952 941 962 ·

562 1120 656 1171 Cap.
671 1121 792 1157 LXII.

401 1178 467 1218 δεῖ
491 1173 825 1229 δὲ-άναλαβεῖν
855 1174 927 1217 τόν
951 1198 1006 1204 ——

345 1229 485 1288 λόγον]
516 1234 688 1271 Verbum
708 1229 1008 1285 ἀναλαμβάνειν

345 1291 404 1341 (in
437 1291 618 1329 narrando
657 1291 800 1341 aliquid
829 1302 1007 1337 resumere,

348 1348 461 1387 denuo
479 1349 635 1399 excipere
651 1350 799 1398 priorem
825 1348 1009 1384 narratio-

345 1404 440 1454 nem)
487 1405 671 1442 illustravi
714 1403 763 1442 ad
810 1400 1006 1441 Plutarch.

346 1460 536 1498 Alcibiad.
554 1473 644 1513 pag.
666 1463 760 1502 113.
780 1482 837 1488 -—
863 1459 926 1497 Ad
945 1461 1008 1497 lo-

348 1519 545 1555 cutionem
573 1515 645 1569 ἤϊα
680 1516 804 1565 λέξων
839 1517 941 1555 conf.
974 1517 1006 1564 1,

349 1572 430 1615 194
460 1581 497 1612 et
529 1572 579 1611 ad
613 1575 731 1611 verba
768 1571 822 1621 ὥς
861 1567 1011 1626 τυράν-

348 1644 434 1669 νων
480 1625 819 1681 ἒλευθερῶθησαν
863 1629 1009 1668 consul.

347 1686 486 1728 Matth.
507 1688 574 1724 Gr.
585 1688 651 1724 Gr.
672 1700 761 1739 pag.
775 1686 871 1727 664.
902 1687 1009 1723 Pau-

348 1743 387 1780 lo
408 1751 495 1780 ante
514 1737 620 1794 ἦσαν
646 1745 791 1781 restitui
810 1757 878 1794 pro
901 1742 1009 1782 ἕσαν.

348 1801 409 1837 De
436 1800 721 1848 Alcmaeomdis,
762 1800 1009 1837 celeberrima

350 1857 643 1908 gente‚pluri1na
655 1856 826 1894 disseruit
835 1854 1010 1896 Boeckh.

349 1912 464 1950 Pind.
483 1915 657 1965 Explicc.
687 1926 776 1965 pag.
798 1916 880 1954 300
903 1925 1012 1966 seqq.

351 1969 401 2006 ad
420 1969 534 2022 Pyth.
556 1971 638 2008 VII.

410 2076 629 2134 φεύγοντες
662 2081 1010 2132 Πεισιστρατίδας]

353 2137 465 2174 Conf.
484 2139 514 2186 1,
537 2137 602 2178 64.
623 2159 679 2165 —
699 2137 760 2174 Ad
779 2138 1014 2174 locutionem

353 2191 452 2232 κατά
472 2192 513 2233 τὸ
547 2191 707 2245 ἰσχυρὸν
726 2193 827 2231 conf.
857 2195 925 2244 IIIz
960 2193 1013 2234 65

353 2263 443 2301 pag.
486 2251 562 2290 118
604 2257 639 2287 et
676 2251 756 2290 675
788 2251 838 2286 Τ.
868 2252 924 2297 ΙΙ;
966 2249 1014 2286 de

354 2307 470 2344 verbo
501 2307 760 2357 προσπταίειν
796 2306 1014 2355 (offendere,

352 2363 487 2400 cladem
517 2363 687 2412 accipere)
725 2363 869 2403 Herod.
889 2365 919 2409 Ι,
942 2362 1010 2403 65.

355 2420 418 2467 VI,
449 2419 518 2460 45.
550 2421 616 2461 95.
656 2421 685 2466 1,
710 2422 759 2459 16
782 2426 853 2456 etc.
912 2417 1014 2455 Add.

355 2483 451 2513 nott.
473 2474 522 2512 ad
540 2474 733 2513 Plutarch.
756 2474 893 2526 Pyrrh.
926 2488 1014 2526 pag.

363 2534 456 2574 166.
493 2554 550 2559 —-
588 2533 804 2568 Articulum
857 2530 887 2582 ἦ
926 2539 1015 2568 aute

357 2585 538 2635 κάτοδος,
559 2601 676 2639 quem
698 2601 819 2640 aeque
838 2589 1016 2638 ignorant

357 2646 485 2696 scripti
503 2646 587 2682 libri
607 2652 720 2697 atque
736 2645 846 2692 editi,
878 2657 1017 2696 quem-

359 2714 433 2752 que
465 2701 512 2738 de
539 2715 607 2739 suo
635 2703 842 2739 inseruerat
871 2700 1018 2738 Sohae-

359 2758 441 2804 fer„
466 2759 584 2795 abieci
613 2772 702 2795 cum
724 2764 881 2795 receutt.
910 2757 1018 2795 editt.

999 939 1204 984 §veneram
1246 942 1290 984 οἱ
1336 939 1673 996 Ἀλκμαιωνίδαι

1121 1119 1378 1174 Λειψύδριον
1409 1119 1454 1162 τό
1472 1120 1575 1174 ’ὑπὲρ
1597 1123 1728 1160 Παιο-

1064 1180 1155 1230 νίης
1175 1179 1437 1231 τειχίσαντες]
1469 1174 1726 1229 Λειψύδριον

1065 1249 1086 1272 e
1114 1238 1333 1274 Florentino
1365 1237 1461 1273 libro
1489 1242 1591 1272 recte
1620 1247 1726 1271 nunc

1066 1291 1214 1330 editum
1233 1305 1302 1344 pro
1337 1293 1430 1329 olim
1460 1293 1564 1341 vulg.
1586 1285 1727 1340 Λιψῦ-

1064 1349 1190 1402 δριον,
1219 1348 1424 1386 accedente
1446 1347 1577 1395 Suida,
1608 1347 1661 1384 T.
1689 1348 1727 1383 ΙΙ

1063 1420 1103 1457 p.
1130 1406 1212 1447 438
1235 1406 1321 1455 (ubi
1350 1407 1486 1443 citatur
1506 1404 1727 1441 Aristoteles

1062 1464 1120 1499 De
1131 1463 1315 1513 Republ.3
1336 1475 1425 1514 pag.
1443 1465 1496 1504 86
1505 1462 1728 1512 fragmentt.

1066 1518 1127 1556 ed.
1160 1520 1398 1569 Neumann.)
1443 1517 1635 1570 Hesychio
1673 1518 1726 1554 T.

1063 1578 1100 1612 Π
1129 1589 1168 1627 p.
1205 1575 1301 1617 493.
1343 1576 1394 1612 T.
1428 1576 1447 1611 I
1484 1588 1524 1626 p.
1559 1576 1668 1615 1366
1690 1579 1729 1610 et

1064 1633 1235 1684 Etymol.
1265 1646 1305 1683 p.
1340 1632 1442 1679 563,
1481 1632 1548 1668 ubi
1577 1629 1729 1668 additur

1064 1685 1184 1736 τόπος
1241 1689 1314 1738 τῆς
1361 1683 1556 1739 Ἀττικῆς.
1634 1688 1729 1724 Mox

1067 1758 1200 1783 omnes
1221 1744 1359 1786 codd.:
1402 1741 1446 1784 τό
1476 1741 1576 1794 ὑπὲρ
1599 1745 1729 1782 Παιο-

1067 1802 1169 1852 νίης,
1200 1801 1326 1853 quod,
1358 1814 1449 1838 cum
1470 1800 1625 1838 Paeonia
1643 1801 1730 1836 Ma-

1068 1857 1251 1895 cedoniae
1266 1855 1371 1908 regio
1383 1888 1392 1905 ‚
1411 1858 1573 1894 minime
1592 1855 1642 1893 ad
1655 1857 1731 1893 At-

1068 1916 1185 1952 ticam
1204 1917 1394 1966 pertinere
1414 1915 1542 1965 possit,
1562 1913 1730 1950 Wessel.

1067 1979 1104 2008 et
1139 1971 1326 2009 Valcken.
1365 1978 1558 2008 mutatum
1594 1970 1731 2007 volue-

1067 2035 1156 2065 runt
1193 2029 1233 2065 in
1268 2025 1313 2067 τό
1351 2025 1452 2078 ὑπὲρ
1494 2021 1730 2078 Πάρνηθος,

1070 2083 1175 2136 quod
1206 2082 1401 2121 Schaefer.
1434 2090 1472 2119 et
1506 2090 1592 2133 post
1620 2083 1731 2118 illum

1069 2141 1202 2177 Iacobs
1222 2142 1261 2176 iu
1273 2141 1386 2177 Attio.
1407 2151 1496 2190 pag.
1519 2141 1598 2179 333
1620 2151 1731 2175 rece·

1071 2198 1139 2247 pit.
1197 2199 1296 2233 Nam
1319 2196 1452 2233 Parnes
1471 2208 1594 2241 mons,
1617 2196 1747 2245 supra'

1071 2265 1189 2304 quem
1228 2252 1346 2289 hocce
1388 2253 1586 2289 castellum
1618 2251 1732 2288 fuerit

1070 2310 1206 2356 situm,
1254 2308 1304 2345 'ad
1344 2310 1512 2345 Atticam
1560 2309 1731 2344 maxime

1071 2366 1234 2416 pertinet
1249 2395 1258 2413 ,
1281 2364 1355 2418 quii
1375 2366 1454 2402 soil.
1475 2366 1656 2402 Boeotiae
1676 2371 1732 2401 est

1073 2423 1276 2472 contigua,
1317 2421 1522 2459 cohaerens
1549 2422 1613 2458 ille
1643 2421 1730 2473 qui-

1073 2478 1163 2515 dem
1192 2492 1282 2515 cum
1311 2477 1538 2515 Cithaerone
1563 2477 1731 2530 indeque

1072 2548 1141 2586 per
1187 2548 1322 2586 agrum
1362 2534 1642 2572 Rhamnusium
1681 2533 1730 2570 ad

1072 2604 1178 2627 mare
1208 2605 1327 2643 usque
1355 2598 1562 2643 porrectus.
1618 2593 1730 2627 Nunc

1074 2661 1163 2684 eum
1202 2650 1312 2685 variis
1350 2648 1566 2686 nominibus
1613 2645 1732 2684 modo

1076 2704 1195 2742 Caslm
1214 2705 1387 2746 s.Kastia
1409 2704 1495 2752 dici,
1505 2702 1624 2740 modo
1637 2703 1733 2740 Ozia

1074 2774 1104 2797 s.
1126 2759 1265 2808 Νοεςὶα,
1286 2761 1403 2799 modo
1422 2758 1566 2798 Nochea
1580 2788 1590 2807 ,
1625 2765 1732 2796 notat
