1815 3181
364 166 418 204 12

757 162 1217 198 HERODOTI

363 273 443 316 εἶσὶ
471 274 574 315 αἵδε.
615 276 726 326 τρεῖς
750 269 829 325 μὲν
853 269 1015 325 ἡμέρας
1042 269 1300 322 προτιθέασι
1329 270 1407 313 τὸν
1435 269 1614 323 νεκρόν·

362 342 434 383 καὶ
455 345 642 383 παντοῖα
666 339 901 393 σφάξαντες
921 335 1065 391 ἱρήϊα,
1092 334 1361 392 εὐωχέονται,
1393 337 1613 390 προκλαύ-

363 421 510 460 σαντες
537 411 710 463 πρώτον
722 422 731 430 ·

305 589 329 623 η
362 569 495 619 Νάξος
539 565 848 621 εὐδαιμονίῃ
879 581 957 605 των

304 624 438 678 νήσων
458 626 662 678 προέφερε.
708 623 809 660 Add.
828 607 874 669 V
889 625 956 663 31.

305 687 370 725 81.
400 686 497 730 VIII,
528 686 619 722 111
657 680 811 717 Pindar.
840 678 956 730 Pyth.

303 742 365 787 lv,
394 740 470 781 491
505 736 635 790 (276).
674 759 730 764 -
777 738 957 773 Formam

301 795 586 847 προτιθέασι
626 795 665 830 in
714 807 792 845 seq.
836 794 957 842 attigit

302 852 433 890 Matth.
456 854 519 889 Gr.
541 853 605 888 Gr.
636 863 723 901 pag.
754 851 834 890 596
866 850 952 886 coll.

302 909 467 947 Grashof
495 910 555 944 in:
597 906 803 944 Schulzeit.
847 908 953 946 1832

300 980 386 1018 pag·
405 968 498 1007 972.
528 965 633 1001 Unus
646 962 838 1001 Sancrofti
858 962 953 998 liber

302 1026 538 1074 προτιθεῖσι.
586 1023 637 1058 At
673 1033 765 1056 mox
805 1032 950 1065 omnes,

301 1087 486 1132 quantum
515 1079 590 1115 scio
609 1108 618 1125 ,
647 1077 773 1127 scripti
793 1077 877 1111 libri
897 1090 952 1113 τι-

299 1141 419 1176 θεῖσι.
478 1134 586 1180 Quod
616 1135 701 1171 satis
722 1133 951 1169 documento

299 1201 372 1240 est,
405 1194 443 1229 in
465 1193 596 1228 talibus
618 1190 855 1227 Herodotum
874 1190 952 1225 mi—

299 1252 402 1286 nime
430 1250 498 1285 sibi
529 1249 752 1285 constitisse:
793 1253 854 1293 ut,
886 1246 952 1297 qui

296 1306 344 1343 ad
364 1319 480 1342 unam
508 1304 745 1356 eandemque
773 1316 951 1339 normam

296 1364 382 1399 talia
422 1363 572 1412 exigere
599 1362 738 1407 velint,
780 1373 946 1410 magno-

295 1433 383 1471 pere
402 1417 498 1455 mihi
518 1431 639 1455 errare
659 1417 869 1454 videantur.

351 1475 504 1515 ἔπειταν
529 1473 569 1515 δὲ
598 1471 798 1514 θάπτουσι
818 1489 945 1512 κατα-

296 1529 511 1578 καύσαντες
543 1528 570 1581 ἢ
601 1528 725 1577 ἄλλως
758 1532 810 1585 γῇ
847 1526 946 1581 κρύ-

296 1590 459 1638 ψαντες]
473 1591 516 1624 ln
537 1587 650 1635 hisce,
663 1595 705 1624 ut
724 1589 802 1623 iam
822 1600 945 1623 anno-

296 1647 385 1682 tavit
409 1646 651 1695 VVesseling.,
683 1644 945 1681 humationem

294 1703 340 1738 ab
375 1703 519 1751 ignium
554 1703 743 1752 sepultura
763 1703 854 1738 scite
884 1700 944 1738 di-

292 1760 446 1808 stinguit
467 1758 692 1795 Herodotus.
747 1761 844 1795 Nam
856 1772 943 1795 ver—

295 1816 384 1851 bum
405 1810 598 1863 θάπτειν,
630 1814 676 1852 de
697 1829 771 1867 quo
794 1817 945 1865 egregia

294 1879 412 1908 exstat
434 1871 704 1908 Hemsterhusii
733 1873 943 1923 Disputatio

293 1928 339 1964 ad
362 1927 603 1979 Xenophont.
615 1928 752 1979 Ephes.
765 1942 852 1979 pag.
864 1930 946 1969 202

292 1998 369 2036 seq.
392 1999 478 2021 cum
499 1987 646 2035 proprie
661 1986 783 2022 valeat
804 1987 943 2022 obruere

293 2040 456 2091 indeque
468 2041 567 2077 humo
594 2054 736 2091 corpora
760 2042 944 2093 defuncto-

292 2110 368 2133 rum
399 2098 558 2144 obruere,
588 2097 751 2146 humare,
792 2099 944 2145 condere,

293 2166 382 2189 mox
413 2155 532 2189 latiori
559 2167 669 2190 sensu
699 2168 854 2191 omnem
875 2168 945 2192 cn-

294 2209 398 2245 randi
418 2211 556 2246 funeris
573 2209 756 2247 honorem
774 2213 946 2262 comple-

294 2267 416 2312 ctitur,
433 2268 482 2302 ita
503 2273 554 2313 ut,
578 2268 643 2317 qui
663 2281 699 2304 v.
714 2282 745 2304 c.
759 2268 944 2304 cadavera

296 2323 566 2373 Aegyptiorum
601 2336 707 2359 more
754 2325 944 2372 condiant,

293 2392 413 2430 aeque
445 2379 617 2415 dicantur
637 2376 808 2419 θαιιτειν
830 2388 942 2433 atque

295 2436 330 2481 ii,
358 2437 422 2487 qui
444 2449 534 2485 rogo
556 2437 754 2485 imponant
772 2445 941 2474 mortuos

293 2499 405 2542 atque
443 2499 704 2529 concrement:
753 2493 854 2530 unde
883 2495 941 2531 vel

292 2547 463 2587 θάπτειν
483 2547 577 2599 πυρὶ
599 2547 732 2584 dicitur
751 2551 797 2585 ab
815 2551 942 2586 Aelia-

294 2618 340 2639 no
364 2607 406 2640 N.
431 2605 475 2641 Α.
498 2607 546 2651 X,
569 2607 634 2651 22,
655 2607 754 2652 aliis3
792 2608 871 2654 igne
892 2620 943 2643 se-

291 2661 396 2708 peliri
419 2674 437 2695 a
462 2662 570 2697 Floro
587 2662 651 2708 ΙΙΙ,
675 2663 943 2707 21,21,item-

294 2730 366 2766 que
397 2713 564 2755 θάπτειν
593 2716 712 2767 χθονὶ
742 2717 788 2753 dc
818 2718 943 2755 lauma—

294 2774 383 2809 h'one
414 2774 459 2808 ab
488 2773 659 2823 Euripid.
697 2774 845 2823 Suppll.
880 2777 941 2814 17.

772 405 943 449 ἔπειταν
973 405 1018 447 δὲ
1055 402 1274 447 θάπτουσι
1313 405 1612 450 κατακαύσαν-

1014 566 1109 602 Cum
1131 565 1245 616 igitur
1264 573 1343 603 tam
1362 567 1436 604 late
1445 574 1590 618 pateret
1598 581 1669 605 vo—

1014 623 1138 659 cabuli
1150 624 1217 670 vis,
1241 636 1397 660 omnem
1411 625 1526 661 ritum
1545 625 1586 660 iu
1605 624 1670 661 fu-

1012 680 1166 716 neribus
1197 680 1402 717 tractandis
1433 694 1668 733 omnemque

1012 742 1253 772 mortuorum
1301 750 1433 773 curam
1482 736 1667 785 indicans,

1013 793 1157 829 factum
1188 800 1263 840 est,
1302 800 1345 830 ut
1374 806 1531 844 corpora
1562 793 1667 831 dice—

1009 855 1140 885 rentur
1168 845 1420 897 θάπτεσθαι,
1449 849 1606 900 sepeliri,
1625 851 1667 887 in

1010 906 1145 957 quibus
1165 907 1244 943 sola
1265 907 1444 943 crematio
1453 908 1582 943 locum
1595 907 1666 944 ha—

1007 963 1152 1010 buerat,
1175 962 1342 999 necdum
1357 962 1479 1016 (quod
1490 964 1664 1014 plerum—

1008 1032 1083 1071 que
1124 1021 1397 1056 cremationem
1433 1020 1664 1071 excipiebat)

1007 1078 1176 1113 insecuta
1220 1077 1343 1114 fuerat
1389 1075 1560 1113 humatio
1600 1084 1665 1114 aut

1007 1134 1047 1169 in
1078 1131 1321 1184 hypogaeum
1352 1134 1516 1170 aliumve
1536 1134 1665 1170 locum

1009 1189 1216 1227 condendis
1246 1191 1413 1242 reliquiis
1435 1189 1664 1227 destinatum

1009 1245 1160 1283 delatio.
1198 1247 1284 1284 Vid.
1304 1248 1472 1284 Dorville
1492 1246 1540 1283 ad
1561 1245 1664 1283 Cha-

1007 1304 1067 1340 rit.
1100 1316 1187 1354 pag.
1219 1303 1313 1345 244.
1363 1302 1583 1341 Boissonad.
1614 1302 1663 1340 ad

1006 1358 1223 1397 Philostrat.
1275 1362 1447 1397 Heroicc.
1486 1374 1526 1411 p.
1565 1360 1663 1401 570.

1001 1416 1217 1453 Blomfield.
1244 1418 1284 1453 in
1312 1418 1475 1455 Glossar.
1506 1415 1555 1453 ad
1581 1417 1663 1452 Ae-

1000 1473 1120 1525 schyl.
1144 1475 1185 1511 S.
1208 1487 1241 1510 c.
1263 1473 1341 1510 Th.
1365 1476 1486 1514 1023.
1521 1473 1578 1510 Ac
1598 1486 1662 1509 re—

1002 1538 1060 1568 cte
1081 1532 1226 1567 Plinius
1247 1532 1295 1567 H.
1316 1533 1363 1567 N.
1383 1531 1463 1577 Vll,
1475 1528 1550 1571 54:
1582 1542 1662 1578 „se-

995 1588 1120 1638 pultus
1139 1588 1380 1637 intelligitur,
1404 1599 1558 1638 quoquo
1573 1599 1662 1622 mo—

1001 1644 1050 1681 do
1081 1643 1274 1681 conditus:
1292 1644 1455 1680 humatus
1473 1655 1564 1679 vero
1584 1641 1661 1679 hu-

999 1714 1064 1737 mo
1085 1702 1336 1738 contectusff
1353 1701 1457 1745 Quae
1477 1701 1507 1736 si
1527 1706 1661 1736 tenea-

999 1772 1096 1805 mus,
1120 1756 1222 1808 apud
1240 1756 1479 1793 Herodotum
1506 1768 1660 1807 quoque

1000 1816 1254 1865 intelligemus
1290 1814 1450 1851 verbum
1485 1808 1660 1851 θάπτειν

1000 1885 1112 1908 sensu
1132 1872 1276 1918 latiori,
1308 1883 1384 1921 quo
1419 1869 1467 1906 ad
1487 1869 1659 1921 quamvis

1000 1935 1242 1964 mortuormn
1291 1940 1423 1964 curam
1479 1927 1656 1976 pertinet,

997 1985 1083 2031 dici,
1096 1986 1270 2036 beneque
1292 1983 1380 2020 addi
1409 1996 1430 2019 a
1459 1989 1566 2033 patre
1594 1980 1658 2018 hi-

997 2043 1133 2079 storiae
1162 2042 1275 2078 verba
1297 2041 1456 2076 minime
1475 2051 1658 2089 superva-

999 2112 1089 2145 cua,
1139 2098 1206 2134 sed
1247 2096 1295 2133 ad
1322 2096 1530 2132 accuratius
1559 2093 1657 2131 defi-

1000 2153 1184 2192 niendam
1204 2155 1283 2191 vim
1294 2153 1400 2190 verbi
1413 2147 1585 2190 θαπτειν
1607 2149 1656 2187 ad

1000 2220 1207 2263 utrumque
1236 2211 1378 2246 funeris
1409 2221 1529 2259 genus
1567 2220 1656 2258 spe-

1002 2275 1170 2306 ctantem
1190 2267 1423 2303 necessaria:
1455 2262 1656 2303 κατακαύ-

1001 2338 1138 2371 σαντες
1172 2319 1200 2374 ἢ
1245 2321 1485 2373 κρύψαντες.
1553 2321 1656 2358 Scite

1000 2381 1122 2418 reddit
1150 2383 1303 2431 Lange,
1340 2377 1564 2416 vernaculus
1593 2378 1655 2413 in-

999 2446 1158 2489 terpres,
1234 2436 1336 2473 hunc
1384 2437 1424 2471 in
1472 2433 1653 2471 modum:

999 2494 1105 2543 „und
1135 2493 1289 2531 nacldzer
1317 2494 1488 2529 bestatten
1514 2492 1563 2528 sie
1590 2490 1655 2527 ilm

999 2552 1093 2597 also,
1108 2551 1191 2587 class
1211 2553 1260 2587 sie
1276 2549 1338 2586 ilm
1355 2549 1560 2585 verbrennen
1572 2546 1654 2583 oder

998 2608 1087 2644 auch
1124 2611 1162 2644 in
1202 2606 1262 2643 cler
1298 2605 1399 2642 Erde
1441 2601 1652 2653 begraben.“

998 2662 1380 2714 Schweighaeuserus
1428 2662 1652 2711 interpreta—

999 2727 1056 2756 tus
1079 2727 1154 2756 est:
1183 2719 1356 2767 „Deinde
1375 2717 1543 2769 sepeliunt
1562 2727 1649 2752 com-

999 2776 1134 2813 bustum
1183 2780 1247 2813 aut
1294 2778 1400 2812 ctiam
1445 2786 1513 2811 non
1562 2783 1651 2809 com-
