1870 3249
556 213 859 251 ERATO.

24 336 91 381 30
149 325 238 378 τὸν,
271 322 330 374 ὦς
363 325 427 380 εἴη
460 323 660 374 Ἱστιαῖος
700 323 724 366 ὁ
765 319 999 377 Μιλήσιος.

919 213 952 249 V
963 214 992 248 Ι.
1338 211 1421 250 26}

144 391 388 449 ἐζωγρήθη,
438 390 553 447 ἄχθη
593 389 806 446 ἀγόμενος
845 387 965 443 παρὰ
1003 387 1182 444 βασιλέα
1217 393 1423 442 Δαρεῖον,

145 461 168 505 ὁ
212 459 258 503 δὲ
296 456 390 502 οὔτ’
431 459 490 502 ἂν
530 460 666 502 ἔπαθε
716 455 855 501 κακὸν
902 455 1056 508 οὐδὲν,
1110 455 1276 501 δοκέειν
1310 456 1418 512 ἐμοὶ,

113 527 284 584 Ξοῖπῆκέ
315 524 354 569 τ’
386 526 442 570 ἂν
472 525 592 585 αὐτῷ
622 525 703 582 τήν
735 527 886 582 αἰτίην.
937 528 1023 567 ’νῦν
1054 523 1100 567 δέ
1130 541 1229 580 μιν,
1271 523 1428 568 αὐτῶν·

139 611 184 639 τε
217 593 388 638 τούτων
419 595 588 646 εἵνεκα,
627 594 700 638 καὶ
730 594 805 637 ἵνα
833 591 892 650 μή
926 592 1162 649 διαφυγών
1190 588 1314 645 αὖτις
1343 591 1415 649 μέ·
1429 599 1475 634 85

295 791 387 860 Cap.
409 790 556 830 XXX..

137 845 249 899 α’χθη
296 843 496 900 ἀγόμενος
516 847 537 897 ]
594 848 746 886 Similia

78 905 272 970 quaedam
292 905 417 943 attulit
436 905 746 956 wesseling.v1‚

79 961 157 1004 34·
190 957 316 1009 ἰόντες
333 959 470 1012 ‘lit-ow
501 962 547 1010 V,
568 961 621 1003 95
644 958 745 1014 φεύ-

77 1034 162 1073 γων
184 1014 384 1072 ἐκφεύγει.
414 1019 498 1069 VII,
529 1021 612 1059 220
643 1018 744 1071 σι’χε-

77 1080 178 1116 σθαι
209 1074 456 1129 οἰχομένους.
506 1074 618 1113 Conf.
647 1083 744 1114 nott.

77 1131 128 1170 ad
146 1133 210 1181 IV,
231 1136 301 1174 23.
344 1134 427 1170 Nec
447 1130 628 1169 dissimile
648 1132 744 1169 illud

77 1186 315 1242 αἱρεόμενον
342 1188 503 1229 ἑλέσθαι
524 1190 607 1238 VII,
632 1192 683 1230 10
705 1191 744 1236 §-

78 1249 97 1287 1
122 1254 160 1284 et
179 1247 261 1296 VII,
294 1249 368 1288 18·
413 1247 605 1317 διεξῆλθε
640 1241 745 1298 οἷπη-

73 1301 275 1356 γεόμενος.
312 1304 405 1353 VII,
443 1305 544 1344 109:
588 1299 663 1343 ἰων
686 1325 742 1332 —

39 1365 45 1369 ”
74 1357 240 1413 παρήϊε.

131 1433 152 1457 0
186 1415 230 1457 δὲ
260 1411 342 1458 ουτ’
365 1432 417 1456 αν
442 1414 570 1456 ἔπαθε
608 1431 736 1456 κακον

74 1468 196 1514 ουδὲν
219 1489 255 1514 κ.
277 1489 311 1513 τ.
332 1474 394 1522 λ.]
426 1472 489 1510 Ad
517 1489 538 1514 ο
569 1470 612 1512 δὲ
634 1474 738 1512 conf.

72 1532 172 1579 VI‚3
196 1538 234 1569 et
253 1530 303 1568 ad
322 1531 525 1582 particulas
547 1527 740 1570 ου’τε-τε

72 1588 186 1626 allata
216 1587 266 1625 ad
294 1589 358 1636 VI,
393 1590 430 1628 1.
480 1588 656 1625 Celerem
675 1586 738 1625 hic

72 1644 227 1684 adverte
257 1645 438 1682 orationis
466 1645 671 1687 transitum
692 1646 739 1682 ab

71 1715 149 1740 uno
171 1703 354 1751 subiecto,
380 1700 485 1754 quod
514 1709 667 1752 vocant,
690 1701 740 1739 ad

70 1760 256 1807 alterum,
286 1772 378 1797 cum
402 1757 451 1796 ad
480 1759 643 1796 verbum
664 1754 740 1798 οἷπ-

70 1818 102 1868 ἧ
103 1831 146 1856 κε
158 1818 320 1853 minime
329 1815 435 1852 idem
444 1817 634 1866 pertineat
645 1817 739 1853 sub-

70 1874 215 1910 iectum
235 1871 259 1912 o‘
279 1869 335 1921 δὲ,
356 1871 423 1910 sed
443 1879 575 1909 mente
595 1886 646 1909 ex
665 1885 738 1909 an—

70 1928 334 1966 tecedentibus
346 1928 602 1980 repetendum
622 1927 647 1969 ὁ
655 1933 738 1968 Δα-

71 1989 197 2038 ρεῖος,
239 1986 346 2023 1111110
385 1992 518 2022 tamen
560 1998 737 2036 expresse

69 2043 193 2094 posito
220 2043 465 2094 pronomine.
523 2041 638 2087 Quod
675 2055 739 2080 se-

71 2100 202 2152 quitur
211 2102 288 2139 νῦν
305 2097 349 2139 δέ
370 2113 450 2150 μιν,
464 2097 504 2135 id
513 2099 625 2148 infra,
647 2099 738 2150 plu-

69 2157 171 2194 ribus
191 2157 408 2204 interiectis,
433 2156 617 2206 repetitur
638 2168 739 2209 quo-

69 2211 280 2252 dammodo
300 2211 361 2251 his
390 2213 537 2252 verbis:
588 2209 631 2252 τὸ
640 2210 737 2280 μὲν

68 2265 199 2310 αὐτοῦ
232 2272 357 2321 σῶμα.
426 2270 556 2322 Atque
600 2264 738 2309 αὐτων

67 2322 220 2367 τούτων
234 2328 275 2364 in
295 2325 354 2365 his
375 2325 552 2364 dedimus
570 2339 640 2378 pro
663 2343 734 2366 av-

67 2382 168 2424 τέων
188 2382 375 2424 τουτέων.
432 2385 491 2428 De
517 2385 594 2421 loci
614 2397 733 2436 argu-

67 2447 202 2478 mento
222 2442 275 2478 ita
308 2439 553 2480 Valckenaer:
620 2438 732 2489 „Ista

65 2499 200 2536 nititur
228 2498 408 2539 Historicj
435 2497 599 2549 suspicio
619 2497 733 2549 inge-

66 2556 132 2592 nio
152 2554 334 2592 clementi
351 2555 458 2591 Darii
478 2555 588 2605 regis,
609 2554 732 2592 bene-

66 2612 244 2650 ficiormn
284 2624 437 2662 semper
473 2612 656 2649 memoris
696 2618 734 2649 et

69 2669 154 2720 lege
202 2670 408 2706 Persarum
443 2664 732 2718 humanissima,

66 2728 173 2763 cuius
192 2727 257 2762 ille
286 2725 400 2763 fuisse
420 2723 572 2763 videtur
601 2725 733 2762 obser-

66 2784 318 2820 vantissimus.
360 2783 486 2819 Grave
504 2782 649 2818 censeri
664 2795 732 2833 po-

67 2846 163 2878 terat
182 2840 341 2878 Histiaei
353 2838 550 2888 delictum,
571 2837 638 2876 sed
657 2837 732 2877 hoc

804 789 916 828 facile
936 788 1159 829 redemisset
1183 788 1332 839 ingenti
1351 788 1474 825 bene-

803 847 928 897 facto,
957 860 1034 900 quo
1055 860 1190 898 regem
1207 847 1303 884 olim
1323 852 1360 883 et
1376 846 1474 882 Per-

803 917 863 943 sas
884 918 905 941 e
924 903 1086 957 Scythia
1105 904 1290 956 profugos
1323 909 1473 939 macta-

802 969 930 1000 verat:
960 975 1070 999 more
1090 974 1159 999 suo
1187 965 1316 1011 gratus
1336 960 1473 996 Darius

802 1019 848 1069 V,
883 1021 932 1058 11
965 1017 1144 1057 beneficii
1172 1017 1403 1054 meminerat
1432 1017 1474 1053 in

802 1089 842 1112 se
869 1075 1016 1126 collat'13
1053 1074 1291 1126 tandemque
1329 1074 1474 1110 mortui

801 1130 1059 1170 honorificam
1080 1144 1245 1199 quoque
1255 1131 1346 1167 fecit
1356 1143 1472 1166 men-

801 1190 972 1238 tionem,
1027 1204 1082 1236 ως
1119 1184 1267 1240 ἅνδρός
1292 1183 1472 1255 μεγάλως

800 1244 937 1302 ἑωυτῷ
958 1260 999 1285 τε
1019 1244 1090 1286 καὶ
1113 1244 1296 1299 Πέρσῃσι
1312 1239 1470 1296 εὐεργέ-

798 1317 885 1344 τεω.
943 1304 1155 1354 Egregiam
1185 1303 1392 1339 Persarum
1412 1301 1470 1337 le—

797 1373 890 1410 gem
909 1362 1049 1398 merito
1049 1333 1263 1398 ”collaudat
1281 1356 1470 1396 Herodot.

795 1418 827 1465 I,
857 1420 950 1466 137,
985 1429 1157 1470 quocum
1186 1416 1288 1454 conf.
1308 1414 1470 1453 Diodor.

797 1474 879 1513 Sic.
904 1475 991 1522 XV,
1026 1477 1090 1515 11.

794 1533 866 1579 IX,
889 1534 943 1573 32
964 1531 1030 1571 fin.
1054 1538 1092 1569 et
1111 1529 1352 1569 Aristid.111
1373 1542 1465 1581 pag.

798 1586 894 1630 419.
953 1589 1127 1646 Solitum
1157 1594 1288 1624 autem
1307 1587 1473 1624 Datium

797 1645 927 1683 animo
962 1652 1072 1697 grato
1094 1647 1332 1682 Graecorum
1354 1645 1471 1680 etiam

795 1703 837 1739 in
857 1716 897 1739 se
918 1703 1056 1740 collata
1066 1701 1254 1740 beneficia
1275 1699 1470 1738 recordari

798 1758 1033 1798 documento
1082 1767 1172 1797 sunt
1210 1756 1466 1806 nemone-des,

798 1817 989 1868 Syloson‚
1020 1817 1139 1865 coes,
1170 1817 1360 1853 Histiaeus
1381 1815 1468 1851 alii-

797 1886 873 1925 que
906 1874 975 1923 [et
1007 1871 1248 1922 Metiochus‚
1286 1870 1468 1909 Miltiadis

795 1930 895 1966 filius
924 1930 989 1979 VI,
1020 1929 1110 1978 41].
1167 1930 1215 1966 111
1234 1930 1368 1966 Asiam
1387 1935 1468 1965 tra-

796 1985 945 2034 ductos.
965 1986 1102 2038 quibus
1122 1984 1234 2024 valde
1246 1986 1371 2022 fuerat
1389 1986 1468 2022 ira-

793 2049 854 2080 tus
871 2073 881 2091 ,
911 2044 1147 2081 Eretrienses
1168 2043 1466 2080 clementissime

793 2101 968 2139 tractavit
1006 2107 1044 2137 et
1081 2100 1271 2146 Milesios:
1319 2098 1465 2137 Herod.

793 2157 859 2206 Vl,
884 2151 977 2198 119.
998 2159 1090 2202 120.
1123 2155 1205 2195 Sed
1226 2155 1359 2207 magni
1380 2158 1465 2193 aui-

793 2214 849 2251 mi
870 2211 1148 2264 documentum
1169 2214 1327 2266 praebet
1352 2227 1464 2265 egre-

794 2271 916 2323 gium,
938 2268 1200 2324 undecunque
1220 2270 1380 2308 tandem
1392 2285 1464 2322 pe-

789 2329 908 2367 titum
936 2326 1092 2377 Aelian.
1119 2329 1166 2366 V.
1188 2330 1238 2365 H.
1268 2329 1333 2378 VI,
1369 2325 1461 2367 14.“

789 2384 892 2424 Add.
915 2385 1033 2422 etiam
1049 2385 1133 2433 VH,
1160 2382 1253 2426 194.

846 2440 915 2481 καὶ
935 2441 1004 2482 ἵνα
1024 2438 1080 2494 μὴ
1104 2437 1347 2494 διαφυγών]
1394 2453 1462 2489 „ne

789 2499 914 2537 salvas
935 2498 1137 2537 evaderet.“
1184 2500 1242 2536 Ita
1256 2497 1461 2549 Schweig-

789 2554 921 2593 haeus.
941 2554 1155 2594 Larcherus
1166 2556 1437 2606 interpretatur
1448 2567 1459 2592 :

791 2613 859 2661 „de
896 2614 1055 2664 crainte,
1092 2614 1158 2664 qu'
1199 2613 1397 2663 &chuppam
1435 2613 1460 2649 ιὶ

790 2670 829 2708 la
842 2670 1010 2720 punition
1023 2671 1049 2690 “
1079 2668 1155 2707 hoc
1174 2667 1320 2706 addens
1333 2699 1342 2716 ‚
1363 2667 1459 2705 haec

789 2727 950 2763 minime
961 2725 1069 2764 reddi
1079 2739 1188 2778 posse
1199 2738 1209 2762 :
1230 2725 1301 2774 „de
1309 2727 1457 2773 crainte,

790 2784 856 2834 qu'
897 2787 1011 2834 ayant
1035 2786 1115 2834 pris
1146 2783 1183 2820 la
1197 2782 1335 2833 fuite“.
1398 2784 1456 2819 De

788 2839 1030 2892 Artapherne
1044 2835 1212 2894 ὑπάρχῳ
1232 2837 1310 2877 vid.
1320 2839 1366 2888 V,
1388 2839 1458 2882 25.

1050 320 1108 362 Εἰ
1137 319 1218 375 μέν
1247 336 1331 364 νυν
1362 318 1429 371 ὦς
1479 328 1592 356 Sardes
1612 329 1705 356 abdu-

1481 368 1563 390 ctum
1589 362 1755 402 Artapher-

1482 405 1548 430 nea,
1561 396 1656 424 inscio
1680 397 1699 423 i·
1700 404 1755 423 ινι-

1481 434 1577 466 t01que
1598 430 1705 465 Dario,

1477 468 1579 491 necat.

1477 502 1558 543 451

1123 1475 1172 1522 H,
1203 1476 1273 1515 28.
1302 1474 1477 1510 Pausan.
