1806 3181
214 492 314 538 184

43 557 197 590 Quantum
221 556 315 585 homi<

42 599 111 618 num
130 600 288 630 num—erum

43 628 75 652 et
92 633 180 662 quam
197 633 302 654 numu.-

375 109 459 149 72ss

764 107 1233 146 HERODOTI

374 215 499 273 πόρῳ
539 212 746 270 μάλιστα,
786 212 988 271 Πάμμων
1030 214 1238 272 Σκύριος.
1295 218 1552 274 πανημερὸν
1590 219 1638 263 δὲ

374 283 591 332 nichomas·
629 283 673 326 οἱ
711 281 952 338 βάρβαροι,
997 282 1230 336 ἐξανύουσι
1267 289 1342 341 τῆς
1379 287 1639 343 Μαγνησίης

372 351 516 408 χώρης
537 350 607 394 ἐπὶ
634 350 843 408 Σηπιάδα
870 367 915 395 τε
935 351 1008 396 καὶ
1037 351 1114 396 τὸν
1143 354 1340 408 αἰγιαλόν
1367 353 1445 398 τὸν
1473 352 1632 410 μεταξύ
1649 360 1693 396 15

373 419 660 475 Κασθαναίης
688 433 733 462 τε
765 416 918 471 πόλιος
947 418 1076 464 ἐόντα
1102 421 1177 465 καὶ
1204 421 1426 476 Σηπιάδος
1454 421 1594 478 ἀκτῆς.

373 735 567 791 Σκύριος]
591 738 741 792 Scyrius
760 740 786 777 i.
796 753 830 778 e.
856 740 972 791 Scyro

318 796 506 842 oriundum
547 809 645 849 quae
684 797 808 835 insula
838 809 974 835 saxosa

318 861 355 891 et
376 866 506 904 aspera
538 852 706 905 indeque
727 855 843 891 etiam
863 855 973 891 steri-

315 912 360 948 lis
392 924 412 946 e
446 911 602 960 regione
625 911 703 960 *fuit
742 912 974 962 Magnesiae,

315 980 385 1018 per
401 974 618 1017 temporum
638 966 841 1005 decursum
856 969 977 1005 Dolo-

316 1037 424 1075 pum,
455 1025 718 1074 Pelasgorum,
749 1023 976 1061 Chalciden-

318 1081 430 1129 sium,
450 1079 745 1118 Atheniensium
761 1080 896 1119 ditioni
907 1080 978 1118 ad-

317 1136 430 1176 dicta.
489 1139 599 1174 Nunc
645 1140 774 1175 vocari
821 1144 978 1174 narrant

320 1193 437 1231 sciro.
468 1194 554 1232 Vid.
576 1193 796 1233 Tzschuck.
819 1194 868 1231 ad
878 1195 970 1231 Mel.

318 1251 365 1298 Π,
389 1253 414 1291 7
436 1252 473 1296 ξ.
495 1253 520 1291 9
542 1257 636 1290 nott.
669 1264 806 1301 exegg.
830 1265 870 1302 p.
892 1253 971 1291 671

318 1319 426 1358 seqq.
483 1309 585 1344 Intra
614 1307 781 1360 Scyrum
810 1320 855 1344 ac
888 1309 974 1343 Ma-

319 1364 473 1414 gnesiae
513 1370 653 1400 terram
708 1365 971 1401 continentem

318 1420 520 1470 scopulum
536 1421 658 1469 illum,
680 1422 741 1457 cui
753 1420 925 1471 formicae
946 1433 977 1458 S.

318 1475 513 1526 ,Myrmecis
528 1490 684 1526 nomen,
705 1478 818 1514 fuisse
834 1478 978 1529 proba-

319 1533 394 1569 bile
415 1540 482 1570 est.

375 1591 446 1639 τῆς
476 1587 722 1640 Μαγνησίης
747 1583 878 1640 χώρης
909 1586 975 1627 ἐπὶ

318 1641 507 1695 Σηπιάδα
535 1660 570 1683 κ.
590 1661 622 1683 τ.
652 1645 715 1693 λ.]
755 1645 978 1682 Genitivum

317 1703 390 1752 τῆς
412 1704 551 1754 ΙΠαγν.
573 1697 704 1752 χώρης
717 1701 816 1738 refer
830 1701 879 1738 ad
891 1704 977 1751 Ση-

317 1753 457 1806 πιάδα,
479 1770 577 1809 quae
590 1757 639 1794 ad
658 1759 894 1807 Magnesiam
914 1771 977 1794 re-

318 1816 474 1864 gionem
494 1814 562 1864 (de
583 1827 658 1866 qua
677 1815 752 1852 vid.
771 1816 852 1862 VII,
877 1814 975 1863 132)

317 1872 512 1921 pertinuit.
572 1871 700 1921 Sepias
716 1884 737 1907 a
752 1872 854 1908 Mela
875 1872 977 1908 aliis-

317 1941 393 1979 que
450 1935 608 1965 vocatur
652 1928 974 1978 promontorium,

319 1983 423 2035 quod
453 1985 574 2036 Scyro
602 1985 748 2021 insulae
778 1998 799 2021 e
820 1985 976 2034 regione

318 2042 434 2077 Situm
455 2055 557 2077 nunc
578 2040 653 2077 dici
673 2042 766 2091 Cap.
789 2041 846 2078 St.
859 2042 974 2077 Gior—

320 2097 383 2146 gio
404 2098 592 2134 Mannert.
617 2097 731 2134 tradit
752 2098 821 2134 VII
840 2112 877 2148 p.
896 2097 977 2138 596

320 2154 382 2188 vel
413 2153 516 2202 Capo
561 2153 710 2190 Verlz'clez'
746 2166 774 2192 S.
811 2154 904 2204 Cap.
938 2154 980 2190 de

321 2207 530 2256 Monaster,
554 2215 596 2245 ut
625 2207 846 2249 Tzschuck,
874 2216 980 2246 notat

321 2263 371 2301 ad
401 2266 488 2304 Mel.
527 2266 575 2312 11,
605 2268 630 2305 3
653 2265 690 2310 ξ.
723 2267 741 2304 1
777 2277 866 2314 pag.
900 2267 978 2305 168

321 2334 424 2372 seq.,
459 2322 526 2357 ubi
558 2320 605 2358 de
637 2319 710 2358 hoc
736 2321 821 2357 loco
843 2322 979 2357 Persa-

321 2390 409 2413 rum
445 2377 552 2414 clade
582 2376 658 2426 (de
680 2390 755 2429 qua
775 2377 856 2423 Vll,
883 2376 977 2424 177)

321 2435 460 2484 insigni
504 2435 649 2485 reliqua
677 2441 850 2471 veterum
882 2432 977 2468 ass'e-

321 2498 458 2527 runtur
476 2491 705 2528 testimonia.
766 2491 890 2535 Quem
919 2490 979 2525 vel

323 2544 450 2598 ἄκραν
471 2548 531 2583 vel
554 2543 679 2597 οἷκτην
699 2547 760 2594 (ut
771 2547 884 2596 paulo
896 2552 980 2595 post

324 2603 426 2653 apud
460 2601 732 2654 Herodotum)
766 2602 840 2640 dici
870 2601 978 2639 vide-

326 2673 423 2706 mus,
438 2661 563 2709 prouti
584 2661 644 2697 vel
659 2660 783 2697 solum
792 2671 979 2710 promon-

328 2717 480 2764 torium,
501 2717 561 2753 vel
583 2729 648 2754 ora
667 2717 791 2754 omnis
802 2715 976 2754 adiacens

454 487 598 542 Μέχρι
626 485 706 542 μέν
734 503 819 530 νυν
846 485 1011 531 τούτου
1039 491 1122 531 τοῦ
1142 487 1290 544 χώρου
1318 490 1391 534 καὶ
1410 493 1637 546 Θερμοπυ-

374 552 496 608 λέων,
528 552 702 612 ἀπαθής
725 570 770 599 τε
799 558 949 600 κακῶν
978 555 1053 612 ἔην
1081 553 1105 600 ὁ
1136 555 1338 611 στρατός·
1365 557 1437 602 καὶ
1468 561 1637 613 πλῆθος

1035 753 1079 778 ac
1099 740 1224 779 vicina
1243 741 1479 792 intelligitur.
1500 741 1600 779 Hinc
1621 743 1693 793 τῆς

1036 798 1279 850 Μαγνησίας
1313 796 1414 850 πρὸς
1448 795 1575 849 ἄκραν
1619 795 1696 848 τήν

1036 849 1331 906 ὀνομαζομένην
1372 851 1564 905 Σηπιάδα
1606 854 1695 892 dicit

1036 911 1194 953 Diodor.
1206 913 1275 960 XI,
1291 915 1355 958 12,
1374 913 1441 948 ubi
1461 911 1694 949 conf.Wes-

1039 970 1173 1018 seling.
1232 970 1283 1005 Et
1319 967 1407 1005 vide
1455 967 1696 1005 Herodotum

1038 1026 1166 1076 ipsum
1185 1025 1266 1072 VII,
1290 1026 1367 1064 191
1381 1054 1391 1073 ,
1425 1025 1493 1061 ubi
1512 1023 1608 1061 haec
1629 1023 1697 1061 ad-

1038 1083 1185 1133 scripsit
1222 1081 1295 1118 Cr.
1334 1080 1695 1128 „Raoul-Rochette

1038 1140 1269 1175 Monumens
1289 1137 1425 1175 inedits
1445 1139 1464 1173 I
1483 1151 1572 1188 pag.
1596 1138 1649 1178 15
1673 1150 1696 1174 a

1036 1197 1132 1246 sepia
1162 1195 1264 1245 pisce
1299 1194 1339 1230 in
1371 1193 1546 1231 Thetidis
1583 1200 1696 1244 raptu

1036 1253 1136 1288 inter
1170 1251 1349 1287 attributa
1388 1251 1595 1301 conspicuo
1634 1249 1697 1287 di-

1038 1315 1144 1346 ctum
1165 1308 1366 1344 arbitratur
1381 1305 1455 1344 hoc
1475 1308 1575 1355 litus,
1591 1306 1696 1359 quod

1037 1365 1164 1402 nescio
1179 1377 1246 1402 cur
1261 1362 1351 1401 dicit
1372 1363 1402 1401 le
1423 1367 1564 1402 canton.
1598 1364 1697 1401 Cae-

1037 1428 1164 1459 terum
1196 1421 1298 1458 conf.
1334 1419 1426 1457 ibid.
1454 1433 1543 1472 pag.
1576 1423 1628 1461 16
1650 1419 1699 1457 de

1042 1477 1257 1524 Θετι-δείοις
1276 1484 1313 1515 et
1333 1476 1381 1514 de
1401 1478 1507 1515 cultu
1537 1476 1698 1516 Thetidi

1037 1535 1225 1572 tributo.“

1096 1588 1381 1638 Κασθαναίης]
1413 1590 1460 1624 In
1478 1589 1582 1626 libris
1604 1589 1695 1640 qui-

1037 1645 1201 1684 busdam
1250 1652 1370 1682 exstat
1414 1646 1695 1696 Κασταναίηςτ

1038 1703 1262 1740 confusione
1302 1701 1468 1739 crebrius
1500 1702 1633 1750 obvia,
1654 1708 1697 1738 ut

1039 1761 1213 1797 observat
1233 1756 1454 1795 Tzschuck.
1476 1757 1525 1794 ad
1543 1759 1632 1794 Mel.
1648 1760 1695 1806 ΙΙ,

1039 1820 1063 1857 3
1090 1818 1128 1861 §.
1152 1818 1172 1855 1
1195 1822 1291 1853 nott.
1314 1816 1413 1852 critt.
1434 1829 1473 1865 p.
1498 1817 1576 1855 176
1599 1827 1691 1866 seq.,

1042 1874 1109 1925 qui
1128 1873 1264 1909 merito
1286 1872 1444 1908 alteram
1471 1872 1698 1921 scripturam

1039 1937 1082 1966 ut
1102 1929 1356 1981 antiquiorem
1376 1928 1566 1978 praetulit.
1623 1928 1698 1973 Qui

1039 1985 1145 2023 idem
1164 1986 1190 2023 l.
1211 1986 1238 2022 l.
1269 1992 1305 2021 et
1331 1991 1426 2022 nott.
1451 1997 1588 2034 exegg.
1606 1997 1695 2035 pag.

1044 2045 1122 2083 170
1149 2048 1323 2080 veterum
1341 2042 1559 2078 testimonia
1578 2041 1696 2077 colle—

1040 2100 1095 2148 git
1126 2097 1265 2135 dehac
1289 2099 1383 2134 urbe
1399 2127 1409 2145 ,
1450 2110 1548 2149 quae
1577 2095 1695 2133 modo

1040 2153 1300 2201 Macedoniae,
1324 2153 1440 2190 modo
1472 2152 1693 2190 Thessaliae

1042 2211 1284 2257 adscribitur,
1326 2222 1518 2261 quamque
1557 2205 1696 2260 κώμην

1041 2274 1168 2303 narrat
1196 2267 1332 2304 Strabo
1361 2267 1417 2302 IX
1436 2279 1474 2316 p.
1499 2264 1578 2306 443
1607 2279 1637 2303 s.
1657 2280 1696 2317 p.

1042 2324 1123 2364 675
1146 2324 1187 2359 C.
1204 2323 1273 2359 sub
1296 2323 1403 2358 Pelio
1425 2329 1558 2359 monte
1573 2324 1697 2361 sitam.

1040 2378 1103 2415 Ad
1133 2380 1432 2429 septentrionem
1464 2378 1636 2429 Sepiadis
1656 2380 1698 2415 iu

1041 2436 1155 2472 maris
1176 2434 1344 2486 quodam
1367 2448 1531 2478 ‘recessu
1559 2437 1700 2473 iacuis-

1040 2506 1079 2528 se
1111 2493 1306 2542 probabile
1334 2499 1401 2530 est.
1443 2491 1553 2528 Conf.
1584 2493 1699 2529 Man-

1040 2555 1136 2587 nert.
1158 2549 1184 2585 l.
1201 2549 1226 2585 l.

1186 2639 1279 2688 Cap.
1305 2636 1552 2675 CLXXXIV.

1099 2711 1267 2768 ἀπαθής
1302 2730 1340 2755 τε
1375 2715 1540 2764 κακῶν]
1582 2714 1694 2752 Cous.
