1834 3258
431 241 911 280 POLYMNIA.
971 240 1074 278 V11.

1302 240 1387 280 493

91 361 260 406 Ξνικες,
299 349 379 407 τὴν
408 349 444 394 δ’
474 349 625 407 ἑτέρην
654 349 734 405 τὴν
762 350 978 406 βυβλίνην
1017 347 1259 405 Αἰγύπτιοι.
1301 348 1390 392 ἔστι

117 422 165 464 δὲ
193 418 299 463 §md
330 418 500 463 στάδιοι
528 418 571 470 ἐξ
597 417 788 474 Ἀβύδου
817 418 859 468 ἐς
894 418 974 474 τὴν
1013 416 1241 460 ἀπαντίον.

1300 417 1389 460 Καὶ

118 487 171 544 δὴ
200 486 459 544 ἐζευγμένου
495 489 576 529 τοῦ
600 484 767 542 πόρου,
797 483 1102 542 ἐπιγενόμενος
1129 483 1289 542 χειμὼν
1317 484 1388 541 μέ-

58 641 86 678 l.
112 641 138 678 l.
171 638 219 676 de
246 653 314 676 uno
354 645 506 675 tantum
545 638 726 690 loquatur

57 703 188 748 ponte.
247 696 372 742 Quem
409 697 536 733 virum
567 694 725 732 doctum

58 755 89 791 si
111 752 323 801 audiamus,
368 765 448 789 non
487 751 535 789 de
574 751 724 789 duobus

58 811 229 861 loquitur
274 809 491 847 Herodotus
531 810 722 860 pontibus,

59 866 127 904 sed
155 866 203 904 de
237 879 318 903 uno
337 873 490 904 tantum
508 894 518 907 ,
541 867 645 903 cuius
665 867 724 902 al-

58 931 182 961 teram
222 930 372 974 partem
398 922 631 970 Phoenices,
669 924 727 959 al·-

58 987 182 1018 teram
206 981 386 1032 Aegyptii
413 981 638 1026 struxerint3
672 981 725 1017 ita

59 1045 103 1075 ut
124 1037 172 1074 ad
192 1035 266 1088 τὴν
288 1035 360 1088 μὲν
383 1034 501 1088 οῒτὴν
515 1034 557 1076 δὲ
580 1038 724 1074 subau—

61 1095 141 1131 dias
154 1094 292 1145 μερίδα
306 1095 378 1145 τῆς
391 1090 593 1145 γεφύρηςτ
619 1093 723 1145 quod

58 1150 155 1188 mihi
186 1149 342 1203 quidem
375 1149 625 1187 vehementer
645 1149 724 1188 dis-

58 1209 184 1260 plicet,
202 1209 267 1260 qui
283 1206 377 1244 duos
391 1214 537 1258 pontes,
561 1208 724 1244 alterum

59 1278 82 1302 a
111 1264 368 1302 Phoenicibus
396 1271 434 1301 et
470 1263 627 1316 quidem
656 1278 724 1301 ru-

37 1344 43 1349 21
60 1321 234 1359 dentibus
265 1335 285 1358 e
310 1322 388 1358 lino
410 1320 573 1358 candido
590 1322 725 1358 confe-

58 1379 140 1426 ctis,
153 1379 314 1415 alterum
332 1379 378 1415 ab
394 1379 592 1430 Aegyptiis
613 1392 726 1415 eum-

63 1449 138 1487 que
170 1434 393 1472 rudentibus
432 1436 598 1487 bybliuis
624 1437 726 1478 {iun-

62 1499 169 1529 ctum
191 1493 237 1528 ab
249 1491 446 1530 Herodoto
469 1491 629 1529 indicari
650 1506 726 1543 pu-

63 1556 158 1586 tem.
202 1550 252 1586 Et
275 1549 362 1586 satis
383 1548 534 1597 docent,
557 1551 726 1601 quaein—

58 1606 117 1643 fra
149 1605 240 1654 VII,
270 1608 324 1646 36
361 1606 565 1657 leguntur,
609 1607 726 1643 verba

59 1659 134 1713 τὴν
156 1660 229 1713 μὲν
250 1664 484 1702 λευκολίνου
515 1670 628 1715 atque
649 1661 725 1715 τήν

60 1715 94 1759 δ’
114 1717 250 1770 ἑτέρην
272 1716 346 1769 τήν
367 1720 564 1772 βυβλίνην
583 1721 636 1758 sic
658 1733 726 1757 ac—

58 1775 234 1828 cipienda
254 1789 346 1814 esse.

118 1832 198 1873 ἔστι
221 1830 264 1872 δὲ
285 1829 382 1872 {moi
403 1829 558 1873 στάδιοι
581 1832 620 1881 ἐξ
652 1830 726 1871 'A-

62 1886 190 1943 βύδου
209 1888 249 1936 ἐς
275 1886 354 1939 τήν
382 1884 597 1938 ἆπαντίον]
631 1886 725 1928 στά-

62 1947 144 1986 διοι
178 1946 413 1997 praebebant
440 1947 528 1982 libri
546 1946 723 1984 meliores

61 2016 131 2055 pro
170 1998 326 2041 στάδια.
359 2003 469 2039 Conf.
499 2004 529 2051 I,
558 2005 625 2043 26.
658 2004 722 2051 IV,

62 2059 129 2102 85.
160 2081 217 2087 —
256 2058 319 2095 Ad
347 2060 509 2097 verbum
541 2054 724 2110 ἐπιγενό-

61 2131 180 2168 μενος
196 2115 472 2166 (superveniens)
488 2117 527 2152 in
547 2117 725 2166 proxime

59 2186 167 2225 seqq.
198 2173 300 2210 conf.
322 2173 422 2220 VIII,
447 2175 510 2213 13.
543 2172 654 2218 Quod
675 2172 725 2210 ad

61 2236 333 2281 argumentum
354 2230 429 2266 loci
449 2231 602 2278 attinet,
634 2243 725 2267 cuin

61 2286 247 2324 Herodoti
279 2290 404 2337 septem
423 2286 552 2323 stadiis
577 2287 724 2338 reliqua

63 2345 179 2381 etiam
207 2349 380 2380 veterum
407 2344 624 2380 testimonia
643 2344 723 2380 fere

63 2401 317 2446 conveniunt,
338 2401 449 2437 allata
470 2413 491 2437 a
511 2402 632 2437 Kruse
653 2401 678 2437 l.
695 2402 723 2439 l.

63 2469 151 2508 pag.
173 2459 226 2497 77
247 2469 354 2508 seqq.
373 2470 450 2494 uno
463 2464 622 2508 excepto
638 2459 723 2494 Xe-

63 2511 273 2564 nophonte,
310 2514 375 2564 qui
403 2517 478 2550 octo
509 2515 616 2564 pouit
644 2521 723 2551 sta-

64 2569 127 2608 dia
148 2576 185 2607 et
205 2570 378 2621 Polybio,
399 2569 501 2621 apud
519 2584 634 2622 quem
654 2571 723 2608 duo

63 2626 280 2664 indicantur
305 2624 424 2663 stadia
440 2655 450 2674 ‚
469 2627 721 2676 librariorum,

65 2690 108 2720 ut
127 2683 289 2730 videtur,
311 2695 449 2721 errore.
478 2684 612 2735 Neque
631 2697 721 2721 vero

66 2741 314 2777 accuratiores
353 2752 553 2776 mensurae
589 2753 724 2777 recen-

65 2797 152 2833 tiori
191 2802 314 2834 aetate
346 2796 536 2833 institutae
573 2809 725 2848 prorsus

66 2860 298 2906 congruunt.
326 2853 376 2891 Ut
397 2853 501 2890 enim
521 2851 569 2890 de
593 2854 725 2891 Tour-

780 637 943 674 nefortio
981 644 1130 674 taceam
1143 667 1153 685 ,
1198 637 1264 691 qui
1294 638 1447 687 angusti

780 693 1022 730 latitudinem
1060 708 1184 730 imum
1222 695 1446 731 milliarium

779 752 988 801 Anglicmn
1019 752 1215 801 aestimat,
1252 751 1356 804 quod
1383 765 1446 789 se-

779 815 886 858 ptem
924 809 1046 845 ferme
1075 807 1195 845 stadia
1230 821 1446 860 exaequare

779 871 917 901 uotum
952 873 1031 914 est,
1076 866 1170 902 alius
1214 866 1273 902 vir
1312 865 1446 903 doctus

785 922 930 969 Gallus,
947 923 1137 972 Truguet,
1148 935 1269 969 mare,
1291 922 1364 974 qua
1375 935 1446 958 an-

780 980 1042 1028 gustissimum
1082 986 1158 1027 est,
1197 981 1297 1016 inter
1335 979 1447 1030 Aby-

781 1035 875 1071 dum
895 1049 924 1072 s.
953 1038 1147 1086 Nogaram
1177 1042 1213 1073 et
1233 1037 1447 1087 oppositam

779 1093 958 1143 Europae
980 1105 1098 1140 oram,
1122 1106 1298 1129 emensus
1319 1094 1448 1130 scribit

781 1162 860 1185 esse
884 1149 1160 1190 1125—1130
1182 1151 1306 1197 toises,
1326 1151 1447 1201 (quae

781 1206 981 1241 Gallorum
1001 1212 1057 1242 est
1076 1219 1267 1254 mensura,
1288 1220 1356 1243 sex
1375 1220 1446 1257 pe—

781 1261 847 1299 des
876 1263 1000 1312 regios
1019 1275 1048 1299 s.
1061 1263 1252 1300 Parisinos
1273 1265 1446 1314 comple-

783 1319 906 1370 ctens)
928 1320 1094 1367 Bouten,
1116 1320 1330 1371 praefectus
1342 1322 1446 1357 mili-

782 1376 887 1424 taris,
929 1377 1122 1413 constituit
1165 1376 1273 1417 1150
1319 1379 1444 1426 toises,

783 1432 1025 1470 dissentiente
1044 1434 1117 1470 alio
1137 1434 1220 1470 viro
1242 1432 1355 1471 docto
1377 1447 1447 1471 eo·-

784 1489 951 1542 demque
992 1491 1102 1528 Gallo
1146 1489 1359 1528 Iuchereau
1398 1491 1446 1529 de

783 1547 893 1584 Saiut
950 1549 1087 1595 Denis,
1126 1548 1193 1600 qui
1252 1547 1328 1600 quei
1366 1548 1446 1585 fre-

781 1611 865 1640 tum
885 1604 1005 1641 fertur
1026 1617 1105 1641 esse
1133 1606 1446 1654 angustissimum

780 1662 880 1698 iutra
912 1674 1015 1698 arces
1052 1659 1370 1699 Kelidit-Bahur
1409 1670 1446 1700 et

782 1718 1131 1766 Sultanie-Calessi‚
1164 1725 1204 1755 ut
1231 1732 1336 1756 nunc
1373 1733 1446 1757 vo-

782 1783 929 1824 cantur,
952 1775 1171 1812 distantiam
1191 1777 1243 1813 ait
1264 1789 1342 1813 esse
1363 1779 1445 1817 800

781 1834 908 1869 toises.
949 1833 1055 1878 Quae
1075 1833 1334 1869 recentiorum
1373 1846 1445 1883 pe-

780 1890 1061 1939 regrinatorum
1077 1890 1294 1926 testimonia
1304 1903 1325 1926 a
1336 1891 1444 1937 Miot,

781 1946 892 1982 Gallo
912 1947 1130 1996 interprete,
1152 1946 1193 1981 in
1212 1953 1305 1983 nota
1333 1945 1382 1983 ad
1402 1945 1444 1984 h.

780 2003 806 2039 l.
828 2002 940 2038 allata
962 2015 1038 2054 quo
1070 2001 1187 2040 modo
1209 2015 1300 2039 cum
1319 2005 1446 2040 Hero-

784 2057 887 2106 doto,
910 2060 978 2111 qui
1007 2062 1134 2109 septem
1153 2066 1305 2096 tantum
1324 2059 1446 2097 stadia

783 2114 838 2164 (i.
858 2129 891 2152 e.
925 2117 1032 2156 3986
1062 2114 1177 2166 pedd.
1209 2117 1345 2154 Pariss.
1365 2119 1446 2155 sive

782 2171 893 2224 6642}
923 2173 1065 2218 toises)
1103 2180 1312 2226 utrumque
1355 2174 1445 2211 litus

781 2227 919 2265 distare
937 2228 1062 2277 tradit,
1085 2231 1346 2279 concilientur,
1369 2226 1446 2268 dit-¹

780 2285 880 2322 ficile
926 2285 1080 2325 dixeris.
1155 2288 1334 2340 Namque
1378 2289 1445 2326 vix

780 2341 971 2390 credibile,
991 2342 1082 2380 inde
1103 2344 1150 2380 ab
1170 2343 1356 2382 Herodoti
1378 2358 1445 2381 ae-

778 2406 856 2436 tate
875 2400 917 2436 in
946 2407 1098 2437 tantum
1128 2402 1339 2439 excrevisse
1358 2401 1445 2439 freti

779 2457 934 2494 alveum
955 2458 1069 2493 maris
1099 2457 1276 2495 fluctibus
1307 2457 1446 2496 dilata-

779 2520 885 2561 tum,
929 2520 972 2550 ut
1002 2513 1232 2565 quibusdam
1258 2515 1445 2565 placuisse

778 2569 905 2607 video.
965 2571 1078 2607 Couf.
1114 2569 1445 2609 Choiseul-Gouf—

778 2626 848 2664 fier
871 2628 1027 2678 Voyage
1047 2628 1280 2680 pittoresque
1310 2635 1381 2665 etc.
1408 2628 1444 2664 11

780 2697 869 2734 pag.
891 2682 987 2725 447.
1044 2685 1124 2721 Nec
1147 2683 1351 2721 decernere
1371 2697 1444 2721 au-

781 2740 845 2778 det
865 2742 986 2777 Kruse
1005 2741 1031 2778 l.
1051 2741 1078 2777 l.
1098 2753 1187 2790 pag.
1208 2742 1275 2781 78.
1289 2738 1344 2781 84
1362 2742 1443 2792 ipse

781 2796 829 2834 ad
848 2795 1108 2835 Lechevalieri
1135 2797 1362 2834 sententiam
1401 2804 1443 2835 ut

780 2854 953 2891 maxime
980 2853 1222 2906 probabilem
1242 2853 1442 2904 accedens,
