1851 3181
436 211 519 251 536

829 210 1298 247 HERODOTI

307 322 374 366 59
431 334 529 362 κετο
555 317 598 368 ἐς
628 318 865 370 Δορίσκον.
918 314 965 359 Ὁ
995 318 1041 360 δὲ
1072 318 1293 373 Δορίσκος
1339 319 1425 362 ἔστι
1452 321 1529 374 τῆς
1560 322 1695 376 Θρηΐ-

437 403 513 442 κης
561 382 754 440 αἰγιαλός
793 400 837 427 τε
874 385 948 427 καὶ
983 386 1135 428 πεδίον
1172 386 1305 442 μέγα·
1355 386 1429 430 διὰ
1472 386 1518 430 δὲ
1556 385 1750 431 αὐτοῦ65

107 386 190 412 Situs
207 385 342 412 Dorisci:

107 418 219 454 oppida
235 419 345 446 littoris

107 453 298 480 continentis.
338 451 382 479 lbi

107 494 206 525 naves·
214 486 379 513 subductae

107 524 317 555 exercitusque
328 528 375 548 re-

107 561 226 581 08115115.

442 453 530 508 ῥέει
570 451 762 506 ποταμός
790 452 922 507 μέγας
939 451 1112 509 Ἕβρος.
1170 453 1218 496 ἐν
1254 458 1316 511 τῷ
1342 453 1479 510 τεῖχός
1507 470 1551 497 τε
1581 455 1698 498 έδέδ-
1753 455 1834 497 538

435 537 542 577 μητο
587 518 837 580 βασιλήϊον,
884 524 1015 564 τοῦτο
1049 522 1098 563 τὸ
1139 521 1191 577 δή
1223 524 1441 578 Δορίσκος
1479 521 1694 579 κέκληται,

436 589 510 632 καὶ
541 586 744 640 Περσέων
775 586 952 644 ᾠρουρή
983 588 1030 631 ἐν
1061 587 1180 646 αὐτῷ
1211 589 1459 646 κατεστήκεε
1489 588 1578 633 ὑπὸ
1609 595 1698 632 Δα-

439 657 560 709 ρείου
588 655 629 705 ἐξ
659 655 828 699 ἐκείνου
858 660 937 699 τοῦ
965 655 1131 712 χρόνου
1160 656 1252 701 ἐπεί
1279 675 1321 702 τε
1351 658 1421 702 ἐπὶ
1449 656 1632 708 Σκύθας
1661 658 1698 701 έ-

414 731 437 763 2
449 736 522 775 στρ
528 721 711 766 ατεύετο.

799 724 918 776 ἔδοξε
965 720 1028 768 ὦν
1065 728 1126 782 τῷ
1161 726 1299 782 Ξέρξῃ
1338 725 1361 770 ὁ
1400 730 1540 782 χῶρος
1589 723 1756 777 εἶναι70

436 790 656 847 ἐπιτήδεος
686 791 932 845 ἐνδιατάξαι
962 810 1005 838 τε
1034 796 1107 838 καὶ
1147 795 1437 849 ἐναριθμῆσαι
1463 793 1541 836 τὸν
1573 805 1699 847 στρα-

405 858 537 902 3τόν·
567 860 640 902 καὶ
661 860 801 904 ἐποίεε
829 864 980 904 ταῦτα.
1037 862 1114 913 τὰς
1144 862 1224 918 μὲν
1253 860 1306 917 δὴ
1336 861 1437 911 νέας
1465 860 1542 911 τὰς
1563 860 1703 912 πάσας

439 923 705 982 ἀπικομένας
736 928 778 978 ἐς
806 930 1051 983 Δορίσκον,
1084 932 1128 974 οἱ
1155 929 1392 985 ναύαρχοι,
1421 929 1705 980 κελεύσαντος

438 995 627 1048 Ξέρξεω,
684 995 727 1045 ές
762 994 841 1039 τὸν
885 998 1083 1052 αἰγιαλὸν
1126 997 1204 1041 τὸν
1243 997 1456 1051 προσεχέα
1497 998 1703 1053 Δορίσκῳ

438 1062 667 1120 ἐκόμισαν·
710 1064 756 1107 ἐν
786 1068 847 1122 τῷ
877 1064 1000 1122 Σάλη
1029 1082 1073 1110 τε
1110 1066 1422 1122 Σαμοθρηικίη
1451 1064 1760 1108 πεπόλισται75

601 1272 695 1324 Cap.
719 1274 821 1312 LIX.

439 1350 482 1390 ἐν
503 1352 556 1405 τῷ
573 1349 698 1402 τεῖχός
717 1367 758 1392 τε
773 1351 959 1404 ἐδέδμητο
969 1355 1043 1405 βα·

384 1404 570 1457 σιλήϊον]
606 1412 734 1459 τεῖχος
754 1410 955 1457 castellum,
979 1425 1043 1448 ar-

382 1476 453 1500 cem
471 1463 625 1515 indicat,
646 1473 689 1502 ut
706 1467 770 1514 IV,
794 1470 858 1507 12.
871 1465 938 1506 46.
953 1467 1045 1507 124.

383 1521 464 1567 VII,
490 1523 577 1561 108.
635 1524 719 1559 Hoc
738 1536 828 1560 vero
850 1524 1046 1560 castelhun

382 1577 499 1612 Plinii
532 1590 574 1614 ac
602 1579 808 1629 Pomponii
835 1581 958 1616 Melae
981 1594 1047 1617 ae·-

383 1639 462 1669 tate
501 1632 626 1671 adhuc
672 1636 854 1672 exstitisse
883 1635 1047 1674 videtur.

384 1688 470 1728 vid.
493 1691 594 1727 Plin.
615 1693 664 1728 H.
684 1693 733 1728 N.
759 1693 822 1739 IV,
847 1695 895 1732 11
921 1694 958 1738 ξ.
980 1692 1048 1733 43.

382 1746 474 1782 Mel.
495 1748 542 1795 II,
555 1749 678 1792 2§.8.
699 1749 757 1784 De
768 1748 884 1786 Hebro
906 1748 986 1786 dixi
1001 1748 1050 1786 ad

383 1803 446 1850 IV,
461 1805 527 1843 90.
557 1803 620 1840 Ad
640 1805 805 1842 formam
825 1806 1051 1857 plusquam-

384 1860 542 1910 perfecti
558 1859 744 1910 ἐδέδμητο
758 1863 858 1899 conf.
873 1863 954 1909 VH,
971 1866 1050 1905 176

386 1916 474 1953 coll.
505 1919 597 1957 200.
628 1916 793 1958 Fischer.
818 1918 866 1955 ad
887 1914 1051 1961 VVeller.

386 1973 454 2020 III,
476 1985 509 2009 a.
532 1987 621 2024 pag.
642 1977 709 2015 73.

445 2026 651 2079 ἐπιτήδεος
672 2027 896 2078 ἐνδιατάξαι
920 2047 960 2071 τε
983 2030 1054 2071 καὶ

389 2083 678 2137 ἐναριθμῆσαι]
694 2089 818 2138 Vulgo
831 2088 1052 2140 ἐξαριθμῆ-

391 2153 456 2180 σαι
486 2155 506 2177 e
535 2155 615 2194 seq.
658 2157 740 2195 cap.
769 2143 874 2181 haud
904 2146 980 2182 scio
1003 2158 1052 2181 an

389 2196 466 2234 huc
497 2205 674 2240 tractum,
731 2200 924 2252 Equidem
963 2215 1053 2238 cum

391 2252 597 2291 Schaesero
620 2262 655 2291 et
675 2256 856 2293 Matthiae
870 2271 889 2293 e
906 2256 1054 2294 duobus

390 2309 504 2347 codd.
515 2312 639 2363 recepi
651 2310 933 2363 ἐναριθμῆσαι,
948 2313 1054 2365 quod

388 2368 468 2404 iam
487 2368 743 2418 VVesselingio
764 2371 903 2416 arrisit,
935 2383 1056 2421 quum

392 2425 433 2460 in
457 2424 665 2461 actionibus
681 2432 784 2462 certo
800 2427 840 2462 in
860 2426 944 2462 loco
966 2439 1055 2476 per-

393 2479 549 2530 agendis
569 2482 683 2517 verba
713 2494 803 2518 cum
832 2481 874 2521 ἐν
895 2495 1057 2533 compo-

393 2537 461 2573 sita
490 2538 580 2587 poni
609 2538 775 2575 soleant:
817 2537 864 2575 de
886 2551 962 2590 quo
984 2552 1055 2576 usu

394 2592 470 2630 vid.
494 2594 605 2629 allata
621 2594 669 2630 ad
691 2595 734 2642 V,
756 2597 823 2635 23.
862 2594 1057 2632 ludicatur

396 2657 524 2686 nutem
546 2648 606 2687 hic
628 2651 731 2688 locus
752 2651 909 2699 idoneus,
938 2653 1056 2701 inquo

398 2708 589 2745 exercitum
618 2706 794 2757 disponere
822 2721 865 2744 ac
888 2721 1057 2746 recensere

399 2763 563 2800 commode
574 2766 697 2814 possis.
730 2764 812 2809 Qua
831 2766 871 2800 iu
892 2777 931 2801 re
942 2764 1058 2801 verba

401 2813 590 2870 ἀριθμεῖν
612 2827 647 2857 et
669 2817 896 2861 διατάσσειν
920 2820 1058 2868 eodem

1100 1273 1218 1312 modo
1247 1276 1376 1312 iuncta
1414 1274 1654 1324 reperiuntur
1679 1273 1762 1320 VII,

1104 1335 1196 1373 100.

1157 1398 1231 1442 καὶ,
1247 1397 1375 1438 ἐποίεε
1390 1399 1529 1446 ταῦτα]
1550 1398 1637 1434 Duo
1650 1395 1763 1434 codd.

1101 1452 1216 1504 πόδες
1238 1456 1364 1503 maie,
1397 1456 1427 1491 si
1455 1454 1612 1507 quidem
1641 1455 1766 1492 ταῦτα

1104 1511 1152 1549 ad
1187 1511 1461 1559 antecedentia,
1502 1506 1597 1550 τάδε
1626 1509 1675 1547 ad
1703 1523 1766 1547 se-

1106 1571 1260 1620 quentia
1298 1575 1467 1619 spectare
1497 1568 1584 1606 satis
1615 1574 1671 1604 est
1692 1579 1768 1604 no-

1104 1633 1200 1665 tum.
1223 1646 1278 1654 —-
1307 1627 1353 1661 In
1391 1638 1498 1677 seqq.
1533 1637 1602 1675 pro
1631 1619 1770 1675 ἐκόμι-

1107 1694 1181 1721 σαν
1221 1681 1296 1718 duo
1351 1680 1464 1718 codd.
1514 1680 1746 1731 ἐκομίσαντο
1757 1694 1770 1724 ,-

1108 1752 1205 1790 quae
1247 1737 1381 1775 eadem
1415 1738 1586 1775 lectionis
1610 1737 1770 1774 varietas

1107 1796 1153 1845 V,
1176 1797 1242 1842 83,
1263 1795 1330 1832 ubi
1358 1792 1438 1831 vid.

1164 1859 1277 1913 Σάλη
1298 1877 1338 1901 τε
1359 1861 1664 1914 Σαμοθρηϊκίη]
1698 1859 1773 1898 Sa-

1109 1919 1318 1968 mothracia,
1341 1920 1489 1969 opinor,
1511 1917 1649 1955 dicitur
1670 1917 1771 1965 Sale,

1111 1975 1216 2028 quod
1245 1974 1544 2013 Samothracum
1571 1973 1643 2012 fuit
1663 1974 1772 2011 colo-

1109 2033 1174 2069 nia
1194 2034 1235 2068 in
1266 2039 1367 2069 terra
1396 2032 1606 2069 continenti
1641 2029 1772 2068 Thra-

1110 2090 1190 2125 ciae
1211 2088 1260 2125 ad
1280 2102 1388 2126 oram
1408 2088 1574 2126 condita.
1603 2088 1663 2124 De
1681 2100 1773 2125 ver-

1110 2146 1159 2182 bo
1187 2145 1361 2192 στολίζειν
1394 2144 1472 2183 vid.
1502 2146 1614 2189 citaffia
1648 2143 1698 2180 ad
1727 2144 1772 2191 V,

1115 2204 1180 2242 13.
1243 2201 1306 2238 Ad
1347 2214 1409 2248 ea,
1460 2214 1558 2252 quae
1594 2199 1774 2251 deinceps

1113 2256 1215 2308 apud
1225 2257 1466 2294 Herodotum
1478 2258 1668 2307 leguntur,
1684 2269 1775 2307 per-

1111 2315 1205 2350 tinet
1242 2315 1366 2350 Melae
1396 2314 1503 2350 locus
1531 2315 1578 2361 II,
1607 2316 1634 2353 2
1665 2314 1703 2358 §.
1722 2314 1773 2354 8:

1113 2369 1277 2418 „deinde
1285 2371 1590 2420 promontorium
1602 2369 1775 2418 Serrium,

1112 2433 1149 2463 et
1170 2439 1246 2477 quo
1263 2434 1464 2464 canentem
1477 2425 1627 2477 Orphea
1646 2431 1777 2464 secuta

1112 2490 1313 2520 narrantur
1328 2496 1498 2531 nemora,
1520 2484 1669 2520 Ζοιπθ.ιι
1717 2482 1775 2519 Ac

1113 2546 1261 2590 praeter
1276 2541 1446 2576 Plinium
1460 2540 1485 2578 l.
1500 2540 1526 2577 l.
1547 2541 1611 2576 alii
1621 2551 1775 2591 quoque

1112 2603 1254 2634 norunt
1275 2596 1454 2643 Serrium,
1487 2609 1510 2632 a
1529 2594 1774 2634 Tzschuckio

1113 2653 1266 2689 excitati
1323 2652 1372 2690 ad
1416 2653 1539 2689 Melae
1593 2653 1620 2690 1,
1658 2653 1684 2688 l.
1735 2652 1775 2686 in

1114 2716 1208 2746 nott.
1231 2722 1367 2760 exegg.
1389 2722 1476 2760 pag.
1504 2711 1593 2750 130.
1639 2709 1776 2744 Postea

1114 2767 1310 2803 castellum
1330 2767 1382 2802 ibi
1403 2772 1635 2802 exstructum
1663 2763 1778 2801 fuisse

1113 2829 1269 2860 testatur
1283 2823 1411 2861 Livius
1431 2819 1578 2870 XXXI,
1603 2822 1669 2861 16.
1694 2820 1777 2856 Ho-
