1815 3181
406 193 488 232 188

800 186 1259 223 HERODOTI

406 300 476 352 ,ἐς
515 295 799 350 Θεσπρωτοὺς
848 293 916 337 ἐπ’
951 293 1177 350 Ἀχέροντα
1214 293 1413 349 ποταμόν
1453 292 1718 349 ἄγγέλους95

405 368 497 419 „eni
538 365 586 408 τὸ
632 363 978 418 νεκυομαντήϊον
1008 362 1381 418 παρακαταθήκης
1415 362 1513 414 πέρι
1543 364 1662 414 ξεινι-

405 439 534 491 ,,κῆς,
571 432 669 476 οὔτε
707 430 935 487 σημανέειν
975 430 1113 487 ἔφηὴ
1154 432 1354 474 Μέλισσα
1394 430 1664 486 ἐπιφανεῖσα,

404 596 443 643 ἐς
468 589 727 645 Θεσπρωτούς
744 587 803 632 ἐπ’
827 587 1004 643 Ἀχέρον-

347 654 411 701 τα]
447 652 639 702 Thesproti,
668 657 756 686 sunt
777 649 1004 685 contermini

345 707 541 747 Leucadiis
594 709 764 758 itemque
819 706 1002 753 Molossis,

346 767 479 818 quibus
501 777 589 801 cum
609 771 739 814 postea
754 762 895 799 subditi
914 763 1001 798 fue-

345 825 420 859 rint
440 820 666 871 Thesproti,
696 820 841 856 factum
862 826 936 866 est,
957 825 1000 856 ut

343 878 446 915 haud
474 891 558 914 raro
593 876 728 913 eadem
756 875 846 913 huic
867 876 927 914 vel
946 876 1002 912 illi

342 936 446 986 genti
460 935 672 985 promiscue
686 932 999 970 adscriberentur.

345 993 420 1039 Sic,
432 993 496 1043 qui
515 993 554 1027 in
563 991 732 1028 Molossis
742 991 859 1026 oritur
869 988 1001 1026 Ache-

344 1062 413 1085 ron
427 1048 583 1095 fluvius,
617 1047 704 1084 dein
728 1046 998 1097 Thesprotiam

343 1112 514 1156 permeat
531 1118 650 1156 usque
671 1103 718 1140 ad
738 1117 856 1140 mare.
923 1104 999 1140 Ubi

346 1161 449 1213 quod
498 1169 736 1198 mortuorum
774 1160 892 1197 fertur
919 1174 998 1197 esse

344 1220 563 1266 oraculum,
601 1219 678 1255 eins
709 1219 833 1265 nulla,
873 1230 998 1269 qnan—

343 1283 426 1312 tum
447 1275 624 1328 equidem
643 1276 719 1312 scio
733 1305 742 1323 ,
774 1273 876 1325 apud
906 1275 997 1311 alios

341 1336 537 1385 scriptores
556 1334 714 1369 mentio.
772 1334 872 1368 Nam
893 1330 998 1383 quod

344 1391 392 1429 ad
409 1393 582 1427 Aornum
602 1388 787 1440 oppidum
810 1390 903 1425 olim
922 1389 997 1425 tale

342 1449 539 1486 oraculum
558 1448 627 1483 fuit
645 1453 736 1483 teste
752 1448 915 1482 Pausan.
927 1447 996 1494 IX,

343 1508 408 1553 50,
431 1508 468 1553 3,
498 1503 538 1541 id
563 1516 696 1541 vereor
724 1510 765 1540 nt
795 1501 871 1540 hnc
898 1501 998 1539 trahi

341 1562 456 1613 possit
485 1574 604 1613 quum
639 1561 769 1597 Aornus
792 1561 832 1595 iu
852 1561 998 1596 monti-

339 1619 409 1655 bus
429 1619 548 1654 iaceat
569 1618 759 1654 Cerauniis
779 1630 898 1667 prope
918 1618 997 1652 Pa-

340 1676 480 1712 laesten
494 1705 502 1720 ,
533 1677 774 1725 multumque
800 1675 916 1724 igitur
936 1672 997 1709 di—

339 1739 411 1769 stet
440 1744 460 1767 a
502 1730 805 1782 Thesprotorum
839 1731 996 1780 regione

340 1796 453 1840 atque
475 1786 701 1824 Acheronte.
763 1788 872 1824 Conf.
894 1788 996 1824 Plin.

339 1847 387 1881 H.
408 1847 455 1881 N.
475 1845 538 1893 IV,
562 1845 674 1893 1,nbi
693 1842 997 1895 Thesprotorum

341 1909 376 1938 et
405 1903 724 1952 Antigonensium
750 1902 850 1938 sacta
882 1914 998 1937 men-

340 1960 442 1995 tione
474 1960 551 1994 iam
588 1960 640 1995 ita
678 1960 823 2008 pergit:
866 1959 998 2006 „locus

340 2015 469 2051 Aornos
490 2022 526 2051 et
546 2016 718 2065 pestifera
739 2015 869 2051 avibus
881 2014 996 2051 exha-

341 2072 443 2107 latio.
462 2073 484 2090 “
533 2071 634 2108 Add.
675 2070 860 2122 Stephan.
898 2073 996 2122 Byz.

342 2141 370 2164 s.
393 2140 430 2163 v.
452 2140 489 2176 p.
506 2126 583 2166 142
605 2135 641 2164 et
660 2127 825 2179 Hesych.
847 2129 897 2165 T.
918 2130 935 2165 I
955 2142 994 2178 p.

347 2181 467 2223 1694.
501 2182 592 2221 Θεοὶ
616 2181 996 2225 Μολοττικοί--ὅτι

345 2235 649 2288 ψυχοπομπεῖὸν
666 2239 745 2278 ἐστι
765 2240 807 2279 ἐν
829 2243 997 2280 Μολοσ-

344 2298 438 2341 σοῖς.
496 2296 553 2330 De
585 2295 772 2333 Acheronte
798 2296 876 2334 vid.
908 2299 996 2334 cel-

343 2352 410 2387 lar.
431 2352 545 2388 Notit.
567 2352 654 2388 Orb.
677 2354 865 2404 Antiq.ll,
885 2357 935 2394 13
958 2369 996 2405 p.

348 2409 451 2447 1086
483 2408 568 2444 coll.
596 2411 712 2447 1087.
771 2410 839 2453 Qui
861 2410 998 2448 fluvius

342 2476 430 2498 cnm
471 2477 538 2514 per
576 2465 766 2501 §enorum
805 2468 999 2515 regionem

343 2518 600 2566 delaberetur,
636 2520 760 2557 Selleis
782 2523 998 2572 vocabatur,

343 2583 424 2612 tum
465 2590 554 2613 vero
586 2577 700 2612 etiam
738 2579 837 2623 m'ger
860 2580 999 2627 flavius

343 2639 379 2668 et
400 2632 547 2683 Glycys.
606 2633 697 2669 Eius
730 2647 881 2669 cursum
901 2635 998 2672 inter

343 2690 568 2725 recentiores
608 2696 781 2726 accurate
819 2704 996 2739 persecu—

342 2751 399 2780 tus
431 2752 482 2782 est
514 2759 557 2782 ac
579 2745 782 2797 :descripsit
812 2748 993 2798 Ponque-

340 2802 427 2838 ville
448 2803 484 2837 in
501 2803 627 2839 Itiner.
649 2817 731 2853 cop.
765 2804 892 2839 XXX.
925 2805 992 2851 (T.

1059 594 1088 639 I,
1112 594 1138 632 2
1167 605 1255 642 pag.
1289 595 1368 634 323
1390 605 1495 644 seqq.
1527 591 1588 630 ed.
1630 606 1719 630 ver-

1059 649 1173 698 nac.)

1115 700 1454 755 νεκυομαντήϊυν]
1476 705 1718 743 Mortuorum

1058 761 1247 798 iudicatur
1275 761 1493 810 oraculum,
1533 774 1609 813 quo
1638 764 1719 801 scil.

1055 825 1296 855 mortuorum
1307 819 1451 855 animas
1470 818 1621 857 sedibus
1644 821 1721 858 suis

1058 876 1271 923 eliciebant,
1291 888 1334 912 ac
1347 876 1416 912 rite
1425 875 1525 913 facto
1539 875 1719 920 diisflinse-

1058 933 1107 969 ris
1118 932 1313 980 sacrificio,
1327 933 1472 969 animas
1484 939 1657 971 evocatas
1671 933 1719 971 de

1058 990 1168 1027 rebus
1178 989 1313 1026 futuris
1325 990 1586 1027 consulebant.
1607 990 1719 1036 Quod

1058 1048 1330 1097 superstitionis
1362 1059 1482 1096 genus
1512 1046 1614 1098 apud
1641 1049 1717 1084 He-

1056 1105 1187 1140 braeos
1206 1105 1285 1140 iam
1305 1104 1462 1141 obvium
1480 1104 1594 1141 fuisse
1614 1111 1718 1155 patet

1056 1175 1104 1197 ex
1126 1161 1297 1198 Samuel.
1319 1163 1372 1202 28
1394 1161 1480 1197 0011.
1506 1163 1715 1200 Deuteron.

1058 1219 1122 1265 18,
1155 1220 1219 1258 11.
1278 1219 1355 1254 Eos
1394 1230 1485 1254 vero
1508 1219 1554 1255 ab
1584 1219 1717 1269 Aegy-

1054 1275 1140 1325 ptiis
1150 1275 1240 1311 talia
1250 1281 1444 1311 mutuatos
1457 1288 1536 1311 esse
1547 1275 1577 1312 si
1588 1276 1718 1312 statuit

1054 1332 1288 1382 Wesseling,
1351 1330 1532 1383 equidem
1581 1332 1718 1368 malim

1055 1402 1145 1425 cum
1166 1388 1208 1426 C.
1228 1390 1274 1427 E.
1295 1387 1528 1429 Kisselbach,
1558 1387 1716 1439 (Dogm.

1055 1444 1103 1482 de
1137 1446 1249 1482 rebus
1269 1452 1355 1496 post
1374 1451 1542 1482 mortem
1569 1445 1716 1482 futuris.

1054 1501 1298 1553 Heidelberg.
1324 1504 1444 1543 1832.
1466 1515 1549 1553 cap.
1578 1503 1647 1539 VH
1676 1515 1716 1553 p.

1055 1561 1105 1600 31
1140 1559 1233 1612 ibiq.
1254 1558 1415 1608 landd.)
1445 1557 1520 1595 hoc
1557 1559 1604 1596 ab
1637 1559 1717 1596 aliis

1053 1617 1223 1666 paganis,
1245 1615 1458 1653 Philistaeis
1482 1617 1716 1666 praesertim,

1054 1679 1238 1723 repetere.
1295 1675 1375 1709 Nec
1405 1673 1569 1709 Graecos
1601 1686 1623 1709 a
1651 1673 1718 1711 tali

1053 1730 1318 1780 superstitione
1356 1727 1593 1766 abhorruisse
1622 1742 1717 1766 con-

1054 1793 1139 1823 stat.
1197 1786 1284 1824 Vid.
1306 1787 1498 1842 [Creuzer.
1540 1786 1716 1837 Symbol.

1053 1845 1071 1879 Ι
1090 1856 1179 1894 pag.
1205 1846 1298 1885 189.
1356 1842 1419 1880 Ad
1451 1842 1636 1879 Herodoti
1655 1843 1717 1879 lo-

1054 1913 1145 1937 cum
1182 1901 1414 1951 Wesseling.
1444 1899 1607 1937 conferri
1634 1900 1718 1936 vult

1053 1956 1229 1995 Eustath‚
1260 1955 1310 1994 ad
1347 1957 1481 2010 Odyss.
1510 1970 1548 2007 p.
1592 1958 1716 2003 1667,

1055 2016 1104 2054 61
1133 2027 1164 2054 S.
1192 2012 1287 2061 410,
1318 2017 1371 2055 37
1404 2015 1490 2051 coll.
1519 2011 1715 2050 Plutarch.

1053 2071 1089 2106 II
1116 2084 1155 2121 p.
1181 2069 1288 2111 1104
1315 2072 1365 2108 D.
1393 2092 1450 2098 --
1487 2084 1716 2121 παρακατα-

1054 2122 1168 2177 θήκη
1189 2124 1339 2177 ξεινική
1362 2134 1416 2164 est
1445 2126 1639 2176 depositum
1654 2125 1714 2163 lw-

1052 2185 1154 2233 spz'tz's
1165 2183 1361 2232 cuiusdam,
1382 2196 1564 2220 s.1num¹s
1585 2195 1715 2234 aquo—

1053 2239 1144 2276 dam
1153 2239 1350 2277 Periandri
1360 2239 1508 2291 hospite
1516 2240 1601 2276 loco
1614 2252 1713 2291 quo—

1054 2295 1144 2333 dam
1167 2295 1393 2347 depositum.
1428 2296 1538 2334 Conf.
1553 2297 1601 2344 H,
1619 2295 1713 2336 156.

1052 2355 1116 2401 ΠΙ,
1138 2352 1205 2393 59.

1111 2407 1140 2460 ἦ
1174 2407 1358 2448 Μέλισσα
1388 2408 1654 2459 ἐπιφανεῖσα]
1686 2409 1711 2446 i.

1056 2480 1090 2503 e.
1121 2464 1291 2503 Melissae
1308 2468 1428 2504 anima
1451 2463 1511 2515 (τό
1530 2466 1712 2515 εἴδωλον)

1056 2524 1246 2573 sacrzficz'z's
1276 2526 1419 2561 evocata
1450 2524 1495 2560 ab
1525 2523 1580 2560 his
1609 2521 1714 2560 Peri-

1055 2580 1166 2617 andri
1191 2582 1324 2618 nuntiis
1358 2593 1539 2631 eorumque
1567 2581 1604 2616 in
1632 2591 1713 2615 con-

1053 2641 1204 2686 spectum
1224 2639 1374 2675 veniens.
1393 2658 1449 2664 —-
1487 2636 1608 2672 Paulo
1629 2641 1713 2686 post

1052 2705 1120 2742 pro
1141 2692 1478 2733 κατακαυθέντων
1497 2693 1541 2729 in'
1554 2692 1715 2729 Floren-

1055 2750 1132 2785 tino
1172 2751 1310 2800 legitur
1340 2747 1712 2795 κατακαυσθὲντων,

1049 2806 1150 2856 quod
1172 2821 1249 2844 non
1281 2805 1538 2858 spernendum
1559 2803 1714 2843 videba-
