1806 3181
223 576 323 621 224
379 561 613 620 χρεώμενοί
641 577 684 605 τε
715 563 788 606 καὶ
827 562 1035 614 ἀτέοντες.

49 641 206 669 Postremo
227 641 323 668 Grae·
380 630 604 675 πλεόνεσιν
634 629 780 675 αὐτῶν
806 635 1043 687 τηνικαῦτα
1065 630 1148 689 ἤδη
1169 629 1370 688 ἐτύγχανε
1381 629 1631 687 κατεηγότα,

50 676 88 709 ci,
108 675 221 709 ingenti
238 675 323 702 clade

51 709 186 737 barbaris
208 709 306 746 illata,

375 185 458 225 778

771 180 1230 222 HERODOTI

349 289 458 336 7ὑπ’
489 289 703 346 ἀλλήλων·
735 285 789 347 ἦν
808 290 853 334 δὲ
882 290 1011 346 λόγος
1040 290 1182 343 οὐδεὶς
1201 296 1280 336 τοῦ
1312 291 1629 348 ἀπολλυμένου.

380 359 452 403 ἅτε
480 358 563 414 γὰρ
596 357 870 415 ἐπιστάμενοι
908 359 986 402 τὸν
1014 360 1221 416 μέλλοντά
1252 372 1330 416 σφι
1359 363 1532 405 ἔσεσθαι
1552 360 1632 405 θά-

377 442 511 471 νατον
549 426 596 468 έκ
633 429 721 469 τῶν
759 426 1018 481 περιϊόντων
1055 427 1102 471 τὸ
1134 423 1290 481 οὖρος,
1322 427 1657 473 ἀπεδείκνυντοό

379 492 641 551 ῥώμηςὸσον
666 492 782 550 εἶχον
808 497 1007 550 μέγιστον
1020 495 1062 547 ἐς
1086 495 1188 546 τούς
1204 495 1465 551 βαρβάρους,
1486 512 1630 551 παρα-

322 831 406 855 rem
435 816 542 866 attigi
571 814 619 853 ad
646 816 726 863 VII,
760 818 829 857 21.
898 816 974 853 Pro

323 871 475 914 αὐτέων
493 872 581 909 dedi
601 868 744 914 αὐτῶν.

379 924 431 982 ἦν
444 927 484 968 δὲ
496 927 608 980 λόγος
617 925 748 975 οὐδεὶς
766 931 840 968 τοῦ
851 924 975 968 ἀπολ-

322 986 512 1038 λυμένου]
524 985 608 1023 Vid.
624 993 719 1022 nott.
735 984 783 1022 ad
801 986 864 1034 IV,
882 984 974 1025 135.

321 1045 367 1081 In
387 1056 492 1094 seqq.
502 1044 677 1080 revocavi
693 1038 973 1081 ἀπεδείκνυντο

323 1113 345 1137 a
354 1099 690 1151 Scllaetero,que1n
701 1099 899 1150 sequiturB
905 1096 975 1134 ek-

322 1156 450 1204 kerus,
473 1170 492 1192 e
514 1157 633 1192 tribus
653 1155 764 1194 codd.
787 1161 978 1191 mutatum

322 1215 362 1249 in
383 1212 669 1252 ἐπεδείκνυντο.
728 1212 837 1248 Conf.
868 1211 979 1246 allata

323 1269 373 1306 ad
391 1270 471 1315 VH,
496 1271 586 1309 139.
635 1267 697 1305 Ad
718 1282 822 1319 seqq.
846 1263 980 1316 ῥώμης

324 1322 421 1366 όσον
440 1321 544 1376 εἶχον
564 1323 742 1376 μέγιστον
754 1324 831 1362 vid.
843 1321 978 1360 Matth.

324 1384 390 1419 Gr.
412 1384 475 1420 Gr.
499 1383 536 1427 ξ.
558 1381 637 1422 461
663 1394 748 1431 pag
771 1380 865 1421 858-

379 1453 549 1489 πίῖΟαχΟε
537 1434 827 1488 Εωιῑὲνοίῖδκαὶ
841 1431 979 1476 (ἰτέον-

322 1509 362 1533 vs
366 1495 411 1542 ς]
453 1495 581 1531 Valla:
622 1495 820 1541 ingruentes
847 1496 878 1529 et
909 1506 979 1530 sese

321 1551 558 1588 intrudentes:
580 1549 684 1600 quod
696 1549 882 1599 displicuit
899 1551 980 1586 Bo·-

323 1609 378 1644 sio
398 1609 437 1643 in
452 1607 557 1646 Obss.
579 1607 733 1656 Critt,p,
755 1606 831 1646 157
851 1606 902 1641 sic
915 1607 979 1642 in-

323 1664 564 1714 terpretanti:
606 1675 689 1712 quos
709 1662 914 1711 spernebant
946 1665 979 1699 et

319 1734 386 1771 pro
419 1720 530 1757 m'ln'lo
557 1719 742 1756 habebant.
814 1718 979 1755 Sensum

322 1777 429 1815 verbi
448 1772 768 1827 παραχρεώμενοι
790 1781 891 1811 recte
906 1774 980 1811 du-

324 1833 419 1870 dum
446 1834 591 1883 accepit
626 1833 811 1868 Aemilius
844 1832 981 1868 Portus

324 1889 429 1926 hunc
448 1891 486 1925 in
508 1888 690 1925 modum:
731 1890 805 1925 suis
826 1890 982 1938 eorpori-

326 1948 389 1983 bus
414 1948 553 1983 minime
569 1949 763 1996 parcentes,
786 1948 825 1982 at
845 1946 899 1982 liis
914 1945 981 1982 ab-

325 2007 480 2049 utentes,
548 2016 590 2039 ea
653 2005 898 2039 contem-nentes
947 2004 981 2038 et

328 2060 498 2096 Graeciae
519 2059 630 2095 satuti
640 2058 828 2095 liberaliter
840 2058 982 2095 donan-

327 2118 389 2151 tes.
449 2116 558 2153 Conf.
586 2121 682 2154 nott.
715 2114 763 2151 acl
790 2115 853 2163 IV,
886 2116 980 2155 189.

327 2172 453 2222 Atque
472 2170 545 2208 hoc
557 2184 668 2207 sensu
681 2172 852 2208 observat
864 2172 982 2208 Wes-

326 2228 506 2278 selingius
548 2226 650 2278 apud
681 2227 838 2268 Diodor,
876 2228 980 2275 XIII,

327 2287 381 2325 60
408 2284 570 2320 inveniri
599 2278 775 2330 ἀφειδῶς
812 2257 981 2334 ἐχρῶντό

324 2344 408 2386 τοῖς
442 2341 561 2386 ἰδίοις
589 2336 742 2388 σώμασι
763 2339 818 2384 εἰς
836 2335 982 2389 κοινήν

327 2397 523 2448 σωτηρίαν
546 2403 582 2433 et
601 2397 705 2443 XIII,
728 2398 780 2435 62
802 2391 981 2444 ἀφειδεῖν

326 2455 400 2503 τῆς
419 2455 554 2503 ψυχῆς
585 2451 699 2490 ἕνεκα
719 2451 847 2501 νίκης.
904 2452 981 2487 Pio

327 2505 507 2555 ἀτέοντες
528 2510 565 2544 in
587 2509 776 2545 Sancrofti
795 2509 890 2545 libio
912 2520 982 2544 ex-

327 2572 399 2602 stat
438 2561 521 2604 ἀττε
515 2564 658 2611 ὀντες,
705 2578 781 2616 quo
821 2564 981 2614 respicit,

329 2623 474 2672 opinor,
495 2622 624 2658 vallae
648 2620 767 2658 istud:
812 2623 982 2669 ingruen-

329 2681 390 2715 tes.
448 2677 663 2728 Stephanus
694 2678 878 2714 maluerat
897 2672 981 2715 ἀτί-

328 2749 438 2780 οντες
471 2748 500 2772 s,
543 2730 757 2782 ἀτίζοντες,
807 2732 980 2771 Reiskius

328 2789 569 2839 λυττέοντεςτ,
591 2791 693 2843 quod
715 2798 840 2828 tamen
850 2796 979 2843 postea

1095 562 1273 618 Δόρατα
1300 562 1379 618 μέν
1407 579 1490 606 νυν
1519 567 1632 606 τοῖσι

1030 817 1110 867 ipse
1129 817 1268 854 reiecit.
1299 817 1351 852 At
1367 815 1534 865 vulgata,
1554 812 1688 866 siquid

1031 872 1156 920 video,
1185 873 1399 920 sanissima,
1424 871 1472 908 ad
1493 884 1608 923 quam
1629 870 1689 907 af-

1031 930 1158 967 ferunt
1177 931 1334 966 Homer.
1350 929 1483 967 11.XX
1487 931 1600 977 ,332,
1622 928 1689 964 ubi

1033 981 1197 1025 ἀτέοντα
1218 991 1415 1036 exponunt
1435 979 1685 1052 ἀτιμάζοντα,

1030 1041 1242 1094 Hesychius
1261 1044 1279 1078 I
1297 1056 1334 1093 p.
1349 1042 1430 1083 598
1451 1036 1689 1094 όλιγοφρον-

1030 1101 1249 1147 τιστοῦντα,
1334 1094 1687 1149 ἀφροντιστοῦντα.

1032 1157 1132 1193 Hinc
1148 1156 1352 1222 Heynius
1341 1168 1381 1190 ln
1402 1152 1584 1190 Herodoti
1602 1153 1687 1190 loco

1034 1210 1102 1251 καὶ
1133 1207 1308 1257 ἀτέοντες
1336 1212 1624 1260 interpretatur:
1656 1212 1689 1246 et

1037 1271 1206 1318 tanquam
1243 1269 1404 1315 attoniti,
1444 1269 1553 1303 mente
1579 1267 1687 1316 capti,

1034 1324 1209 1361 Reiskius
1228 1336 1317 1361 vero
1338 1323 1513 1373 furentes,
1544 1322 1687 1359 rabiosi.

1033 1380 1129 1417 Mihi
1146 1381 1316 1417 maxime
1336 1380 1458 1430 placet
1476 1379 1690 1417 Wesselin—

1034 1438 1086 1487 gii
1101 1437 1370 1487 interpretatio:
1393 1435 1496 1473 valde
1507 1435 1689 1485 desperan-

1034 1497 1085 1530 tes
1102 1498 1134 1530 et
1161 1493 1299 1530 nullam
1320 1504 1405 1529 suae
1428 1492 1558 1529 salutis
1575 1493 1689 1529 ratio—

1033 1562 1111 1587 nem
1149 1550 1320 1587 ducentes.
1377 1549 1561 1585 Aemilius
1590 1549 1690 1585 Por-

1033 1613 1094 1644 tus
1124 1619 1186 1643 eos
1215 1611 1387 1653 secutus,
1417 1605 1484 1656 qui
1509 1600 1690 1650 ἀτέοντες

1034 1661 1138 1699 idem
1159 1675 1237 1698 esse
1257 1662 1391 1699 volunt
1408 1668 1523 1725 atque
1545 1655 1688 1699 ἀτᾶον-

1034 1733 1109 1767 τες,
1130 1714 1313 1764 ἀτῶντες,
1343 1712 1592 1767 βλάπτοντες,
1612 1717 1690 1752 mi-

1034 1788 1106 1812 nus
1134 1781 1235 1811 recte
1255 1772 1494 1810 reddiderat:
1526 1774 1690 1811 damnum

1036 1832 1158 1869 dantes
1190 1844 1219 1870 s.
1261 1843 1338 1868 cam
1385 1830 1513 1868 damno
1554 1831 1690 1867 ruentes

1036 1893 1142 1938 atque
1164 1889 1328 1940 impetum
1360 1888 1398 1925 in
1416 1886 1603 1925 barbarum
1616 1885 1688 1937 fa-

1036 1947 1174 1984 cientes.

1205 2033 1297 2086 cap.
1313 2033 1519 2073 ccxxlv.

1091 2109 1326 2165 κατεηγότα]
1357 2111 1442 2150 Vid.
1463 2109 1598 2150 Matth.
1620 2111 1687 2167 Gr.

1037 2170 1104 2207 Gr.
1137 2171 1174 2216 §.
1204 2173 1287 2210 222
1324 2182 1411 2220 pag.
1441 2167 1534 2236 429.
1599 2168 1692 2203 Mox

1038 2222 1172 2265 αὐτῶν
1201 2225 1289 2263 dedi
1315 2238 1384 2276 pro
1406 2220 1571 2263 αὐτέων.
1627 2221 1691 2259 Ad

1037 2283 1198 2320 verbum
1219 2277 1467 2333 διεργάζοντο
1496 2278 1573 2318 vid.
1593 2285 1690 2316 nott.

1038 2338 1087 2375 ad
1114 2339 1159 2385 V,
1180 2340 1233 2378 20
1263 2344 1300 2373 et
1328 2336 1377 2373 ad
1403 2349 1539 2374 vocem
1565 2331 1693 2382 πόνος

1036 2396 1099 2444 VI,
1123 2391 1215 2434 114.
1274 2391 1384 2439 Quod
1403 2404 1492 2430 vero
1521 2393 1561 2428 in
1584 2404 1690 2459 seqq.

1037 2463 1105 2501 pro
1118 2448 1184 2488 καὶ
1207 2448 1331 2501 ε’τεροι
1353 2444 1430 2500 μετ’
1453 2443 1578 2487 αὐτοῦ
1597 2444 1691 2488 o’vo-

1039 2504 1180 2557 μαστοὶ
1200 2503 1483 2557 Σπαρτιητέων
1521 2505 1690 2542 Koenius

1039 2563 1237 2599 maluerzat
1259 2561 1327 2601 καὶ
1341 2561 1464 2613 ε’τεροι
1476 2556 1554 2610 μετ’
1567 2556 1691 2600 αὐτοῦ

1039 2617 1180 2658 πολλοί
1239 2633 1279 2657 τε
1334 2617 1402 2657 καὶ
1452 2613 1689 2667 ου’νομαστοὶ

1039 2678 1209 2725 Σπαρτ.,
1238 2673 1333 2711 mihi
1370 2675 1474 2711 nulla
1508 2674 1559 2710 ita
1595 2673 1689 2710 scri-

1038 2730 1153 2768 bendi
1172 2732 1370 2768 necessitas
1381 2736 1586 2781 comparet.
1610 2731 1688 2766 Re-

1037 2789 1131 2825 tinui
1160 2783 1371 2840 ὀνομαστοὶ
1399 2787 1439 2823 in
1467 2798 1595 2839 seqq.,
1623 2785 1688 2822 ubi
