1851 3181
438 243 522 283 44⁰

837 238 1300 275 HERODOTI

411 350 571 403 9,,τέρα
600 350 678 392 τὸν
713 344 829 402 ἐμόν.
883 347 1043 400 Ὡρᾶτε
1073 347 1151 402 μέν
1168 362 1252 389 νυν
1285 346 1360 389 καὶ
1389 350 1579 399 Δαρεῖον
1610 347 1706 389 ἰθυ-

393 473 399 481 1
440 433 574 470 ,,οντα
608 412 922 467 στρατεύεσθαι
953 414 1022 457 ἐπὶ
1053 414 1156 464 τούς
1187 412 1352 468 ἄνδρας
1384 412 1583 464 τούτους.
1615 411 1704 456 ἀλλ’
1764 417 1844 458 510

440 484 492 538 ,,ὁ
523 484 602 538 μὲν
631 481 914 538 τετελεύτηκε,
934 483 1007 526 καὶ
1038 481 1120 526 οὐκ
1151 480 1360 537 ἐξεγένετό
1394 483 1438 524 οἱ
1463 480 1708 536 τιμωρήσα-

437 557 593 605 ,,σθαι·
623 549 706 605 ἐγώ
737 550 783 593 δὲ
811 548 921 606 ὑπέρ
939 567 984 594 τε
1013 551 1183 594 ἐκείνου
1212 548 1284 591 καὶ
1314 552 1402 591 τῶν
1422 548 1564 593 ἄλλων
1596 553 1707 602 Περ-

438 618 577 672 ,,σέων
609 616 664 661 οὐ
693 616 912 671 πρότερον
941 617 1187 672 παύσομαι,
1229 616 1333 670 πρὶν
1372 615 1401 671 ἢ
1445 616 1528 660 ἕλω
1560 633 1605 661 τε
1637 617 1764 661 καὶ45

437 685 658 740 ,,πυρώσω
696 685 774 737 τοὶς
807 683 1015 741 Ἀθήνας·
1064 686 1110 728 οἳ
1144 700 1192 740 γε
1223 683 1291 740 ἐμὲ
1329 683 1402 726 καὶ
1436 685 1602 737 πατέρα
1631 684 1709 727 τόν

385 753 578 808 10,,ἐμο“ν
614 753 816 809 ὑπῆρξαν
859 751 991 797 ἄδικα
1023 755 1262 802 ποιεῦντες.

1322 754 1474 805 πρῶτα
1517 753 1618 806 μὲν,
1663 753 1708 803 ἐς

442 821 637 875 ,,Σάρδις
674 820 874 872 ἐλθόντες
914 820 1004 876 ἅμα
1053 818 1338 875 Ἀρισταγόρῃ
1378 823 1438 875 τῷ
1490 822 1704 878 Μιλησίῳ,

441 890 614 947 ,,δούλῳ
655 890 702 934 δὲ
739 888 955 948 ἡμετέρῳ,
995 885 1251 944 ἀπικόμενοι
1290 886 1536 942 ἐνέπρησαν
1572 886 1626 932 τά
1663 904 1709 932 τε

387 1085 644 1124 consulendus
666 1086 715 1123 ad
734 1100 846 1124 voces
873 1083 939 1126 τὸν
958 1083 1050 1135 ἐμὸν

386 1144 426 1180 in
446 1144 622 1194 proxime
651 1156 758 1195 seqq.
817 1142 929 1189 Quod
958 1156 1049 1180 vero

385 1199 427 1237 h.
448 1201 474 1237 l.
495 1201 644 1237 Xerxes
662 1200 815 1237 ultionis
846 1212 958 1237 causa
979 1213 1050 1235 ex-

385 1256 625 1308 peditionem
644 1270 684 1293 se
703 1257 894 1307 suscipere
917 1257 989 1302 ait,
1010 1255 1050 1293 id

387 1314 517 1350 statuit
563 1312 823 1350 Hoffmeister.
864 1313 904 1349 in
938 1313 1049 1359 libro,

388 1371 455 1422 qui
465 1371 680 1406 inscribitur
693 1382 701 1406 :
715 1368 1051 1419 sittlich-religi'o'se

386 1426 685 1464 Lebensansicht
707 1425 744 1464 d.
767 1425 951 1466 Herodot.
965 1438 1049 1476 pag.

390 1485 484 1530 127,
507 1496 556 1519 ex
576 1481 762 1520 Herodoti
780 1484 904 1533 potius
916 1481 1053 1518 doctri-

389 1553 440 1575 na
461 1539 613 1576 fluxisse
642 1539 690 1576 de
711 1552 840 1575 rerum
860 1538 1053 1575 humana-

389 1609 476 1632 rum
497 1597 588 1632 orbe
609 1609 652 1633 ac
673 1595 951 1642 vicissitudine,
992 1596 1053 1632 cui

389 1665 480 1689 sane
496 1650 590 1689 haec
611 1651 863 1689 concederem
878 1681 888 1699 ,
912 1653 985 1688 nisi
1006 1665 1055 1688 ex

390 1710 632 1746 orientalium
646 1708 851 1746 hominum
863 1722 905 1746 ac
918 1721 1054 1758 regum

390 1767 611 1816 praesertim
639 1764 769 1802 indole
802 1779 845 1803 ac
865 1766 964 1802 fastu
985 1764 1055 1801 ad-

391 1835 514 1874 eoque
560 1823 737 1872 snperbia
774 1820 871 1859 haec
909 1822 1054 1858 facilius

392 1879 512 1929 repeti
531 1885 645 1930 atque
667 1879 965 1929 explicariposse
981 1891 1055 1929 pu-

392 1943 528 1972 tarem.
586 1937 636 1972 Et
665 1935 796 1972 confer
825 1949 979 1987 quoque
1009 1936 1055 1982 V,

397 1994 474 2033 105
498 1991 545 2028 de
555 1993 661 2028 Darii
681 1993 810 2029 animo
832 1994 927 2029 irato
939 1992 1056 2028 ultio-

393 2061 561 2100 nemque
580 2056 746 2099 petente.

452 2101 623 2144 ἰθύοντα
643 2100 946 2158 στρατεύεσθαι]
961 2105 1056 2141 Dio-

393 2162 522 2212 nySIus
549 2160 674 2198 reddit
713 2158 1056 2211 προθυμούμενον

394 2214 694 2268 στρατεύεσθαι.
725 2219 896 2255 Verbum
920 2214 1057 2256 ἰθύειν

395 2273 498 2324 apud
551 2273 791 2311 Herodotum
838 2275 1057 2324 simpliciter

395 2331 495 2368 valet
515 2332 717 2378 instituere,
749 2333 968 2378 constituere,
983 2343 1059 2381 pa-

395 2399 485 2425 rare.
548 2387 605 2423 Cf.
636 2387 699 2432 lv,
723 2389 803 2427 122
824 2393 861 2423 et
891 2385 1058 2437 Hesych.

396 2445 432 2479 11
461 2455 550 2494 pag.
589 2445 642 2483 33
673 2438 803 2482 ἰθύει·
859 2443 1057 2494 βούλεται,

397 2499 568 2551 ἐφορμᾷ,
589 2497 761 2550 φέρεται.

455 2551 530 2595 οὔκ
550 2551 743 2606 ἐξεγένετό
769 2554 834 2603 οἵ]
867 2554 976 2593 Conf.
1000 2555 1058 2590 al-

397 2614 472 2649 lata
493 2611 542 2649 ad
562 2613 643 2659 VII,
665 2612 702 2653 4.
732 2611 795 2648 Ad
816 2612 930 2647 verba
951 2624 1057 2662 seqq.

397 2664 572 2718 πυρώσω
597 2666 666 2715 τὰς
690 2663 875 2718 Ἀθήνας
898 2669 1058 2704 wesse-

397 2726 537 2775 lingius
567 2725 713 2762 confert
741 2723 924 2761 Herodot.
958 2725 1056 2772 VIII,

402 2784 482 2822 102
511 2789 548 2818 et
579 2779 753 2819 Eustath.
775 2780 823 2819 ad
843 2781 886 2817 11.
902 2794 941 2831 p.
962 2783 1057 2828 706,

399 2840 454 2878 22
474 2852 504 2875 s.
525 2838 619 2886 594,
641 2838 680 2885 5,
714 2839 780 2890 qui
807 2843 980 2875 nostrum
998 2837 1058 2874 lo-

1107 1099 1198 1124 cum
1229 1094 1264 1122 et
1299 1083 1562 1135 Sophocleum
1592 1085 1633 1120 iu
1655 1085 1770 1121 Anti-

1106 1156 1197 1193 gon.
1209 1144 1291 1183 290
1303 1148 1463 1191 tangens
1475 1143 1657 1191 πυρῶσαι
1666 1140 1770 1177 idem

1106 1201 1233 1237 valere
1252 1204 1360 1234 notat
1380 1204 1493 1249 atque
1524 1196 1725 1248 ἐμπρῆσαι
1744 1199 1770 1234 1.

1107 1270 1140 1296 e.
1179 1255 1372 1293 incendere.
1439 1255 1522 1298 Quo
1551 1255 1633 1304 ipso
1654 1254 1771 1291 verbo

1106 1325 1201 1349 mox
1220 1313 1354 1348 Noster
1373 1311 1504 1347 utitur.

1167 1368 1263 1419 οἵγε
1275 1390 1330 1395 —
1341 1364 1526 1418 ὑπῆρξαν
1540 1362 1660 1405 ἄδικα
1678 1380 1771 1405 ποι-

1110 1425 1274 1472 εῦντες]
1338 1422 1380 1462 οἵ
1426 1438 1469 1476 γε
1498 1421 1547 1459 ad
1585 1418 1772 1474 Ἀθήνας

1109 1488 1266 1532 spectat,
1304 1480 1504 1527 structura,
1535 1478 1584 1516 ad
1614 1492 1771 1516 sensum

1112 1551 1229 1590 quam
1248 1543 1399 1584 vocant,
1421 1535 1526 1573 haud
1545 1536 1707 1584 insolita,
1724 1535 1772 1573 de

1112 1595 1187 1646 quit
1222 1594 1331 1644 plura
1361 1592 1465 1630 dabit
1492 1594 1538 1632 G.
1561 1594 1769 1632 Hermann.

1111 1651 1159 1688 ad
1180 1652 1308 1700 Viget.
1331 1663 1420 1700 pag.
1442 1648 1538 1690 714.
1573 1649 1636 1687 Ad
1656 1651 1772 1687 verba

1109 1706 1295 1757 ὑπῆρξαν
1312 1709 1517 1752 ποιεῦντες
1538 1707 1639 1744 conf.
1659 1707 1723 1755 IV,
1747 1710 1767 1747 1

1111 1771 1149 1800 et
1170 1763 1219 1800 ad
1237 1765 1374 1810 πρώτα
1393 1759 1533 1811 μὲν-
1549 1759 1712 1816 δεύτερα
1729 1760 1772 1803 δὲ

1111 1827 1208 1857 nott.
1234 1818 1282 1856 ad
1302 1820 1330 1866 I,
1352 1818 1448 1860 204.

1169 1871 1407 1926 ἀπικόμενοι
1426 1872 1647 1926 ἐνέπρησαν
1667 1871 1715 1914 τά
1732 1890 1772 1915 τε

1114 1930 1234 1972 ἄλσεα
1267 1931 1336 1971 καὶ
1357 1928 1403 1970 τοὶ
1425 1928 1509 1984 ἱρά]
1545 1932 1643 1968 Cum
1664 1939 1774 1969 ante-

1113 1989 1223 2027 cedat
1260 1985 1466 2036 ἒλθόντες,
1505 1989 1684 2025 Pauwius
1703 2002 1774 2039 pro

1114 2042 1351 2097 ἀπικόμενοι
1374 2046 1550 2082 substitui
1577 2046 1660 2082 vult
1687 2042 1775 2085 α’δι-

1113 2101 1278 2154 κόμενοι
1308 2101 1399 2151 (vel
1418 2103 1542 2152 potius
1565 2097 1774 2153 ἀδικεόμε-

1113 2160 1208 2210 νοι)
1225 2189 1235 2206 ,
1289 2157 1464 2196 Reiskius
1505 2154 1773 2212 ἐπισταμένῳ.

1115 2215 1227 2262 Quod
1254 2222 1435 2252 neutrum
1463 2213 1554 2251 huic
1573 2216 1658 2252 loco
1679 2227 1774 2252 con-

1114 2274 1241 2320 venit,
1271 2273 1311 2307 in
1342 2284 1418 2322 quo
1447 2272 1608 2308 verbum
1635 2266 1775 2311 οἷπικό-

1115 2344 1225 2380 μενοι
1245 2329 1332 2364 satis
1351 2334 1478 2364 tuetur
1487 2329 1692 2366 verbositas
1711 2329 1775 2365 illa

1113 2387 1154 2422 iu
1176 2383 1360 2421 Herodoti
1379 2385 1495 2421 Musis
1516 2385 1682 2422 crebrius
1703 2385 1776 2422 ob-

1115 2442 1189 2489 via,
1221 2448 1257 2477 et
1284 2441 1484 2491 peculiaris
1510 2442 1574 2478 ille
1595 2440 1774 2478 Herodo-

1115 2506 1199 2535 teae
1221 2499 1398 2535 orationis
1411 2498 1515 2534 color
1530 2505 1644 2550 atque
1663 2496 1776 2535 habi-

1116 2562 1189 2592 tus·
1261 2555 1348 2591 Non
1387 2567 1537 2604 prorsus
1587 2555 1774 2605 congruit,

1115 2614 1272 2662 opinor,
1303 2609 1409 2662 quod
1427 2611 1657 2661 Wesseling.
1680 2623 1773 2648 con-

1114 2668 1186 2705 fert
1206 2669 1269 2715 VI,
1290 2670 1355 2714 30,
1385 2667 1452 2704 ubi
1483 2664 1590 2718 ὄχθη
1629 2662 1773 2720 οἷγόμε·

1114 2739 1198 2771 νος.
1257 2725 1322 2760 Tu
1350 2723 1426 2761 vid.
1454 2723 1507 2760 ibi
1526 2730 1667 2760 notata.
1723 2722 1773 2759 Ut

1115 2780 1165 2818 ad
1184 2787 1357 2818 nostrum
1376 2781 1505 2817 locum
1525 2779 1690 2826 redeam,
1717 2779 1772 2816 lu-

1115 2851 1171 2875 cos
1192 2844 1342 2875 tantum
1363 2849 1406 2874 ac
1428 2836 1554 2887 templa
1581 2834 1643 2873 hic
1663 2847 1772 2872 com—
