1815 3181
281 467 347 512 59
406 467 624 524 διφθέρας
663 464 898 523 γράφουσι.

73 532 331 604 ’ἕῑζῑξιῗᾱῗέωἷῆθ

403 158 461 198 96

405 266 596 308 παλαιοῦ
648 263 691 306 οἷ
726 260 895 313 Ἴωνες,

807 154 1272 192 HERODOTI

946 261 1012 306 ὅτι
1059 262 1158 306 κοτὲ
1202 262 1250 306 ἓν
1306 261 1440 306 σπάνι
1490 263 1667 319 βύβλων
1723 266 1803 313 400

410 333 621 415 ἐχρέωντο
662 330 900 387 διφθέρῃσι
938 330 1106 387 αἰγέῃσί
1143 347 1188 374 τε
1224 330 1299 373 καὶ
1327 329 1489 388 ὀϊέῃσι·

1533 331 1613 374 ἔτι
1622 331 1670 375 δὲ

406 401 480 445 καὶ
510 399 560 443 τό
591 397 690 442 κατ’
721 399 793 454 ἐμε
820 400 975 442 πολλοὶ
1004 403 1091 442 τῶν
1120 397 1360 454 βαρβάρων
1390 399 1432 450 ἐς
1460 396 1665 449 τοιαύτας
1680 406 1724 440 10

349 626 437 657 ante
447 617 581 669 papyri
592 629 704 654 usum
711 616 1010 653 instrumentum

351 683 389 713 et
433 673 684 712 commodum
712 678 760 713 set
788 680 1009 724 promptum

349 733 592 783 praebuerint
622 730 740 781 pelles
761 729 810 766 ad
838 731 1010 767 scriben-

350 789 445 826 dum
454 790 540 825 satis
551 788 681 835 utiles3
701 794 743 823 ut
754 788 889 838 papyri
897 799 1011 823 usum

349 847 390 882 in
413 847 493 896 ipsa
515 845 599 880 Ae<r
574 851 714 895 gypto,
742 843 845 895 quod
874 850 931 879 tot
951 850 1011 880 te-

349 909 495 940 stantur
527 902 723 939 volumina
751 901 791 936 in
838 898 1013 937 Thebai-

350 960 402 997 cis
445 959 585 1010 cryptis
623 963 792 1009 reperta,

350 1029 494 1068 quum,
535 1015 652 1052 serius
685 1013 841 1051 demum
871 1012 961 1050 inde
990 1026 1012 1049 a

348 1070 621 1110 Psammetichi
639 1083 758 1121 regno
781 1069 903 1122 (quod
913 1070 1012 1106 inci-

349 1130 405 1180 pit
426 1130 472 1166 ab
494 1142 593 1165 anno
617 1130 694 1168 671
714 1140 748 1164 a.
771 1126 860 1163 Chr.
881 1139 944 1175 n.;
961 1126 1011 1163 cf.

349 1193 434 1223 nott
454 1185 503 1222 ad
520 1187 568 1233 II,
593 1184 692 1234 157)
714 1181 762 1220 ad
783 1184 871 1220 alias
884 1183 1011 1220 natio-

348 1256 416 1279 nes
429 1250 542 1295 atque
551 1242 904 1292 imprimisGraecos
919 1253 1010 1290 per-

349 1301 495 1337 venisse
516 1311 606 1336 cum
626 1297 764 1335 eodem
793 1298 874 1334 viro
897 1295 1009 1333 docto

349 1368 438 1407 pag.
461 1357 515 1396 82
537 1368 643 1407 seqq.
673 1361 835 1391 statuere
861 1354 1008 1401 malim,

349 1413 417 1449 ubi
436 1413 534 1450 bene
562 1413 625 1448 ille
657 1410 804 1459 adiicit,
831 1411 894 1448 vel
922 1417 1009 1446 ante

351 1467 681 1506 Psammetichum
707 1469 773 1505 vix
810 1468 863 1504 ita
901 1467 1010 1503 clau-

352 1538 433 1562 sam
462 1526 576 1562 fuisse
605 1526 848 1576 Aegyptum,
886 1530 929 1560 ut
961 1522 1010 1560 ad

351 1581 563 1620 Phoenices
583 1583 718 1633 byblus
733 1582 921 1632 pertinere
931 1593 1011 1617 non

350 1639 531 1690 potuerit.
598 1639 782 1684 Quocirca
827 1635 1012 1673 Herodoti

352 1696 469 1732 verba
489 1694 531 1734 ἓν
557 1690 681 1734 σπάνι
708 1691 893 1746 βύβλων,
923 1693 1013 1745 qui-

351 1752 420 1788 bus
430 1752 660 1788 nonnullum
670 1758 770 1788 certe
787 1751 893 1801 bybli
900 1762 1014 1786 usum

351 1809 507 1845 Ionibus
536 1809 596 1845 vel
624 1815 707 1844 tum
734 1808 847 1844 fuisse
867 1806 1014 1856 signifi-

353 1872 433 1912 cat,
467 1863 516 1901 ad
530 1866 656 1915 priora
677 1865 792 1901 etiam
811 1865 1014 1900 Psamme-

353 1920 456 1958 ticho
499 1928 674 1972 tempora
730 1933 821 1958 cum
875 1919 1014 1957 eodem

353 1976 544 2015 Nitzschio
570 1978 708 2014 referre
745 1979 890 2028 placet,
922 1989 1013 2013 cum

356 2047 433 2086 quo
469 2035 657 2071 crebriora
682 2033 840 2084 posthac
873 2032 963 2070 inde
991 2046 1013 2069 a

353 2089 624 2128 Psammetichi
645 2098 776 2138 aetate,
794 2091 1016 2141 praesertim

356 2147 546 2184 Amasidis
575 2148 644 2184 sub
666 2160 784 2197 regno
807 2145 936 2198 (quod
966 2147 1012 2182 ab

357 2216 458 2240 anno
499 2204 580 2244 570
616 2216 651 2240 a.
677 2202 767 2240 Chr.
791 2216 832 2240 n.
859 2203 1012 2252 incipit;

356 2261 405 2298 cf.
425 2267 521 2296 nott.
543 2258 591 2296 ad
610 2261 675 2307 ΙΙΙ,
700 2259 755 2310 1),
779 2261 1013 2296 Graecorum

356 2330 447 2354 cum
464 2318 662 2367 Aegyptiis
683 2316 912 2353 commercia
941 2315 1015 2350 sso-

357 2387 488 2421 ruere,
531 2386 575 2409 eo
614 2374 736 2422 magis
765 2374 880 2408 etiam
910 2371 1015 2422 bybli

355 2443 468 2467 usum
487 2443 554 2480 per
575 2430 737 2466 Graecos
762 2435 1015 2479 propagatum

355 2488 468 2524 fuisse
498 2493 797 2523 consentaneum
825 2486 884 2521 sit.
941 2484 1015 2520 At-

357 2557 431 2596 que
441 2544 501 2582 vel
512 2542 719 2593 διφθερῶν
732 2555 818 2578 usus
829 2541 1015 2592 pei-Grae-

355 2603 455 2637 ciam
477 2600 568 2637 olim
595 2601 712 2636 rarior
732 2600 844 2635 fuisse
864 2597 1014 2634 videtur

356 2658 398 2694 C.
423 2658 467 2693 Ο.
501 2657 660 2692 'Miillero
692 2656 889 2704 (Gotting.
915 2655 1013 2690 Anz.

359 2716 461 2753 1831
481 2726 537 2749 nr.
559 2715 609 2753 31
634 2725 720 2763 pag.
743 2711 822 2752 295
843 2723 925 2762 sqq.
955 2711 1013 2745 De

355 2769 434 2819 ipsa
456 2769 555 2820 hybla
575 2782 603 2806 s.
614 2781 751 2820 papyro
781 2766 859 2805 vid.
889 2768 1012 2803 Hero-

841 957 1013 1008 peranti—

952 465 1073 511 ’Ἰδον
1114 467 1160 510 δὲ
1197 467 1270 511 καὶ
1301 463 1434 518 αὐτὸς
1463 466 1668 523 Καδμήϊα

1066 614 1145 653 dot.
1176 617 1223 665 Π,
1255 618 1310 657 92
1329 617 1422 668 ibiq.
1454 622 1552 653 nott.
1618 615 1725 661 Quae

1065 674 1196 723 planta
1209 703 1218 720 ‚
1251 673 1355 725 quod
1371 674 1515 710 mirum
1534 685 1637 720 sane,
1658 673 1726 709 vix

1065 743 1169 766 nunc
1189 743 1258 780 per
1276 731 1500 782 Aegyptum
1527 729 1726 779 reperitur.
1785 751 1795 760 -

1067 785 1150 831 Qua
1189 785 1236 822 de
1275 800 1316 822 re
1353 800 1477 838 nuper
1515 784 1726 822 admodum

1066 843 1219 880 uberius
1250 841 1422 880 disseruit
1449 843 1517 880 Vir
1535 842 1727 879 nobilissi-

1067 913 1154 936 mus
1173 901 1231 935 De
1251 900 1450 947 Minutoli‚
1469 897 1727 935 Abhandlun-

1069 969 1143 1007 gen
1159 954 1414 994 vermischten
1423 954 1567 992 Inhalts
1579 955 1727 1005 (Berlin

1071 1015 1197 1063 1831)
1217 1015 1235 1049 Ι
1254 1026 1342 1064 pag.
1367 1012 1444 1053 114
1463 1025 1570 1064 seqq.

1125 1069 1165 1116 ἐς
1189 1067 1374 1116 τοιαύτας
1406 1068 1607 1121 διφθέρας
1623 1083 1726 1120 γρα-

1068 1127 1209 1174 φουσι]
1239 1128 1339 1163 Nota
1371 1127 1534 1163 verbum
1553 1122 1727 1177 γράφειν

1065 1180 1128 1219 hic
1151 1184 1340 1233 primitiva
1367 1182 1562 1229 incidendi,
1592 1180 1726 1218 inscul-

1060 1239 1174 1288 pendi
1206 1239 1364 1290 (literas
1397 1240 1438 1276 in
1467 1239 1611 1291 pelles)
1650 1249 1726 1274 no-

1064 1297 1182 1334 tione.

1286 1386 1378 1437 cap.
1405 1386 1510 1423 LIX.

1112 1461 1220 1504 ’Ίδον
1241 1461 1363 1504 δὲκαὶ
1381 1460 1516 1513 αὐτός]
1540 1465 1616 1501 Pro
1636 1463 1726 1504 ἴδον

1066 1522 1309 1559 Florentinus
1331 1519 1460 1569 εἶδον,
1492 1520 1597 1573 quod
1616 1534 1726 1558 rece-

1066 1580 1122 1629 pit
1159 1577 1340 1615 Matthiae
1357 1609 1366 1627 ,
1426 1585 1633 1615 annotante
1675 1579 1726 1615 H.

1067 1636 1203 1685 Apetz.
1227 1631 1335 1675 εἷδον
1355 1648 1467 1686 saepe
1480 1634 1582 1685 apud
1601 1636 1727 1672 Hero·-

1071 1691 1206 1728 dotum
1251 1693 1332 1728 sine
1382 1690 1595 1729 diversitate
1637 1692 1726 1741 legi,

1070 1747 1160 1787 ἴδον
1179 1761 1393 1800 numquam
1412 1749 1485 1785 nisi
1507 1761 1596 1784 cum
1623 1749 1728 1788 varia

1068 1805 1231 1842 lectione
1273 1802 1401 1852 εἴδους
1450 1805 1580 1856 itaque
1619 1800 1729 1844 εἶδον

1068 1861 1333 1899 Herodoteum
1342 1860 1474 1909 videri,
1489 1860 1577 1900 ἴδον
1588 1862 1729 1898 Gram-

1068 1919 1315 1966 maticorum,
1347 1918 1413 1970 qui
1440 1918 1607 1954 Ionismo
1640 1917 1729 1954 fue-

1070 1976 1144 2011 rint
1162 1976 1244 2026 ipso
1264 1974 1459 2012 Herodoto
1488 1974 1730 2012 amantiores.

1071 2031 1183 2077 Quod
1203 2031 1252 2068 ad
1272 2038 1544 2082 argumentum
1563 2032 1637 2068 loci
1668 2037 1728 2068 at-

1069 2089 1163 2125 tinet
1183 2101 1273 2125 sane
1293 2089 1578 2138 gravissimum,
1608 2099 1728 2138 appa-

1070 2152 1127 2181 ret
1154 2143 1248 2181 haec
1281 2145 1362 2194 ipsa
1392 2142 1504 2180 adiici
1535 2156 1557 2179 a
1576 2144 1726 2191 Nostro,

1070 2213 1145 2252 quo
1165 2201 1220 2236 rei
1238 2213 1376 2251 parum
1405 2199 1575 2237 credibili
1602 2200 1732 2237 maxi-
1776 2213 1780 2216 ·

1068 2270 1209 2309 meque
1229 2258 1348 2293 mirae
1368 2257 1585 2294 conciliaret
1598 2255 1729 2294 fidem.

1069 2315 1126 2350 Ac
1166 2314 1370 2350 Pausanias
1401 2326 1554 2365 quoque
1582 2314 1652 2361 IX,
1676 2315 1728 2353 10

1071 2371 1108 2415 §.
1124 2369 1149 2408 4
1162 2371 1260 2406 inter
1270 2369 1447 2421 tripodes,
1461 2369 1728 2421 quibusApol-

1068 2427 1154 2463 linis
1176 2428 1337 2467 ,Ismenii
1366 2427 1555 2477 templum
1572 2426 1644 2462 fuit
1664 2438 1729 2462 or-

1068 2490 1202 2519 natum
1215 2513 1224 2530 ,
1245 2496 1366 2519 unum
1385 2484 1623 2534 potissimum
1641 2494 1729 2519 me-

1070 2546 1194 2576 morat
1214 2539 1405 2590 tripodem
1425 2540 1647 2591 antiquitate
1661 2551 1728 2574 ae-

1072 2609 1146 2647 que
1185 2597 1436 2644 celebratum,
1475 2603 1587 2647 atque
1618 2593 1728 2632 dedi-

1071 2653 1189 2689 cantis
1214 2653 1354 2703 gloria‚
1395 2652 1598 2689 donarium
1627 2652 1726 2687 Am—

1050 2707 1280 2759 ·phitryonis
1301 2708 1365 2749 ἐπὶ
1384 2707 1567 2760 Ἡρακλεῖ
1576 2708 1727 2756 δαφνη-

1071 2762 1307 2817 φορήσαντι,
1338 2764 1440 2802 uude
1459 2771 1587 2802 tamen
1608 2764 1727 2800 alium
