1851 3181
145 950 285 978 Acanthii
302 950 420 979 laudati

144 993 164 1011 a
182 985 283 1012 Xerxe
298 985 420 1012 honori-

146 1021 263 1056 busque
280 1019 372 1048 aucti.

475 232 560 270 606

871 228 1331 267 HERODOTI

474 354 571 388 νου,
601 336 845 401 Στάγειρον
873 335 1001 381 πόλιν
1024 336 1209 382 Ἑλλάδα
1237 336 1629 395 παραμειβόμενος,
1659 337 1736 381 καὶ
1749 344 1792 379 85

477 405 651 450 ἀπίκετο
693 404 736 456 ἐς
765 404 1010 449 ’Ἁκανθον·
1062 405 1152 461 ἅμα
1190 404 1401 461 ἀγόμενος
1440 404 1611 451 τούτων
1644 404 1740 448 ἕκα-

477 486 581 517 στον
610 476 699 516 τῶν
734 472 901 516 ἐθνέων
943 474 1018 517 καὶ
1044 477 1134 517 τῶν
1172 474 1268 529 περὶ
1305 473 1354 517 τό
1381 473 1607 530 Πάγγαιον
1634 470 1741 526 ὅρος

478 539 734 592 οἰκεόντων,
793 540 953 597 ὁμοίως
997 541 1073 585 καὶ
1121 544 1210 584 τῶν
1257 539 1468 595 πρότερον
1519 540 1741 594 κατέλεξα·

477 609 580 659 τοὺς
609 609 687 664 μὲν
715 609 834 664 παρὰ
863 609 1092 653 θάλασσαν
1121 608 1228 664 ἔχων
1265 610 1520 666 οἰκημένους
1549 609 1598 653 ἐν
1628 625 1742 663 νηυ-

477 677 521 719 σὶ
558 678 949 733 στρατευομένους,
989 677 1092 728 τούς
1133 675 1170 720 δ’
1215 676 1322 731 ὑπὲρ
1351 677 1598 733 θαλάσσης,
1639 680 1799 734 πεζῇ9ο

447 743 734 802 Βέπομένους.
792 746 872 802 τήν
902 746 947 789 δὲ
976 743 1086 789 ὁδόν
1114 745 1290 801 ταύτην,
1319 749 1372 802 τῇ
1403 744 1607 802 βασιλεύς
1633 745 1743 799 Ξέρ-

477 814 551 867 ξης
588 812 666 856 τὸν
707 814 894 867 στρατόν
929 813 1087 869 ἤλασε,
1128 813 1228 857 οὔτε
1267 813 1500 870 συγχέουσι
1546 813 1743 871 Θρήϊκες,

479 879 570 924 οὔτ’
621 881 941 936 ἐπισπείρουσι,
990 882 1192 938 σέβονταί
1229 898 1273 925 τε
1313 883 1508 938 μεγάλως
1537 882 1587 926 τὸ
1619 882 1742 938 μέχρι

484 948 600 1004 ἐμεῦ.

421 1154 640 1208 λεομὲνου]
681 1158 812 1209 Syleus
841 1170 997 1209 campus
1017 1158 1077 1195 vi-

422 1212 532 1250 detur
549 1213 654 1250 idem
674 1229 753 1252 esse
781 1222 894 1267 atque
915 1214 1079 1266 Thucy-

422 1269 517 1307 didis
530 1271 648 1308 Aulon
657 1273 720 1320 IV,
750 1274 841 1319 103,
862 1273 933 1308 nisi
952 1273 1077 1322 potius

420 1327 549 1364 Aulon
569 1328 675 1379 Sylei
699 1329 825 1379 campi
845 1335 994 1379 partem
1016 1329 1078 1366 vel

420 1383 548 1421 fauces
577 1384 762 1436 quasdam
775 1413 785 1432 ,
805 1398 874 1435 per
889 1398 981 1437 quas
1002 1386 1079 1421 Ar-

420 1441 478 1477 nis
498 1442 559 1478 via
585 1441 689 1478 ducit
701 1443 954 1489 Bromiscu1n‚
975 1441 1079 1478 indi-

420 1504 496 1538 cat.
527 1498 637 1535 Conf.
655 1499 838 1536 Gatterer.
859 1499 885 1536 l.
907 1499 933 1535 l.
954 1512 992 1548 p.
1009 1500 1076 1538 83.

419 1552 489 1595 84.
560 1554 734 1604 Stagz'rus
771 1556 880 1603 urbs,
914 1554 1079 1607 Thucy-

420 1610 500 1649 did.
525 1610 591 1660 IV,
618 1613 683 1652 88.
713 1611 758 1661 V,
781 1615 821 1652 6.
856 1615 907 1653 18
926 1641 935 1659 ,
993 1612 1079 1647 AD-

421 1666 594 1704 driorum
615 1668 687 1704 fuit
711 1669 861 1705 colonia
879 1668 1078 1720 multaque

420 1737 598 1775 perpessa
626 1731 681 1761 est
718 1726 809 1762 belli
838 1726 1080 1775 Peloponne-

420 1782 512 1818 siaci
530 1788 718 1832 tempore,
763 1783 846 1828 Quo
873 1783 995 1831 magis
1015 1782 1080 1818 illa

420 1839 598 1875 inclaruit
635 1839 856 1886 Aristotele,
890 1851 1005 1891 quem
1027 1839 1081 1874 ibi

419 1902 556 1931 natum
575 1895 689 1932 fuisse
703 1908 819 1932 nemo
839 1897 971 1932 nescit.
1007 1894 1079 1932 Vi-

419 1965 510 1989 cum
526 1965 556 1989 s.
576 1948 716 2003 κώμην
727 1959 839 1990 vocat
859 1954 931 1989 Dio
954 1949 1080 2004 Chry-

419 2016 508 2046 sost.
530 2009 632 2047 Orat.
644 2009 789 2046 XLVII
804 2023 843 2060 p.
863 2009 956 2050 525.
981 2007 1080 2046 Add.

421 2065 547 2102 Strab.
571 2065 650 2102 VH»
660 2079 697 2116 p.
710 2066 791 2107 510
806 2079 885 2118 seq.
906 2079 934 2102 s.
947 2078 984 2116 p.
997 2067 1075 2106 331

419 2123 505 2159 coll.
523 2123 706 2160 Gatterer.
717 2123 741 2159 l.
757 2124 781 2159 l.
801 2136 840 2174 p.
855 2124 909 2163 89,
921 2129 957 2159 et
967 2123 1080 2158 Man-

419 2185 516 2214 nert.
549 2178 616 2214 VII
640 2192 678 2229 p.
701 2177 796 2219 449.
857 2180 1079 2216 Posterioris

420 2235 550 2271 aetatis
587 2237 807 2285 scriptores,
840 2242 883 2272 ut
904 2237 1078 2272 observat

419 2292 557 2328 Wasse
593 2290 641 2327 ad
670 2290 890 2342 Thucydid.
913 2292 979 2339 IV,
1012 2293 1078 2340 88,

421 2347 553 2385 dicunt
591 2359 744 2399 quoque
780 2344 828 2385 τοὶ
868 2345 1078 2399 Στάγειρα.

419 2425 476 2433 ———-
504 2406 562 2440 De
581 2404 743 2441 Acantho
760 2402 839 2440 dixi
860 2403 908 2440 ad
929 2403 992 2452 VI,
1010 2403 1077 2444 44.

477 2503 560 2558 ἅμα
591 2501 784 2558 ἀγόμενος
812 2502 965 2543 τούτων
986 2519 1022 2543 κ.
1042 2520 1077 2543 τ.

419 2564 482 2612 λ.]
527 2563 638 2600 Cous.
663 2568 758 2599 nott.
786 2561 835 2598 ad
868 2561 951 2609 VH,
984 2564 1077 2600 111.

420 2635 574 2659 τουτων
591 2618 678 2656 dedi
693 2631 761 2669 pro
771 2617 953 2657 τουτέων.
985 2618 1078 2654 Mox

421 2675 569 2727 ὁμοίως
595 2674 663 2714 καὶ
688 2690 771 2714 των
789 2670 982 2726 πρότερον
1005 2689 1078 2712 κα-

420 2732 552 2780 τέλεξα
581 2733 744 2769 breviter
764 2731 909 2768 dictum
939 2743 1007 2782 pro
1036 2726 1079 2770 ὁ-

423 2790 546 2841 μοίως
582 2788 650 2855 καὶ
697 2787 860 2828 ἕκαστον
913 2783 1076 2837 τούτων,

421 2842 495 2893 οὓς
523 2842 716 2897 πρότερον
735 2843 940 2892 κατέλεξα.

1127 2786 1398 2837 freundscleast.

652 947 728 1000 Ὡς
756 951 803 994 δὲ
833 950 919 1006 ἄρα
948 949 991 1001 ἐς
1019 949 1098 1007 τὴν
1115 949 1337 995 ’Ἀκανθον
1357 950 1545 1003 ἀπίκετο,
1577 951 1740 1006 ξεινίην

1191 1155 1283 1197 οὔτε
1316 1155 1549 1209 συγχέουσι]
1603 1156 1630 1194 ἱ.
1664 1169 1697 1195 e.
1725 1169 1794 1194 non

1135 1214 1376 1265 confundunt,
1435 1216 1652 1264 pervertunt.
1736 1214 1794 1250 Ita

1134 1270 1484 1321 Schweighaeuser.
1506 1272 1546 1307 in
1565 1270 1695 1308 Lexic.
1715 1271 1795 1306 He-

1133 1327 1256 1367 rodot.
1278 1329 1395 1365 citans
1414 1327 1480 1376 IV,
1494 1329 1587 1367 127.
1605 1326 1687 1375 VH,
1700 1327 1793 1374 136,

1134 1386 1219 1422 alia.
1249 1385 1420 1422 Perverti
1441 1390 1572 1420 autem
1598 1383 1703 1420 viam
1721 1395 1794 1419 ne-

1134 1455 1237 1479 cesse
1254 1442 1352 1489 erat,
1391 1441 1423 1478 si
1457 1439 1507 1477 ad
1530 1452 1639 1490 agros
1660 1440 1792 1477 colen—

1135 1498 1202 1536 dos
1221 1498 1285 1535 ill-22
1299 1496 1399 1535 terra
1429 1510 1458 1534 s.
1479 1496 1541 1533 via
1562 1497 1619 1533 uti
1637 1497 1793 1534 vellent.

1133 1557 1267 1607 Itaque
1286 1556 1387 1591 male
1412 1552 1537 1590 reddit
1565 1553 1791 1593 Gatterer.l.

1134 1613 1161 1649 l.
1188 1626 1226 1662 p.
1260 1614 1336 1652 76:
1373 1613 1424 1649 sie
1449 1610 1655 1661 bepfliigenr,
1694 1611 1793 1647 bene

1135 1668 1352 1720 caeteroqui
1381 1667 1574 1713 adficiens,
1593 1665 1693 1703 hanc
1712 1673 1793 1704 ter-

1135 1738 1237 1773 ram,
1274 1737 1373 1777 quae
1396 1730 1527 1775 postea
1545 1721 1792 1760 Macedoniae

1135 1782 1418 1828 accensebatur,
1438 1781 1485 1817 ab
1497 1779 1691 1817 Herodoto
1702 1778 1791 1816 addi

1136 1838 1339 1877 Thraciae.

1333 1983 1426 2034 Cap.
1458 1979 1594 2019 CXVI.

1193 2109 1344 2160 ξεινίην
1376 2123 1417 2149 τε
1449 2105 1471 2148 ὅ
1510 2106 1672 2159 Πέρσης
1689 2110 1794 2146 τοῖσι

1133 2161 1383 2206 Ἀκανθίοισι
1403 2166 1594 2217 προεῖπε]
1626 2161 1688 2200 Ad
1702 2176 1793 2200 sen-

1132 2236 1218 2260 sum
1246 2229 1348 2259 recte
1376 2221 1564 2260 reddunt:
1606 2219 1792 2257 Persarum

1134 2292 1197 2316 rea:
1224 2282 1401 2329 praecepit
1427 2278 1635 2324 Acanthis,
1664 2276 1792 2313 utho-
1848 2293 1851 2302 ·

1135 2335 1366 2386 spitalitatem
1384 2334 1595 2381 exhiberent,
1617 2346 1644 2370 S.
1657 2327 1801 2370 exeret.

1133 2396 1206 2429 tum
1223 2391 1370 2441 hospitio
1388 2393 1594 2442 exciperent.
1621 2390 1678 2426 Ita
1688 2390 1791 2426 euim

1133 2448 1343 2499 προείρητο
1376 2447 1457 2496 VII,
1489 2450 1569 2488 120
1603 2447 1689 2484 coll.
1710 2444 1793 2492 VII,

1133 2507 1201 2545 32.
1225 2507 1315 2544 119.
1345 2505 1472 2542 Minus
1500 2510 1614 2550 recte,
1647 2503 1794 2553 opinor,

1133 2559 1452 2598 Valckenaerius:
1513 2559 1700 2598 Acanthiis
1737 2560 1795 2596 ius

1134 2617 1280 2667 hospitia·
1308 2617 1454 2664 obtulit,
1498 2628 1616 2668 quem
1643 2621 1793 2652 secutus

1132 2675 1264 2724 Lange
1274 2674 1476 2711 vernacule
1493 2672 1694 2723 expressit:
1710 2683 1793 2708 ver-

1134 2731 1223 2767 hz‘ess
1249 2730 1315 2767 den
1344 2730 1560 2767 Acanthiern
1576 2731 1667 2766 scine
1681 2728 1791 2766 Gaet-

1133 2845 1173 2880 iu
1201 2842 1430 2896 quibusdam
1456 2839 1567 2882 codd.
1593 2839 1694 2876 male
1717 2851 1788 2876 ex-
1849 2833 1851 2858 ²

1465 2786 1542 2823 Pro
1573 2783 1598 2824 ό
1631 2782 1790 2834 Πέρσης
1849 2822 1851 2828 ,
