1851 3181
330 521 396 565 49

455 192 540 248 520

861 203 1322 242 HERODOTI

430 315 719 369 2,,λείψεσθαι
747 315 827 356 τοῦ
849 312 1055 374 ἐκείνων,
1084 311 1111 369 ἢ
1140 313 1213 356 καὶ
1233 310 1545 367 συναμφότερα
1564 313 1722 365 ταῦτα,
1779 315 1851 357 533

459 384 522 435 ,,εί
542 380 624 437 γάρ
655 397 724 424 τοι
753 380 888 437 ταύτῃ
920 381 1168 434 ἐνδεέστερα
1199 382 1402 436 φαίνεται
1433 379 1546 423 εἶναι
1582 379 1636 423 τὰ
1673 379 1722 436 ή-

458 450 641 505 ,,με’τερα
669 449 912 504 πρήγματα,
944 453 1135 503 στρατοῦ
1164 447 1218 492 ἂν
1247 449 1382 493 ἄλλου
1412 466 1475 500 τις
1504 447 1584 504 τὴν
1611 448 1723 503 ταχί-

455 530 588 574 ,,στην
619 517 798 572 ἄγερσιν
827 522 1039 561 ποιοῖτο.“
1093 517 1148 560 Ὃ
1179 515 1213 561 δ’
1236 516 1430 574 ἀμείβετο
1460 517 1611 571 λέγων·
1643 511 1748 568 „³521

457 588 683 643 ,,βασιλεῦ,
726 585 827 628 οὔτε
865 584 1054 640 στρατόν
1092 589 1253 629 τοῦτον
1295 584 1411 636 ὅστις
1457 601 1504 640 γε
1550 584 1725 628 σύνεσιν

457 657 567 710 ,ἔχει
604 651 801 709 μέμφοιτ’
844 651 921 706 ἂν,
971 652 1072 698 οὔτε
1101 658 1189 696 τῶν
1218 657 1331 696 νεῶν
1361 653 1409 697 τὸ
1438 656 1629 708 πλῆθος·
1669 652 1725 707 ἢν

459 722 506 767 δὲ
534 725 722 772 πλεῦνας
745 721 970 778 συλλέξῃς,
1019 721 1072 765 τοὶ
1104 725 1188 766 δύο
1222 739 1314 772 τοι,
1357 721 1410 764 τὰ
1438 721 1560 777 λέγω,

1619 725 1718 764 πολ.
1733 726 1753 760 5

457 794 547 846 ,,λῷ
587 789 647 833 ἔτι
688 787 985 844 πολεμιώτερα
1023 792 1199 845 γίνεται.
1257 789 1310 832 τοὶ
1353 790 1398 832 δὲ
1450 788 1532 833 δύο
1573 793 1724 842 ταῦτα,

433 858 582 911 2,,ἔστι
612 861 665 913 γῆ
697 873 739 900 τε
761 857 835 900 καὶ
866 855 1081 901 θάλασσα.

1143 855 1243 901 οὔτε
1273 857 1356 913 γάρ
1390 861 1467 914 τῆς
1504 856 1728 915 θαλάσσης

463 925 580 979 „gozi
618 925 750 980 λιμὴν
796 929 1004 976 τοσοῦτος
1050 924 1296 980 οὐδαμόθι,
1345 924 1402 976 ὥς
1442 924 1524 980 ἐγώ
1562 925 1728 979 εἰκάζω,

463 992 609 1046 ,,ὃ’στις
639 991 921 1049 ἐγειρομένου
950 996 1184 1049 χειμῶνος,
1233 992 1463 1049 δεξάμενός
1493 1004 1568 1036 σευ
1597 997 1728 1038 τοῦτο

434 1061 543 1113 3,,τὸ
565 1061 798 1114 ναυτικὸν,
840 1061 1083 1118 φερέγγυος
1114 1061 1230 1104 ἔσται
1261 1064 1475 1105 διασῶσαι
1508 1060 1586 1113 τοὶς
1616 1061 1727 1113 νέας.

464 1130 564 1181 ,,καί
585 1145 654 1172 τοι
683 1128 782 1173 οὐκὶ
814 1130 891 1174 ἕνα
912 1130 1048 1173 αὐτὸν
1067 1132 1134 1173 δεῖ
1166 1127 1279 1173 εἶναι
1308 1129 1384 1173 τόν
1413 1129 1586 1184 λιμένα,
1625 1130 1732 1174 ἄλλα
1745 1140 1786 1172 10

463 1197 608 1251 ,παρὰ
649 1200 796 1240 πᾶσαν
835 1198 915 1253 τὴν
955 1197 1166 1254 ἤπειρον,
1222 1196 1324 1252 παρ’
1360 1196 1415 1252 ἢν
1454 1196 1507 1253 δή
1547 1200 1731 1253 κομίεαι.

434 1264 579 1317 4,,οὐκ
623 1259 687 1308 ὧν
719 1264 772 1321 δή
805 1264 969 1309 ἐόντων
998 1283 1067 1310 τοι
1108 1264 1294 1322 λιμένων
1331 1264 1586 1318 ὑποδεξίων,
1617 1263 1732 1321 μάθε

608 1463 701 1513 Cap.
727 1463 870 1501 XLIX.

465 1515 570 1565 ’ὅστις
591 1534 633 1571 γε
664 1514 827 1558 σύνεσιν
860 1517 963 1570 ἔχει]
996 1519 1072 1571 ἔχει

409 1588 499 1613 cum
512 1577 627 1613 Gaisf.
642 1577 790 1622 retinui,
801 1577 865 1613 ubi
876 1577 1072 1628 Schwgh.,

410 1645 528 1685 quem
563 1634 734 1684 sequitur
771 1631 994 1682 Bekkerus,
1024 1648 1073 1671 ex

409 1690 490 1726 aliis
523 1690 627 1726 libris
658 1688 812 1726 dederat
827 1688 926 1739 ἔχοις
957 1693 1072 1741 paulo

408 1753 494 1797 post
523 1747 652 1797 scripsi
681 1759 770 1782 cum
790 1745 926 1788 Manli,
948 1745 1001 1797 ἢν
1031 1746 1074 1786 δὲ

409 1798 603 1856 πλεῦναξ,
625 1801 940 1853 ubiSohweigl1.,
963 1806 1074 1841 Gais-

407 1858 507 1896 ford.
521 1866 557 1896 et
568 1858 737 1897 Bekker.
760 1873 780 1896 e
800 1860 947 1898 duobus
960 1860 1072 1899 codd.

411 1915 663 1954 exhibuerant
701 1913 755 1967 ἤν
799 1931 838 1956 τε
884 1921 1073 1966 πλεῦνας.

410 1974 468 2008 De
508 1974 639 2010 formis
679 1974 864 2020 πλεῦνας,
923 1977 1075 2014 πλεῦνα

413 2029 462 2067 cf.
477 2029 644 2068 Fischer.
666 2029 715 2067 ad
729 2030 888 2068 Weller.
900 2033 918 2068 I
928 2046 966 2082 p.
981 2034 1075 2073 129.

689 2120 727 2166 ς.
762 2123 798 2160 1.

470 2194 562 2236 οὔτε
606 2193 681 2249 γὰρ
729 2200 801 2248 τῆς
838 2193 1074 2248 θαλάσσης]

411 2255 499 2291 Non
547 2255 716 2304 sequitur
755 2255 917 2290 alterum
967 2252 1077 2300 οὔτε,

413 2310 620 2348 verborum
639 2310 718 2347 scil.
732 2317 919 2347 structura
938 2311 977 2346 in
994 2325 1078 2363 sqq.

415 2368 640 2412 immutata,
680 2379 778 2417 quae
816 2368 888 2408 sio,
930 2368 1076 2417 opinor,

415 2422 621 2475 procedere
638 2421 819 2459 debebat:
843 2421 965 2472 Neque
977 2425 1079 2460 enim

416 2493 513 2518 mare
540 2480 609 2516 tibi
629 2486 781 2530 portum
812 2479 1078 2530 suppeditabit,

415 2549 524 2586 neque
562 2540 656 2573 terra,
695 2534 906 2588 quidquam
946 2538 1078 2573 auxilii

418 2594 486 2630 tibi
506 2593 722 2643 praebebit,
744 2592 810 2629 sed
838 2593 990 2629 inimica
1010 2595 1079 2630 tibi

421 2650 514 2695 erit3
544 2651 596 2700 γῆ
618 2646 660 2688 δὲ
705 2650 872 2700 πολεμίη
902 2648 997 2700 τῇδέ
1018 2664 1078 2689 τοι

417 2706 645 2745 κατίσταται
667 2704 703 2750 ξ.
734 2708 772 2744 2.
832 2706 940 2743 Cont'.
965 2707 1080 2743 etiam

416 2763 678 2799 Bornemanu.
712 2760 845 2803 Schol.
875 2760 924 2799 ad
948 2763 1081 2800 Evan-

419 2819 495 2870 gel.
529 2819 624 2856 Luc.
656 2831 745 2869 pag.
767 2820 858 2859 126.
915 2818 977 2856 Ad
1011 2832 1080 2858 vo-

1128 1477 1213 1501 cem
1247 1460 1464 1514 φερὲγγυος
1507 1462 1585 1500 vid.
1617 1469 1712 1500 nott.
1740 1462 1790 1500 ad

1128 1522 1173 1568 V,
1197 1523 1262 1561 30.
1294 1520 1527 1569 WVesseling.
1559 1521 1789 1557 excitaverat

1129 1576 1309 1627 Aeschyl.
1341 1577 1382 1613 S.
1405 1590 1435 1614 c.
1452 1575 1579 1615 Theb.
1591 1575 1674 1617 402
1693 1575 1789 1626 (392

1129 1634 1292 1680 Blomf.)
1311 1631 1408 1673 455.
1428 1630 1611 1674 476803
1635 1632 1791 1684 (quibus

1128 1698 1259 1727 tamen
1279 1690 1371 1725 locis
1398 1701 1477 1725 non
1500 1688 1547 1725 de
1574 1690 1698 1735 rebus,
1720 1688 1790 1726 sed

1131 1746 1178 1784 de
1198 1746 1417 1783 hominibus
1447 1746 1512 1781 illa
1532 1758 1610 1782 vox
1629 1744 1791 1783 adhibe-

1128 1807 1212 1849 tur)
1243 1800 1425 1853 Sophocl.
1445 1803 1584 1838 Electr.
1606 1800 1700 1842 948.

1186 1860 1253 1898 καί
1283 1874 1344 1898 τοι
1376 1854 1468 1897 ου’κὶ
1488 1857 1557 1897 ἕνα
1589 1855 1710 1898 αὐτὸν
1734 1859 1797 1898 δεῖ

1130 1932 1168 1955 κ.
1187 1931 1220 1954 τ.
1245 1917 1305 1964 λ.]
1338 1916 1363 1952 i.
1386 1928 1419 1951 e.
1441 1915 1559 1966 Atqui
1578 1928 1650 1951 nec
1671 1929 1794 1953 unum

1131 1973 1248 2010 modo
1269 1985 1348 2010 esse
1365 1979 1511 2022 oportet
1530 1979 1706 2023 portum,
1727 1971 1795 2009 sed

1131 2037 1281 2081 praeter
1318 2042 1475 2065 omnem
1511 2041 1639 2076 oram,
1677 2041 1796 2082 quam

1130 2084 1441 2138 praeterveheris,
1472 2084 1684 2122 istiusmodi
1704 2098 1796 2136 por-

1131 2151 1192 2181 tus
1240 2156 1318 2180 esse
1364 2141 1528 2179 debebit.
1572 2164 1628 2169 —
1702 2143 1797 2179 Mox

1133 2213 1203 2251 pro
1224 2200 1329 2249 vulg.
1361 2198 1548 2248 κομίζεαι,
1581 2197 1684 2249 quod
1705 2200 1796 2236 reti-

1133 2257 1216 2292 nuit
1235 2253 1429 2301 Matthiae,
1453 2267 1542 2290 cum
1563 2254 1798 2306 Sohweigh.,

1135 2312 1252 2348 Gaiss.
1285 2318 1321 2348 et
1341 2309 1524 2358 Bekker„
1547 2311 1796 2363 probantibus

1134 2367 1411 2406 Valckenaerio
1443 2374 1480 2404 et
1511 2369 1683 2405 Porsono
1711 2367 1797 2406 Ad-

1135 2426 1376 2475 verss.p.39,
1400 2423 1500 2461 edidi
1515 2424 1683 2474 κομίεαι.
1705 2426 1796 2462 Flo-

1135 2483 1305 2519 rentinus
1325 2494 1414 2517 cum
1434 2494 1512 2517 uno
1537 2482 1708 2518 Parisino
1727 2495 1796 2520 κο-

1135 2539 1293 2589 μίζεται.
1323 2539 1380 2574 De
1400 2538 1505 2574 verbi
1535 2536 1646 2574 huius
1666 2546 1736 2574 usu
1753 2537 1793 2572 in

1133 2595 1333 2631 maritimis
1365 2594 1560 2631 itineribus
1581 2594 1629 2631 cf.
1648 2594 1678 2642 1,
1703 2592 1793 2633 185.

1134 2653 1179 2700 V,
1203 2653 1294 2692 108.
1324 2651 1404 2697 VII,
1436 2651 1501 2692 58.

1192 2702 1268 2746 ov'n
1289 2700 1345 2745 οἶν
1364 2704 1414 2755 δή
1437 2703 1582 2745 ἐόντων
1608 2718 1668 2743 τοι
1689 2701 1793 2753 λιμέ-

1135 2779 1219 2802 νων
1249 2761 1499 2810 ὖποδεξίων]
1551 2755 1624 2800 οὔκ
1655 2752 1711 2798 οἷν
1741 2755 1792 2809 δή

1137 2820 1271 2871 optimi
1282 2820 1424 2872 quique
1441 2816 1553 2856 codd.
1575 2814 1794 2853 afferebant.
