1815 3181
387 228 474 269 350

789 224 1250 261 HERODOTl

470 333 582 377 „ov'ats
607 332 737 373 πόδες·
773 331 955 376 κραιπνὸς
978 330 1018 367 δὲ
1041 331 1271 377 μετέρχεται,
1302 332 1420 368 εἰσόκε
1442 333 1568 367 πᾶσαν

472 390 718 436 »συμμάρψας
744 387 860 425 ὀλέσει
881 388 1031 434 γενεὴν,
1054 389 1118 424 καὶ
1142 387 1244 424 οἶκον
1268 385 1427 424 ἅπαντα.

471 447 636 494 ,,Ἀνδρὸς
661 445 700 482 δ’
733 444 891 493 εὐόρκου
914 445 1018 492 γενεὴ
1043 446 1268 491 μετόπισθεν
1292 446 1462 492 ἀμείνων.

338 545 567 594 15,,Ταῦτα
605 537 797 591 α’κούσας
837 538 861 582 ὁ
901 542 1103 589 Γλαῦκος
1140 538 1402 596 συγγνώμην
1432 539 1510 582 τὸν
1539 536 1647 581 θεὸν
1663 545 1706 577 65

389 607 668 664 ,,παραιτέετο
699 607 819 665 αὐτῷ
848 609 985 663 ἴσχειν
1013 612 1102 651 τῶν
1133 607 1371 663 ῥηθέντων.
1419 606 1446 662 ἦ
1479 606 1524 650 δὲ
1558 609 1651 649 Πυ-

389 680 493 734 ,,θιή
525 676 628 732 ἔφη,
659 676 708 719 τὸ
730 680 992 732 πειρηθῆναι
1012 679 1093 720 τοῦ
1119 678 1251 726 θεοῦ,
1278 674 1352 717 καὶ
1379 673 1430 717 τὸ
1459 679 1651 730 ποιῆσαι,

387 745 513 800 ,,ἶσον
543 743 774 788 δύνασθαι.
839 747 1041 796 Γλαῦκος
1076 743 1156 800 μὲν
1187 742 1239 799 δὴ
1270 741 1652 799 μεταπεμψάμενος

392 815 522 869 ,,τούς
560 813 811 868 Μιλησίους
849 812 1040 864 ξείνους,
1096 811 1303 854 ἀποδιδοῖ
1341 821 1420 866 σφι
1457 809 1509 853 τὰ
1552 809 1651 866 χρή-

338 878 540 930 16»ματα
603 882 694 923 Τοῦ
731 879 777 923 δὲ
817 880 960 923 εἵνεκα
997 877 1020 923 ὁ
1050 877 1180 936 λόγος
1209 877 1305 930 ὅδε,
1344 873 1378 922 ὦ
1415 877 1709 934 Ἀθηναῖοι,70

389 941 605 1003 ’,ὁρμήθη
640 947 843 1004 λέγεσθαι
871 946 915 999 ἐς
955 946 1109 1005 ὑμέας,
1154 945 1380 1004 εἰρήσεται.

335 1141 484 1179 iurandi
499 1142 605 1179 velut
620 1145 813 1179 exactorem
835 1148 871 1179 et
885 1155 993 1193 prae-

331 1197 452 1235 sidem.
499 1194 656 1250 ’Όρκου
696 1197 858 1250 proinde
898 1203 993 1246 παῖς

332 1253 475 1307 aliquid
494 1262 688 1306 posterum
709 1262 746 1292 et
756 1268 991 1307 consequens

333 1318 407 1359 est,
428 1313 611 1349 nimirum
632 1311 908 1350 animadversio
930 1312 990 1349 di-

332 1368 443 1416 vina,
484 1382 582 1421 quae
610 1382 681 1406 nec
712 1371 872 1420 op1natis
898 1383 990 1420 per-

330 1424 423 1462 iuris
441 1427 710 1477 superveniens
738 1427 879 1463 fractae
903 1425 994 1463 fidei

330 1494 473 1533 poenas
493 1483 643 1534 infligit.
680 1482 790 1520 Idem
807 1482 993 1535 loquendi

330 1551 452 1589 genus
500 1541 541 1576 in
580 1538 801 1591 Epicharmi
850 1540 992 1591 fragm.

330 1595 435 1646 apud
464 1597 585 1634 Clem.
625 1598 738 1634 Alex.
770 1597 915 1636 strom.
937 1598 989 1634 VI

331 1665 420 1703 pag.
442 1653 536 1694 749.
593 1655 644 1691 Et
660 1653 834 1691 Eustath.
855 1655 991 1693 Amor.

331 1710 473 1747 Ismen.
494 1724 533 1760 p.
553 1709 635 1752 426
648 1740 657 1758 ‚
686 1712 752 1747 ubi
772 1707 896 1758 αἰδώς
916 1708 991 1763 γάρ

333 1770 427 1812 παῖς
462 1765 625 1818 ἐλέγχων
665 1767 758 1806 ἐστι’.
839 1768 994 1818 Excipit

334 1824 438 1859 enim
479 1823 550 1872 (ut
580 1823 684 1860 idem
707 1824 871 1862 Wessel.
894 1824 993 1860 bene

332 1878 533 1930 admonet)
556 1887 593 1917 et
605 1882 775 1933 sequitur
784 1879 995 1932 reprehen-

330 1937 479 1973 sionem
519 1936 655 1988 pudor.
721 1938 796 1975 Cr.
831 1938 995 1974 conferri

332 1994 414 2030 vult
433 1992 616 2030 Huschke
636 1996 675 2031 in
704 1993 887 2032 Matthiae
917 1996 995 2031 Mi-

333 2051 435 2087 scell.
463 2049 672 2102 philologg.
694 2066 732 2102 p.
756 2054 823 2092 21.
843 2053 994 2104 Heyne.

337 2106 386 2143 ad
415 2106 524 2144 Iliad.
545 2109 614 2155 lx,
645 2107 727 2150 498
748 2121 854 2160 seqq.

392 2160 582 2213 κραιπνὸς
610 2161 653 2202 δὲ
691 2163 935 2216 μετέρχεται]
966 2165 993 2201 i.

337 2232 370 2255 e.
394 2219 496 2256 celeri
524 2232 630 2256 cursu
657 2233 747 2270 pone
777 2223 934 2271 sequitur
962 2235 993 2258 s.

334 2275 506 2313 adcurrit.
564 2277 650 2313 Vox
688 2275 883 2328 κραιπνός
911 2279 996 2313 Ho-

335 2345 443 2369 mero
474 2333 672 2383 frequens,
725 2332 772 2369 de
806 2334 991 2384 procellis,

334 2390 456 2426 ventis
476 2389 555 2425 aliis
570 2402 721 2426 summa
739 2390 777 2426 vi
793 2397 906 2441 atque
926 2403 992 2425 ce-

335 2446 478 2482 leritate
505 2446 697 2482 ruentibus
711 2476 720 2494 ,
751 2459 788 2484 v.
811 2459 844 2483 c.
859 2445 990 2496 Odyss.

336 2503 379 2550 V,
420 2504 515 2544 385.
554 2503 616 2550 VI,
650 2504 724 2542 171
762 2509 833 2539 etc.
892 2504 991 2539 Hinc

337 2559 450 2609 vulgo
473 2557 643 2596 redditur
664 2559 770 2606 celer,
802 2559 989 2596 vehemens.

394 2611 638 2667 συμμάρψας
686 2611 810 2655 ὀλέσει
853 2613 991 2666 γενεήν

335 2670 404 2710 καὶ
429 2668 542 2711 οἷκον
576 2668 763 2720 ἅπαντα]
807 2668 992 2723 συμμάρ-

337 2738 419 2777 ψας
434 2728 491 2777 (id
503 2735 556 2766 est
576 2729 781 2776 convellens,
801 2728 989 2780 conterens)

338 2784 386 2821 ad
421 2786 501 2821 vim
529 2786 635 2822 verbi
664 2781 786 2825 ὀλέσει
815 2784 937 2837 (quod
952 2786 992 2821 in

338 2842 624 2881 coniunctivum
643 2838 756 2897 ὀλέσῃ
777 2842 917 2880 mutari
936 2842 992 2878 iu-

1446 945 1652 990 Γλαύκου

1051 1143 1115 1180 bet
1143 1142 1313 1183 Werfer.
1342 1143 1444 1180 Actt.
1475 1141 1585 1193 phill.
1625 1143 1708 1179 Mo-

1047 1212 1157 1237 nacc.
1181 1201 1198 1236 1
1217 1214 1256 1251 p.
1277 1202 1381 1246 273)
1405 1198 1622 1249 augendam
1638 1198 1710 1236 ad-

1046 1257 1190 1294 iectum
1220 1263 1328 1308 puto.
1399 1256 1509 1293 Conf.
1548 1257 1709 1293 Homer.

1047 1312 1119 1354 Od.
1139 1315 1209 1362 IX,
1232 1315 1328 1354 289.
1349 1316 1444 1354 311.
1467 1311 1562 1353 344.
1591 1313 1636 1350 11.
1656 1313 1709 1361 X,

1044 1369 1141 1411 467.
1199 1370 1402 1407 Caeterum
1441 1368 1490 1406 ad
1523 1367 1597 1405 hoc
1627 1371 1711 1422 Py-

1046 1425 1151 1463 thiae
1170 1427 1369 1464 oraculum
1397 1427 1600 1477 respiciens
1627 1427 1712 1478 Ly·-

1049 1496 1187 1535 curgus
1205 1482 1366 1521 Advers.
1377 1484 1550 1520 Leocrat.
1571 1496 1611 1534 p.
1629 1483 1711 1524 157*

1048 1554 1078 1578 s.
1111 1543 1193 1581 206
1215 1541 1329 1593 Tayl.
1361 1540 1424 1591 [p.
1448 1541 1528 1580 192
1548 1538 1709 1589 Reisk]

1047 1598 1237 1634 maximas
1268 1599 1320 1645 ei,
1352 1598 1419 1649 qui
1444 1596 1711 1633 iusiurandum

1047 1653 1152 1690 haud
1172 1655 1349 1702 servarit,
1380 1666 1523 1704 poenas
1550 1652 1711 1690 luendas

1051 1712 1224 1747 enuntiat
1236 1740 1246 1759 ‚
1275 1712 1446 1762 itemque
1464 1711 1587 1746 multo
1606 1711 1712 1761 prior

1049 1767 1236 1805 Hesiodus
1273 1769 1370 1819 Opp.
1402 1773 1439 1804 et
1479 1767 1580 1804 Dies.
1612 1766 1710 1814 258,

1052 1837 1168 1876 quem
1198 1825 1320 1861 attulit
1341 1821 1520 1860 Larcher.
1541 1845 1597 1850 -—
1631 1824 1710 1859 Pro

1050 1879 1293 1933 μετόπισθεν
1322 1882 1363 1917 in
1391 1881 1569 1931 proximo
1597 1892 1709 1917 versu

1050 1939 1113 1974 alii
1131 1933 1386 1977 κατόπισθεν.
1409 1960 1460 1965 --
1482 1936 1545 1973 Ad
1564 1951 1710 1988 παραι-

1049 1993 1154 2034 τέετο
1175 1995 1277 2032 conf.
1296 1995 1362 2043 111,
1396 1995 1475 2034 132
1495 2000 1532 2030 et
1551 1994 1597 2042 V,
1615 1995 1683 2034 33.

1106 2048 1148 2090 τὸ
1175 2054 1424 2104 πειρηθῆναι
1442 2072 1500 2078 —
1522 2046 1610 2090 ἴσον
1636 2045 1711 2089 δύ-

1050 2109 1225 2156 νασθαι]
1273 2110 1348 2145 Pro
1376 2102 1578 2146 δύνασθαι
1607 2105 1709 2157 apud

1052 2166 1174 2202 Clem.
1197 2165 1310 2202 Alex.
1331 2165 1474 2202 Strom.
1495 2165 1546 2201 VI
1565 2177 1603 2214 p.
1625 2164 1709 2203 719

1050 2220 1251 2273 γενέσθαι.
1282 2223 1332 2258 Et
1351 2220 1398 2257 ad
1417 2221 1539 2270 ipsam
1552 2226 1710 2256 senten-

1050 2279 1144 2314 tiam
1174 2277 1275 2314 conf.
1303 2277 1426 2314 simile
1452 2277 1649 2313 oraculum
1678 2277 1707 2324 1,

1054 2334 1132 2375 159
1160 2334 1246 2371 coll.
1281 2331 1475 2371 Plutarch.
1503 2334 1561 2369 De
1590 2333 1632 2370 S.
1660 2333 1708 2370 N.

1048 2391 1093 2427 V.
1109 2404 1148 2441 p.
1170 2389 1251 2431 656
1262 2391 1309 2427 D.
1331 2389 1431 2427 Add.
1453 2389 1710 2426 Hoffineister.

1048 2459 1136 2497 pag.
1154 2446 1223 2487 46.
1281 2448 1339 2484 Ac
1367 2459 1458 2484 sane
1477 2447 1599 2498 quivis
1619 2458 1708 2483 sen-

1048 2505 1134 2551 tiet,
1167 2510 1355 2555 quantum
1386 2502 1599 2540 istiusmodi
1619 2515 1708 2540 sen-

1047 2561 1187 2596 tentiae
1201 2559 1249 2596 ad
1260 2562 1406 2598 animos
1420 2558 1608 2596 humanos
1618 2571 1708 2610 per-

1048 2616 1259 2654 movendos
1289 2631 1332 2654 ac
1353 2615 1612 2668 percellendos
1637 2627 1707 2654 va-

1046 2674 1163 2711 leant.

1323 2730 1362 2775 §.
1393 2727 1433 2768 4.

1107 2780 1281 2838 αἷρμήθη
1324 2784 1535 2838 λέγεσθαι]
1594 2782 1704 2820 Conf-

1049 2848 1146 2884 nott,
1167 2842 1215 2879 ad
1235 2843 1301 2890 111,
1325 2842 1393 2883 56.
