1806 3181
285 149 369 189 814
844 150 1197 188 ADDENDA
1790 97 1806 250 1

285 256 338 291 Ad
362 258 406 301 V,
431 259 473 293 61
499 257 572 291 init.
586 267 662 302 pag.
681 257 758 293 100.
809 256 909 297 Quod
932 257 1123 302 Schweigh.
1146 257 1293 292 coniecit
1316 255 1432 298 αὐτὸς
1456 258 1535 303 (pro
1559 255 1709 302 αὐτὸν),
1731 258 1768 292 id

501 315 588 337 nunc
610 303 646 335 in
667 307 796 336 textum
824 304 956 348 recepit
979 304 1167 337 Bekkerus.
1194 324 1240 329 —
1263 305 1316 338 De
1334 307 1455 339 Cerere
1477 305 1636 339 Archaea
1658 305 1768 339 disse·
1803 337 1806 348 ,

500 349 570 382 ruit
592 360 726 393 quoque
749 349 920 382 Welcker.
945 350 1003 393 (ad
1028 350 1242 384 Schwenckii
1265 350 1406 384 librum:
1432 350 1678 395 Andeutungen
1700 355 1766 384 etc.
1802 350 1806 386 Ξ

498 406 533 440 p.
555 395 663 438 293)3
690 393 748 428 ubi
775 395 916 429 Terram
940 395 1035 442 ponit
1058 408 1125 430 non
1150 408 1224 430 esse
1248 396 1416 431 diversam
1439 408 1459 431 a
1491 397 1708 440 Pelasgorum
1732 399 1768 430 et
1801 395 1806 433 l

505 441 705 474 Cabirorum
733 440 870 475 Cerere.
1803 443 1806 445 ’

283 490 337 524 Ad
366 490 406 530 V,
429 490 474 526 63
498 498 578 532 pag.
597 488 674 521 103.
721 487 794 528 Ea,
824 499 912 532 quae
943 487 985 520 de
1011 487 1268 521 Paeonidarum
1298 486 1394 520 demo
1422 486 1466 520 ad
1489 486 1600 521 vicum
1623 486 1767 528 menidi,

499 536 539 566 ut
561 543 648 565 nunc
670 538 806 574 vocant,
828 534 893 567 sito
916 533 997 575 dixi,
1022 534 1183 579 probavit
1205 544 1339 578 quoque
1363 532 1463 575 Ross,
1487 533 1538 566 vir
1554 533 1685 575 doctus,
1709 531 1769 576 qui
1802 563 1806 570 ,,

500 590 607 622 nuper
629 579 702 623 ipse
726 579 810 612 haec
832 579 908 613 loca
932 580 1185 613 accuratissime
1216 578 1450 624 perlustravit.
1517 581 1546 612 A
1579 578 1656 612 vico
1690 577 1767 611 Me—

499 624 568 658 nidi
594 624 621 657 si
645 636 744 658 unam
769 625 884 659 horam
909 626 1118 670 alteriusque
1133 625 1356 670 quadrantem
1369 623 1596 664 adscenderis,
1620 623 1662 657 ad
1673 634 1768 656 mon-

497 671 542 704 tis
559 670 718 712 radicem,
733 671 793 704 ubi
816 683 923 716 prope
945 672 1044 715 iugis,
1067 672 1109 704 ad
1133 682 1243 716 aquae
1264 673 1389 703 fontem
1411 670 1521 703 diruta
1533 670 1636 703 aedes
1649 668 1768 703 Sancti

499 717 633 751 Nicolai
667 717 778 760 iacet,
814 719 1031 761 Lipsydrinm
1062 723 1162 750 vetus
1197 717 1299 750 situm
1331 716 1437 749 fuisse
1471 717 1527 749 ille
1548 715 1672 749 statuit
1693 715 1767 748 loco

497 764 585 796 bene
609 762 729 804 electo,
752 762 877 808 quippe
902 764 989 796 unde
1012 767 1085 796 tota
1108 768 1225 807 pateat
1248 761 1341 806 regio
1365 762 1520 807 undeque
1544 761 1642 794 simul
1658 760 1693 793 in
1716 760 1768 793 vi·-

499 809 576 842 cina
610 808 684 841 loca
716 810 802 841 bene
826 821 1006 842 excurrere
1028 809 1151 853 possis.
1199 808 1276 842 Vid.
1301 808 1444 842 Blatter.
1478 809 1503 842 f.
1525 807 1615 841 liter.
1638 807 1768 841 Unter-

500 855 643 897 baltung
670 856 758 889 1833
782 866 832 888 nr.
857 857 922 890 231
950 867 982 899 p.
1008 857 1088 889 955.
1642 849 1665 854 ”

278 902 332 938 Ad
357 902 398 945 V,
423 903 468 938 63
491 912 570 946 pag.
598 901 662 934 105
686 900 740 933 lin.
765 902 798 934 2.
847 901 899 934 Ad
923 898 1126 944 προφέρειν
1150 899 1329 933 Bekkerus
1352 899 1501 932 innota:
1525 909 1658 940 „nonne
1676 908 1768 941 προ-

500 946 686 990 φαίνειν.“
733 945 819 979 Mihi
844 947 908 980 hoc
933 947 1149 979 vehementer
1173 945 1340 990 displicet,
1364 945 1421 990 qui
1446 944 1557 977 malim
1580 955 1601 977 a
1628 943 1769 987 vulgata

496 999 601 1026 stare.
626 1010 672 1016 -—
695 991 734 1024 In
760 992 910 1036 proxime
927 1004 1023 1037 seqq.
1043 1003 1157 1025 vocem
1181 988 1301 1034 Ἀστήρ
1326 991 1403 1024 hinc
1427 991 1555 1024 excitat
1583 989 1691 1023 Lehrs
1714 988 1767 1022 De

498 1037 690 1071 Aristarchi
713 1038 832 1071 studiis
855 1050 887 1083 p.
913 1040 981 1072 302
1005 1039 1047 1071 de
1071 1042 1213 1071 accentu
1241 1048 1358 1081 agens,
1392 1047 1492 1081 quem
1513 1036 1548 1068 in
1580 1035 1767 1068 nominibus

498 1084 644 1128 propriis
671 1084 793 1117 mutari
813 1085 952 1126 volunt,
981 1089 1017 1117 et
1040 1084 1158 1117 similia
1186 1084 1274 1116 haud
1299 1094 1407 1128 pauca
1431 1082 1578 1115 afferens
1600 1080 1742 1114 nomina.

278 1131 332 1165 Ad
355 1132 398 1175 V,
423 1132 468 1167 63
491 1142 560 1175 pag
589 1131 654 1164 106
677 1129 736 1182 lin·
760 1132 783 1165 2
806 1141 868 1175 pro
891 1127 1061 1174 προσχεόν
1095 1130 1243 1163 Bekker.
1277 1129 1372 1163 dedit
1405 1132 1442 1162 et
1473 1128 1506 1162 h.
1530 1128 1553 1163 l.
1579 1132 1615 1161 et
1640 1127 1698 1169 VI,
1721 1127 1767 1162 33

499 1188 525 1209 π
552 1185 632 1209 οσσ
665 1187 726 1208 ων.

278 1222 332 1256 Ad
356 1222 398 1265 V,
425 1224 469 1258 63
492 1188 570 1267 pan.
599 1187 664 1257 1οξ
689 1221 748 1257 fin.
794 1221 880 1255 Add.
905 1220 1067 1254 Sintenis.
1093 1219 1136 1253 ad
1161 1219 1335 1254 Plutarch.
1358 1217 1579 1253 Themistocl.
1601 1218 1620 1251 I
1641 1229 1677 1262 p.
1700 1218 1736 1251 7.

276 1269 330 1301 Ad
356 1269 400 1312 V,
427 1270 470 1304 65
495 1279 573 1313 pag.
605 1269 670 1302 112
692 1267 751 1301 lin.
778 1268 808 1301 l.
855 1267 909 1300 Ad
932 1278 1049 1299 vocem
1075 1263 1253 1310 ἐπήλυδες
1276 1266 1363 1300 conf.
1387 1264 1576 1299 Blomfield.
1611 1263 1766 1297 Glossar-

497 1315 538 1347 ad
563 1313 720 1356 Aeschyl.
744 1313 842 1358 Sept.
870 1324 899 1346 c.
923 1313 1034 1346 Theb.
1058 1311 1115 1346 34.

278 1358 330 1393 Ad
355 1361 398 1402 V,
423 1361 468 1395 67
490 1371 570 1405 pag.
598 1361 677 1395 116.
721 1358 772 1391 Ad
802 1370 854 1399 ea,
891 1370 979 1402 quae
1009 1358 1051 1391 de
1081 1358 1267 1401 rhapsodt's
1302 1355 1558 1400 disputavimus,
1593 1353 1768 1399 pertinent

496 1417 585 1449 quae
607 1414 714 1448 nuper
737 1404 875 1447 scripsit
895 1404 1046 1436 Kreuser
1067 1403 1101 1436 in
1117 1403 1214 1444 libro,
1236 1402 1293 1447 qui
1309 1401 1522 1435 inscribitur:
1549 1400 1768 1434 Homerische

495 1451 702 1494 Rhapsoden
739 1449 856 1492 (Coln
891 1450 996 1493 1833)
1031 1460 1110 1493 pag.
1139 1451 1204 1483 119
1240 1460 1312 1493 seq.
1337 1449 1406 1483 296
1430 1447 1496 1490 (ibi
1520 1447 1621 1480 citat:
1647 1445 1768 1479 Fortia
1803 1464 1806 1477 2

494 1496 662 1529 d'Urban.
699 1495 848 1528 Homere
886 1500 920 1528 et
953 1506 1008 1528 ses
1043 1495 1146 1527 ecrits
1179 1505 1256 1539 pag.
1295 1496 1351 1529 80.
1379 1494 1452 1535 ΒΞ).
1499 1493 1569 1526 Ubi
1592 1493 1766 1535 observat,

495 1541 637 1587 primam
661 1541 724 1574 hoc
747 1541 819 1575 loco
843 1541 920 1573 fieri
943 1541 1189 1585 rhapsodoruln
1212 1540 1425 1581 mentionem,
1450 1549 1535 1584 quos
1561 1538 1610 1571 ita
1637 1549 1680 1571 ex
1703 1539 1767 1570 At·
1800 1555 1806 1586 ζ

494 1588 639 1621 ticorum
674 1598 748 1628 usu,
772 1587 830 1631 qui
855 1586 986 1620 scilicet
1009 1587 1073 1620 soli
1106 1587 1350 1631 rhapsodorum
1373 1596 1494 1619 nomen
1519 1588 1555 1618 et
1575 1584 1768 1618 invenerint
1800 1592 1806 1618 ε

494 1638 530 1667 et
553 1632 788 1678 propagatim,
811 1633 1006 1665 Herodotus
1021 1633 1164 1665 vocarit.
1802 1627 1806 1647 ³

276 1679 327 1713 Ad
352 1679 394 1722 V,
418 1680 463 1716 67
487 1691 565 1725 pag.
592 1681 669 1713 117.
718 1679 829 1712 Voces
852 1675 899 1711 τὰ
924 1675 1041 1711 πολλὰ
1066 1676 1191 1710 πάντα
1216 1673 1433 1720 (ὑμνέαται)
1446 1674 1574 1718 Negris
1594 1673 1767 1717 interpre-

495 1730 608 1759 tatur:
632 1721 727 1758 κατὰ
750 1722 792 1758 τὸ
816 1725 985 1757 πλεῖστον
1008 1722 1132 1766 μέρος,
1156 1728 1196 1756 ut
1217 1723 1337 1764 J‚203.
1362 1740 1408 1746 —
1431 1721 1484 1754 De
1509 1722 1659 1754 Adrasto
1683 1718 1765 1753 ibid.

496 1771 574 1805 add.
617 1771 789 1805 Welcker.
819 1770 863 1804 ad
902 1769 1027 1803 calcem
1067 1769 1144 1802 libri
1167 1767 1385 1802 Schwenckii
1416 1766 1654 1810 Andeutungg.
1696 1762 1806 1815 etmj

517 1829 570 1852 atr.
593 1818 672 1852 303.
1783 1822 1794 1828 ”

273 1863 329 1898 Ad
351 1864 395 1905 V,
419 1865 465 1899 67
489 1829 558 1908 ga}
590 1865 654 1897 118
689 1862 747 1895 lin.
783 1863 816 1896 2.
848 1862 883 1897 3.
940 1861 1008 1895 Pro
1043 1857 1193 1905 ἐκβάλοι
1229 1859 1405 1894 Dobraeus
1437 1857 1569 1892 mavult
1599 1852 1766 1901 ἐκβάλλῃ.

494 1909 582 1944 Mihi
605 1908 695 1942 haud
719 1918 804 1951 opus
826 1907 970 1941 videtur.
1018 1907 1097 1940 Vid.
1122 1907 1234 1940 citatt.

274 1954 327 1989 Ad
352 1955 396 1997 V,
420 1957 465 1992 69
489 1967 568 2001 pag.
594 1957 671 1990 125.
718 1953 887 1987 Herodoti
911 1954 1040 1986 verba:
1079 1950 1170 1986 δέκα
1195 1949 1234 1985 δὲ
1260 1949 1323 1984 καὶ
1357 1946 1449 1988 τοὺς
1481 1945 1627 1992 δήμους
1657 1944 1768 1980 κατέ-

492 2011 576 2042 νεμε
600 1997 637 2040 ἐς
659 1998 726 2039 τοὶς
761 1997 882 2043 φυλάς
900 1999 1026 2042 Negris
1049 1998 1098 2032 ita
1121 1999 1216 2042 iungi
1239 1997 1334 2030 vult:
1367 1993 1402 2034 ἐς
1425 1993 1494 2034 τὰς
1518 1993 1608 2028 δέκα
1632 1990 1671 2026 δὲ
1696 2004 1766 2035 φυ-

494 2043 561 2085 λοὶς
608 2045 780 2088 κατένεμε
796 2045 859 2079 καὶ
883 2042 971 2085 τούς
987 2042 1140 2088 δήμους.
1163 2064 1209 2069 -
1227 2043 1266 2076 Ιιι
1289 2043 1404 2075 verbis
1427 2040 1527 2086 paulo
1562 2038 1767 2073 anteceden-

501 2094 594 2126 tibus
618 2093 793 2126 Bekkerus
816 2092 852 2124 in
876 2091 950 2136 ipso
973 2098 1071 2124 textu
1094 2090 1234 2123 retinuit
1257 2086 1341 2122 τότε
1363 2085 1509 2128 πάντα,
1547 2085 1608 2119 sed
1627 2084 1664 2118 in
1686 2089 1767 2118 nota

493 2138 580 2172 haec
604 2139 744 2172 adiecit:
771 2135 950 2180 ,,πα’ντων
974 2137 1050 2178 alii3
1076 2148 1119 2170 an
1143 2134 1352 2173 πάντως-24(
1399 2132 1485 2166 Mihi
1506 2130 1674 2176 displicet.
1704 2172 1712 2183 '

275 2182 328 2216 Ad
352 2183 393 2225 V,
417 2185 462 2219 69
485 2195 565 2228 pag.
592 2186 658 2219 125
682 2185 718 2217 in
741 2184 850 2217 altera
873 2183 1014 2216 column.
1041 2183 1099 2217 lin.
1126 2184 1168 2218 11
1205 2182 1247 2216 ab
1279 2181 1342 2213 inf.
1376 2182 1455 2225 post
1487 2176 1765 2222 φυλοβασιλεων

494 2230 709 2262 inserendum
726 2231 855 2271 fecerit
875 2230 1090 2262 mentionem.

274 2274 326 2309 Ad
350 2276 394 2318 V,
418 2276 462 2312 71
486 2287 566 2320 pag.
594 2277 671 2309 127.
697 2277 774 2310 128.
823 2276 974 2308 Verbum
998 2272 1150 2317 ἐκόμησε
1174 2272 1303 2317 Negris
1324 2271 1573 2313 interpretatur
1596 2263 1765 2319 ἐμεγαλρ-

495 2318 696 2364 φρόνησεν·
723 2319 853 2365 ἔβαλεν
878 2321 929 2359 εἰς
950 2317 1017 2354 τὸν
1050 2320 1143 2354 νοῦν
1168 2329 1258 2352 του·
1283 2315 1514 2360 ἐφαντάσθη.
1561 2313 1654 2346 Idem
1676 2322 1765 2366 τονς

495 2364 703 2410 Πρυτάνεις
727 2366 802 2400 τῶν
827 2365 1064 2409 Ναυκράρων
1089 2377 1154 2399 non
1178 2365 1260 2398 alios
1285 2363 1389 2396 fuisse
1418 2363 1517 2406 putat
1549 2364 1653 2403 atque
1673 2368 1764 2396 τους

495 2413 729 2452 ὅιοικοῦντας
755 2408 946 2455 ἄρχοντας.
993 2413 1049 2445 Tu
1073 2412 1140 2444 vid.
1165 2414 1251 2444 nott.
1268 2414 1394 2442 nostra.

275 2458 327 2492 Ad
351 2460 394 2501 V,
416 2460 461 2494 71
486 2470 565 2504 pag.
592 2461 669 2494 130.
717 2459 770 2491 Ad
793 2469 907 2491 vocem
930 2454 1114 2500 ὑπέγγυος
1136 2456 1334 2500 (sponsione
1356 2451 1546 2496 adductus)
1571 2451 1614 2485 cf.
1650 2449 1764 2484 Blom-

492 2505 584 2540 field.
607 2505 642 2538 in
667 2505 820 2539 Glossar.
847 2503 889 2537 ad
915 2504 1068 2546 Aeschyl.
1095 2503 1286 2546 Choephor.
1312 2511 1360 2544 vs.
1388 2501 1444 2535 35.

276 2549 324 2583 Ad
350 2548 392 2592 V,
413 2551 459 2585 72
483 2562 563 2596 pag.
589 2552 666 2586 130.
715 2549 912 2604 Locis-ubi
936 2561 996 2594 pro
1032 2547 1136 2602 ἕσσον
1153 2545 1449 2626 ‘res-tituilvlq‘oaov,
1473 2540 1675 2623 {idtdeIIL
1700 2539 1762 2620 ΖΞ.

495 2598 576 2676 ἒέιῗὲ
593 2595 1305 2687 2³523131¹5n011¹03⁵tfss<53¹⁰v01‘?}‚¹¹}'2¹‚0?¹¹i‘3<,⁰
1318 2601 1471 2672 &ime
1489 2600 1545 2689 {⁸
1589 2597 1680 2622 Μ’

274 2687 327 2721 Ad
353 2687 395 2729 V,
419 2688 464 2723 72
486 2699 566 2767 pag.
590 2690 656 2724 131
681 2689 742 2722 inf.
792 2688 843 2722 Ad
868 2699 982 2770 v505cem
1010 2683 1151 2721 ἄδυτον
1175 2697 1263 2732 quae
1286 2681 1473 2728 adscripsi,
1501 2691 1543 2715 ns
1572 2678 1648 2714 add.
1670 2679 1762 2710 Rose

514 2734 600 2768 nscri
628 2740 669 2769 tt.
692 2737 774 2769 Grr.
825 2761 832 2768 .
860 2737 875 2769 1
928 2757 937 2766 .
1796 2708 1806 2803 1

275 2778 328 2812 Ad
353 2779 395 2822 V,
421 2780 467 2815 73
491 2791 567 2825 pag.
595 2746 660 2816 1p33
683 2780 758 2814 init.
798 2746 897 2814 ¹lilale
930 2778 1070 2813 retinuit
1102 2778 1279 2812 Bekkerus
1310 2771 1405 2818 πρὸς
1433 2766 1760 2811 Λακεδαιμονίους,
