1834 3258
445 250 926 289 POLYMNIA.
984 252 1094 291 Vll.

112 360 277 410 πάντας
314 357 418 410 τούς
444 357 629 411 Σκύθας
668 359 873 404 καλέουσι
912 361 1077 414 Σάκας.

1294 254 1380 295 549

1148 362 1380 417 Βακτρίων

111 429 158 472 δὲ
186 427 258 470 καὶ
291 426 473 469 Σακέων
510 422 615 483 ἦρχε
653 426 917 484 Ὑστάσπης,
960 428 984 472 ὁ
1015 431 1211 484 Δαρείου
1232 446 1277 473 τε
1306 430 1380 473 καὶ
1393 434 1438 471 4ο

0 495 44 541 ἰ5
105 495 305 550 Ἀτόσσης
339 498 416 550 τῆς
458 494 626 550 Κύρου.
683 495 808 540 Ἰνδοὶ
847 497 893 540 δὲ
920 497 1072 552 εἵματα
1097 497 1178 553 μὲν
1199 499 1372 542 ἐνδεδυ-

106 562 230 614 κότες
260 560 347 605 ἀπὸ
379 560 522 613 ξύλων
550 563 839 619 πεποιημένα,
873 563 977 615 τόξα
1002 565 1048 608 δὲ
1076 565 1293 622 καλάμινα
1325 564 1380 609 εἷ-

106 646 208 686 χον,
251 630 324 673 καὶ
365 627 538 683 ὀϊστούς
566 634 857 688 καλαμίνους·
898 631 967 675 ἐπὶ
998 633 1067 684 δὲ,
1101 635 1283 690 σίδηρον
1311 629 1379 690 ἦν.

105 697 358 754 ἐσταλμένοι
387 696 466 751 μὲν
496 697 549 753 δὴ
579 693 693 753 ἦσαν
722 699 839 743 οὕτω
862 698 1010 743 Ἰνδοί·
1041 702 1381 758 προσετετάχατο

96 766 154 810 ’δὲ
193 764 589 821 συστρατευόμενοι
645 766 945 824 Φαρναζάθρῃ
990 784 1052 826 τῳ
1098 767 1379 826 Ἀρταβάτεω.
1391 771 1476 860 45ΑΥ

0 839 39 884 ἰ6
94 832 238 889 ’Ἀριοι
268 834 314 877 δὲ
342 833 504 887 τόξοισι
534 836 614 890 μὲν
643 836 952 891 ἐσκευασμένοι
977 831 1092 892 ἦσαν
1121 840 1377 894 Μηδικοῖσι,
1435 832 1520 894 613),

76 901 159 945 Ξτα
203 901 249 944 δὲ
288 901 396 946 ἄλλα
440 903 551 947 κατά
590 918 670 957 περ
712 901 937 959 Βάκτριοι.

1003 903 1163 959 Ἀρίων
1204 906 1250 949 δὲ
1276 901 1378 961 ἦρχε

105 969 332 1026 Σισάμνης
362 969 386 1014 ὁ
412 970 655 1026 Τδάρνεος.
716 970 895 1026 Πάρθοι
925 972 984 1024 δὲ,
1013 974 1088 1016 καὶ
1117 973 1382 1028 Χοράσμιοι,

104 1039 179 1082 καὶ
209 1041 381 1094 Σογδοί
408 1055 453 1082 τε
482 1040 556 1082 καὶ
585 1039 828 1093 Γανδάριοι
849 1041 922 1084 καὶ
944 1044 1160 1093 Δαδίκαι,
1191 1040 1272 1097 τήν
1294 1039 1379 1083 αὐ-

104 1105 187 1163 τήν
206 1106 556 1162 σκευὴνξὲχοντες
585 1106 664 1162 τήν
693 1109 765 1152 καὶ
797 1108 1021 1165 Βάκτριοι,
1053 1108 1380 1165 ἐστρατεύοντο.

76 1173 281 1218 3τούτων
311 1174 357 1218 δὲ
388 1169 524 1230 ἦρχον
555 1176 658 1217 οἵδε.

720 1175 920 1232 Πάρθων
949 1178 1029 1234 μὲν
1057 1178 1132 1221 καὶ
1162 1177 1439 1233 Χορασμί-ὂο

104 1259 189 1294 ων,
226 1241 486 1298 Ἀρτάβαζος
508 1239 531 1284 ὁ
574 1243 841 1297 Φαρνάκεω·
882 1247 1075 1300 Σογδῶν
1105 1246 1173 1299 δὲ,
1200 1243 1380 1300 Ἀζάνης

104 1310 130 1354 ὁ
170 1310 367 1366 Ἀρταίου
385 1327 396 1338 ·

49 1487 143 1524 bum
163 1500 185 1524 a
215 1487 471 1538 septentrione
492 1486 712 1538 Sogdianae

47 1544 149 1580 intra
183 1544 329 1581 Caliam
357 1557 401 1581 ac
440 1545 595 1596 Byltam
632 1545 711 1582 sive

46 1601 231 1638 Baltistan
262 1614 305 1638 ac
336 1602 523 1639 Tibetum
553 1614 712 1653 parvam

13 1674 17 1676 >
48 1655 236 1696 habitasse
255 1659 377 1709 ponit.

263 1738 357 1789 cap.
376 1738 497 1777 LXV.

105 1811 189 1857 άπὸ
221 1813 351 1865 ξύλων
372 1815 649 1869 πεποιημένα]
685 1818 711 1855 i.

49 1887 84 1910 e.
113 1877 222 1911 vestes
259 1887 277 1911 e
318 1877 482 1925 gossypio
518 1874 712 1925 consectas.

47 1929 134 1968 Vid.
154 1937 249 1968 nott.
270 1930 319 1967 ad
338 1931 404 1979 ΙΙΙ,
422 1934 499 1972 106
521 1938 557 1967 et
578 1930 625 1968 de
640 1944 714 1968 usu

47 1988 334 2038 praepositionis
364 1983 444 2026 άπὸ
476 1986 611 2024 Matth.
645 1989 713 2025 Gr.

49 2045 117 2080 Gr.
149 2045 186 2089 §.
206 2042 301 2084 374.
322 2045 360 2081 b.
390 2051 471 2081 not.
500 2057 586 2095 pag.
618 2046 712 2084 688.

47 2101 143 2136 Mox
155 2101 221 2136 ubi
242 2099 338 2138 dixit
356 2097 454 2148 τόξα
465 2099 664 2151 καλάμινα
675 2107 712 2138 et

49 2152 206 2204 ὀϊστούς
226 2157 491 2207 καλαμίνους,
536 2159 711 2208 cogitan-

48 2213 143 2251 dum
159 2213 207 2251 de
218 2214 402 2251 arundine
411 2214 555 2263 Indica,
566 2216 627 2252 cui
636 2228 711 2251 no-

47 2284 138 2307 men
148 2271 322 2308 Bambus.
351 2271 436 2310 Vid.
460 2279 555 2309 nott.
578 2271 625 2308 ad
646 2273 711 2320 ΠΙ,

50 2329 118 2368 98.
175 2329 220 2364 In
248 2341 356 2380 seqq.
397 2330 531 2380 optimi
570 2330 713 2381 quique

51 2383 164 2420 codd.
178 2385 306 2422 ferunt
317 2385 495 2436 σίδηρον,
508 2385 612 2438 quod
624 2386 714 2422 ferri

51 2453 160 2490 posse
199 2449 326 2478 censet
354 2443 587 2494 Wesseling.
627 2443 714 2479 lau-

53 2495 147 2533 dans
185 2497 292 2534 Aret.
333 2498 548 2549 Cappadoc.
586 2500 711 2538 Morb.

51 2554 230 2590 Diuturn.
251 2555 298 2601 ΙΙ,
334 2558 382 2595 13
403 2569 441 2605 p.
459 2555 535 2597 134
551 2555 636 2605 (ubi
657 2557 712 2595 σι’-

53 2609 188 2660 δηρα).
245 2611 291 2646 In
322 2610 512 2649 Sancrofti
538 2613 634 2650 libro
653 2614 714 2650 le-

51 2667 153 2717 gitur
176 2666 351 2718 σίδηρος.
409 2667 488 2705 Sed
516 2668 594 2710 vid.
614 2677 711 2708 nott.

53 2722 101 2760 ad
119 2725 204 2772 VII,
229 2725 293 2764 16.

256 2802 508 2854 oap.va1.

96 2866 236 2922 ’Ἄριοι
265 2868 309 2911 δὲ
329 2885 365 2913 κ.
395 2886 429 2911 τ.
450 2871 506 2921 λ.]
538 2872 596 2908 De
615 2871 714 2910 Ariis

465 1312 729 1367 Γανδαρίων
771 1313 818 1357 δὲ
846 1314 919 1358 καὶ
939 1313 1190 1365 Δαδικέων,
1225 1310 1378 1368 Ἀρτύ-

768 1486 935 1526 diximus
965 1487 1014 1526 ad
1042 1488 1124 1537 VH,
1147 1491 1214 1530 62.
1272 1489 1367 1525 Mox
1386 1480 1437 1538 ἦ-

770 1557 844 1584 σαν
875 1545 963 1583 dedi
990 1559 1059 1597 pro
1091 1545 1186 1585 ἔσαν
1215 1552 1253 1582 et
1280 1542 1438 1585 τούτων

768 1615 838 1654 pro
870 1601 1062 1650 τουτέων,
1097 1610 1141 1640 ut
1160 1604 1250 1648 VII,
1272 1605 1324 1643 68
1346 1602 1434 1639 coll.

769 1662 838 1700 69.
896 1661 954 1696 De
988 1659 1135 1697 Parthis
1149 1691 1160 1708 ‚
1205 1659 1435 1705 Chorasmiis,

772 1715 975 1767 Sogdi-sque
1005 1716 1172 1753 diximus
1194 1715 1242 1753 ad
1270 1717 1336 1763 ΠΙ,
1367 1717 1434 1763 93,

770 1772 818 1810 de
839 1773 1039 1812 Gandam·z·s
1059 1781 1097 1812 et
1117 1773 1271 1811 Dadicis
1299 1771 1349 1809 ad
1367 1772 1435 1820 III,

829 1962 904 2017 τὴν
941 1958 1074 2015 αύτῆν
1108 1959 1258 2014 σκευὴν
1282 1960 1437 2013 ἔχοντες

770 2018 845 2073 τὴν
884 2019 950 2060 καὶ
990 2017 1208 2073 Βάκτριοι]
1266 2020 1438 2057 Pertinet

770 2077 846 2116 huc
879 2077 1242 2128 Struvii(Speci1n.
1280 2077 1434 2122 Quaest.

768 2137 787 2172 I
807 2150 846 2186 p.
867 2135 936 2180 25)
970 2135 1178 2181 annotatio,
1200 2134 1266 2170 ubi
1286 2132 1325 2170 h.
1347 2134 1372 2172 l.
1396 2139 1434 2169 et

767 2193 908 2230 similes
930 2205 979 2228 ex
1008 2191 1204 2229 Herodoto
1225 2189 1361 2234 affert,
1392 2191 1436 2226 in

771 2251 908 2302 quibus
925 2247 1154 2286 antecedens
1173 2260 1388 2299 pronomen
1413 2243 1437 2285 ὅ

771 2302 891 2352 αύτός
912 2307 1054 2357 excipit
1073 2306 1277 2343 relativum
1289 2304 1434 2355 aspira-

769 2364 873 2400 tione
907 2364 1073 2410 reiecta‚
1114 2361 1182 2399 sed
1211 2361 1339 2398 addita
1385 2358 1435 2397 ad

768 2421 956 2456 maiorem
974 2420 1185 2457 sententiae
1209 2419 1290 2456 vim
1311 2431 1354 2454 ac
1374 2424 1435 2453 te·-

769 2490 905 2514 norem
943 2476 1128 2528 particula
1165 2476 1246 2515 καί.
1275 2497 1332 2502 —
1388 2475 1435 2510 In

769 2548 852 2586 sqq.
871 2533 920 2571 ad
938 2547 1083 2571 nomen
1097 2528 1434 2596 Ἀρτύφιοςὶιουά

770 2593 847 2628 scio
891 2604 941 2627 an
993 2592 1180 2641 pertineat
1222 2583 1437 2639 Ἀρτύβιος

771 2646 896 2699 (quod
924 2649 1052 2698 ipsum
1080 2646 1142 2683 hic
1171 2644 1329 2698 quidam
1349 2643 1435 2679 libri

769 2704 983 2751 afferunt),
1023 2705 1089 2756 qui
1118 2707 1355 2739 memoratur
1385 2700 1433 2747 V,

774 2763 851 2801 108
873 2768 910 2797 et
928 2759 1113 2808 V11‚224‚
1135 2759 1201 2795 ubi
1219 2752 1433 2807 Ἀρτάνης,

770 2816 876 2868 quod
908 2818 1033 2868 ipsum
1064 2814 1138 2851 hoc
1167 2815 1252 2851 loco
1288 2813 1433 2865 aliquot

768 2874 854 2911 libri
883 2871 1127 2924 suppeditant
1150 2883 1221 2923 pro
1248 2865 1437 2922 Ἀζανης

1431 506 1507 534 Indi.

1503 832 1648 894 .Part¹hi.

1614 867 1714 908 8οΞ

1437 875 1711 930 dia1=i.SGandarr=.1

1435 934 1580 963 Dadicae.
