1851 3181
437 192 522 232 512

834 189 1299 228 HERODOTI

441 301 569 356 σγίδα
607 299 997 354 παραμειβόμενος.
1027 299 1108 354 τὴν
1131 298 1253 355 Ἴδην
1289 299 1336 342 δὲ
1364 296 1513 349 λαβών
1543 298 1585 349 ἐς
1613 296 1706 353 ἄρι-

411 367 599 423 3στερὴν
637 367 764 422 χέρα,
808 367 876 423 ἤϊε
907 367 950 418 ἐς
988 365 1069 422 τήν
1110 365 1268 410 Ἰλιάδα
1297 370 1394 424 γῆν.
1452 366 1527 410 καὶ
1554 369 1708 420 πρῶτα

441 434 520 492 μέν
550 437 592 478 οἱ
631 433 719 478 ὑπὸ
757 439 811 492 τῇ
835 435 930 490 Ἴδῃ
967 432 1106 477 νύκτα
1145 431 1423 490 ἀναμείναντι
1453 435 1634 490 βρονταί
1661 449 1707 478 τε

438 504 512 547 καὶ
543 507 783 558 πρηστῆρες
810 503 1143 554 ἐπεισπίπτουσι,
1173 504 1248 545 καί
1272 519 1370 546 τινα
1403 501 1540 546 αὐτοῦ
1568 501 1704 560 ταύτῃ
1719 509 1764 544 3ο

383 779 478 810 rent.
500 768 598 822 Lyd.
628 770 687 805 De
715 781 855 806 menss.
878 770 915 814 ξ.
941 762 991 807 18'
1009 780 1050 817 p.

386 830 465 869 169
486 841 565 879 seq.
589 825 648 863 ed.
669 824 807 862 Roeth.
845 827 930 876 Ipsa
961 825 1049 860 urbs

384 883 433 921 ad
444 885 557 920 maris
569 885 697 920 sinum
707 882 1031 934 Adramjfftenum
1039 910 1048 928 ,

385 942 452 993 qui
471 940 560 977 inde
580 941 806 986 vocabatur,
828 938 980 975 condita
1002 938 1048 973 ab

384 997 680 1035 Atheniensibus
702 998 914 1033 etiamnum
941 1001 1050 1032 vetus

386 1056 542 1091 retinuit
562 1067 707 1090 nomen
727 1053 939 1090 Aclramz‘tti.
961 1050 1048 1088 Vid.

388 1112 610 1150 Strab.XIII
621 1124 659 1161 p.
670 1112 749 1149 606
762 1123 791 1146 s.
807 1124 844 1160 p.
862 1108 943 1149 904
954 1109 1000 1146 A.
1014 1115 1051 1144 et

388 1182 428 1219 p.
451 1171 528 1208 611
545 1180 651 1218 seqq.
672 1179 701 1202 S.
723 1168 816 1206 910.
827 1163 1050 1202 Tzschuck.

391 1224 440 1262 ad
451 1225 577 1262 Mehl.
600 1225 626 1260 l.
646 1228 743 1259 nott.
755 1235 891 1272 exegg.
908 1223 990 1270 (III,
1006 1221 1048 1270 1)

387 1281 534 1332 p.526.
556 1281 590 1315 A
612 1292 688 1331 qua
708 1279 802 1314 urbe
834 1277 1050 1315 extenditur

387 1339 464 1375 lata
475 1337 661 1387 planities,
677 1336 781 1372 cuius
795 1342 944 1386 partem
963 1348 1050 1370 me-

387 1393 617 1431 ridionalem
666 1391 715 1428 ad
758 1393 848 1429 istos
888 1390 1049 1428 Thebae

389 1463 568 1501 campos,
600 1462 695 1501 quos
725 1448 942 1486 Herodotus
962 1447 1000 1488 h.
1022 1448 1049 1484 l.

389 1513 685 1550 commemorat,
706 1506 818 1542 refert
840 1503 1050 1542 Prokesch.

387 1565 672 1613 Erinnerungg.
705 1569 775 1600 etc.
806 1564 860 1598 III
890 1576 928 1612 p.
949 1563 1047 1601 283.

393 1620 554 1668 Theben,
584 1631 701 1672 quam
721 1620 836 1655 etiam
856 1618 1051 1669 Hypopla-

390 1679 481 1715 ciam
492 1683 642 1723 vocant,
654 1677 727 1712 nisi
746 1674 877 1726 oppidi
889 1677 929 1711 in
940 1673 1050 1711 The-

388 1735 460 1771 bae
473 1735 628 1784 regione
649 1733 710 1769 siti
730 1739 784 1769 est
796 1745 952 1779 nomen,
972 1732 1052 1767 iam

388 1792 497 1828 novit
526 1792 738 1837 Homerus,
769 1789 882 1826 sitam
899 1790 939 1825 in
960 1800 1051 1838 agro

389 1848 504 1885 fertili
523 1860 545 1883 a
564 1845 724 1884 meridie
745 1847 887 1883 Troiae
908 1852 944 1882 et
963 1846 1052 1895 ipsis

391 1905 568 1942 Troianis
597 1901 810 1951 subditam,
841 1902 930 1939 dein
960 1914 1052 1939 vero

392 1962 440 1997 ab
460 1959 610 1998 Achille
631 1966 781 2010 captam
796 1973 839 1996 ac
854 1966 1053 1997 vastatam.

393 2017 505 2058 Conf,
534 2018 580 2055 11.
608 2018 638 2065 I,
671 2018 765 2056 366.
794 2018 842 2065 H,
865 2018 961 2056 691.
989 2016 1054 2062 VI,

393 2075 488 2114 397.
527 2074 623 2114 416.
669 2074 804 2121 XXII,
844 2071 926 2113 479
967 2072 1054 2109 coll.

393 2130 521 2167 Strab.
539 2130 564 2166 l.
586 2130 611 2166 l.
632 2142 720 2179 pag.
741 2132 823 2170 612
853 2142 883 2166 S.
914 2130 996 2169 910
1019 2134 1055 2165 et

392 2184 692 2223 Tzschuckel.l.
713 2192 797 2222 nott
809 2197 946 2235 exegg.
970 2186 1053 2233 (III,

395 2242 438 2290 1)
449 2256 487 2293 p-
500 2241 593 2283 525.
618 2240 680 2277 Ad
693 2238 938 2293 ’Ἄντανδρον
950 2241 998 2278 cf.
1009 2242 1054 2288 V,

392 2301 448 2339 26
470 2305 507 2335 et
528 2298 570 2335 C.
588 2298 632 2336 Ο.
654 2298 802 2334 Miiller.
825 2296 1053 2335 Orchomen.

393 2367 482 2406 pag.
494 2353 575 2395 444
587 2352 759 2403 (notante
782 2354 812 2391 C
822 2354 884 2404 r.).
906 2352 967 2390 Ad
983 2366 1054 2391 vo-

395 2425 457 2448 ces
486 2408 559 2461 τήν
578 2405 734 2449 Ἰλιάδα
759 2412 837 2462 γῆν
861 2409 938 2447 vid.
956 2417 1053 2446 nott.

394 2467 444 2505 ad
454 2468 499 2515 V,
515 2470 606 2508 122.
628 2468 685 2503 De
704 2465 793 2504 Idae
804 2473 934 2502 monte
947 2467 1054 2516 plura

395 2523 501 2561 dabit
521 2522 750 2561 Tzschucke
772 2522 820 2559 ad
839 2524 929 2560 Mel.
950 2524 979 2567 Ι,
1005 2525 1054 2562 18

394 2582 431 2626 §.
453 2581 480 2621 4
500 2586 597 2617 nott.
632 2592 769 2630 exegg.
789 2579 882 2628 (III,
907 2579 946 2628 1)
969 2592 1056 2629 pag.

395 2637 489 2678 538.
549 2637 659 2682 Quod
699 2643 828 2673 autem
859 2634 1057 2673 Lecheva-

395 2694 465 2729 lien·
492 2692 736 2741 (Beschreib.
760 2691 797 2730 d.
826 2693 958 2729 Ebene
979 2705 1055 2730 von

395 2749 514 2786 Troia
535 2763 574 2800 p.
599 2750 651 2791 56
673 2762 778 2802 seqq.
800 2748 860 2786 ed.
880 2748 1053 2798 vernae.)

395 2803 489 2843 haec
515 2806 632 2846 verba
660 2807 713 2844 ita
731 2806 813 2846 vult
832 2807 973 2858 accipi,
1013 2812 1056 2842 ut

310 581 377 625 43
438 569 600 626 συχνόν
622 569 776 627 ὅμιλον
797 571 1068 627 διέφθειραν.
1096 567 1381 627 Ἀπικομένου
1404 571 1449 614 δὲ
1478 574 1560 615 τοῦ
1581 582 1709 627 στρα-

106 644 305 676 Scamander,
325 645 362 672 ob

107 680 270 709 immanem
279 679 384 707 biben-
408 695 446 698 —

1107 768 1295 805 exercitus
1336 767 1558 819 processerit
1585 768 1767 804 sinistrum

1106 825 1197 862 Idae
1209 825 1387 862 brachium
1410 838 1540 871 versus,
1560 823 1601 861 id
1619 837 1766 872 vereor,

1105 889 1147 918 ut
1158 883 1311 932 linguae
1331 883 1432 932 leges
1444 883 1676 932 permittant,
1696 881 1769 918 be-

1106 952 1233 991 neque
1267 940 1344 974 iam
1371 940 1522 975 monuit
1549 939 1721 989 Heynius
1739 937 1768 974 l.

1105 997 1132 1033 l.
1153 1010 1189 1046 p.
1212 996 1266 1036 57
1287 1002 1382 1032 nott.
1403 996 1457 1031 nil
1478 994 1580 1031 aliud
1593 993 1767 1042 indicari,

1105 1053 1178 1089 nisi
1205 1054 1392 1089 exercitam
1428 1054 1483 1088 ita
1511 1064 1580 1088 esse
1602 1063 1772 1102 progres-

1106 1112 1245 1155 sum‚ut
1262 1109 1310 1146 acl
1332 1109 1467 1145 laevam
1491 1108 1771 1145 habueritIdam

1105 1169 1262 1203 montem.
1322 1164 1433 1210 Quod
1454 1166 1484 1201 si
1504 1166 1569 1201 vix
1590 1163 1771 1200 credibile

1105 1222 1291 1268 videatur,
1321 1222 1504 1258 militibus
1527 1234 1635 1258 oram
1653 1221 1772 1257 mari-

1104 1281 1240 1316 timam
1252 1279 1464 1328 legentibus
1476 1280 1516 1314 in
1531 1279 1665 1314 itinere
1676 1278 1771 1315 Sar-

1107 1335 1216 1372 dibus
1235 1334 1420 1386 Abydum
1440 1334 1615 1371 faciendo
1628 1333 1677 1371 ad
1687 1335 1770 1370 lae—

1105 1406 1195 1429 vam
1214 1392 1328 1428 fuisse
1348 1390 1470 1439 Idam,
1499 1390 1594 1428 illud
1614 1403 1770 1443 quoque

1106 1450 1228 1486 teneri
1246 1449 1364 1485 velim
1380 1478 1389 1496 ,
1419 1449 1558 1485 multas
1583 1461 1661 1485 esse
1679 1447 1771 1484 Idae

1106 1513 1230 1556 partes
1241 1518 1283 1541 ac
1295 1504 1460 1553 brachia,
1472 1518 1637 1557 quorum
1647 1516 1771 1541 unum

1106 1564 1263 1599 forsitan
1285 1561 1333 1598 ad
1364 1563 1490 1612 ipsum
1509 1575 1616 1598 mare
1634 1574 1771 1612 porre-

1109 1627 1226 1666 ctum,
1241 1619 1363 1655 Persis
1382 1621 1453 1655 iter
1466 1619 1690 1655 facientibus
1708 1630 1771 1655 sa-

1107 1688 1276 1727 nequam
1297 1674 1345 1711 ad
1364 1676 1515 1712 laevam
1534 1688 1612 1712 esse
1632 1681 1785 1725 potue-¹

1106 1735 1167 1770 rit.
1186 1755 1244 1759 —
1280 1730 1343 1768 Ad
1371 1745 1483 1769 voces
1514 1727 1639 1771 αὐτοῦ
1672 1726 1772 1770 ταύ-

1108 1805 1154 1844 τῃ
1177 1789 1280 1826 conf.
1299 1795 1394 1826 nott.
1416 1787 1464 1825 ad
1484 1789 1548 1837 IV,
1566 1790 1633 1829 80.
1658 1787 1751 1829 135.

1313 1913 1405 1964 Cap.
1435 1913 1574 1949 XLIII.

1164 2011 1428 2066 Ἀπικομένου
1445 2012 1487 2054 δὲ
1506 2016 1580 2053 τοῦ
1602 2014 1772 2064 στρατοῦ

1111 2088 1149 2112 κ.
1181 2088 1214 2111 τ.
1250 2073 1303 2121 λ]
1349 2073 1454 2117 Quae
1487 2072 1567 2122 ipsa
1601 2070 1772 2121 pluribus

1111 2130 1234 2167 verbis
1263 2129 1515 2179 interpositis,
1546 2139 1640 2164 mox
1659 2139 1774 2178 repe-

1110 2193 1244 2223 tuntur
1281 2186 1404 2222 verbis
1436 2183 1500 2223 ἐπὶ
1541 2185 1686 2222 τοῦτον
1720 2178 1772 2233 δή

1110 2240 1176 2281 τὸν
1199 2238 1379 2291 ποταμὸν
1411 2239 1465 2286 ὥς
1484 2235 1646 2278 ἀπίκετο
1675 2237 1775 2290 Ξέρ-
1800 2237 1804 2241 ’

1111 2299 1194 2349 ξης.
1253 2298 1363 2334 Conf.
1394 2295 1589 2334 Schaefer.
1614 2294 1662 2332 ad
1681 2297 1774 2332 Dio-

1110 2368 1195 2406 nys,
1217 2355 1465 2391 Halicarnass.
1485 2355 1544 2389 De
1574 2353 1774 2404 composit-

1110 2412 1242 2448 verbb.
1271 2424 1360 2462 pag.
1397 2412 1496 2457 191,
1540 2422 1657 2462 quem
1683 2409 1774 2446 citat

1115 2467 1145 2505 C
1154 2481 1184 2505 r.
1218 2470 1318 2505 Nam
1350 2465 1566 2505 Scamander
1597 2465 1675 2511 (de
1694 2475 1771 2516 quo

1110 2524 1227 2561 ssuvio
1249 2526 1357 2575 plura
1377 2520 1605 2561 Tzschucke
1617 2521 1667 2558 ad
1680 2520 1772 2557 Mel.

1112 2582 1142 2628 I,
1177 2584 1227 2622 18
1261 2583 1297 2626 ξ.
1331 2584 1356 2621 3
1384 2586 1480 2616 nott.
1501 2591 1639 2629 exegg.
1658 2577 1722 2624 ΙΠ,
1746 2580 1766 2616 1

1112 2650 1200 2688 pag.
1223 2637 1304 2678 536
1341 2636 1474 2689 seqq.)
1515 2637 1680 2686 primus,
1720 2643 1770 2668 ex

1112 2707 1188 2745 quo
1219 2692 1400 2730 Sardibus
1439 2692 1597 2742 profecti
1630 2691 1769 2726 Persae

1109 2751 1182 2787 iter
1200 2750 1386 2797 fecerant,
1416 2749 1551 2786 fluvius
1578 2746 1688 2783 fuisse
1710 2743 1771 2781 di-
1820 2755 1822 2757 ’

1112 2808 1221 2855 citur,
1243 2808 1309 2860 qui
1331 2813 1464 2858 epotus
1486 2803 1678 2850 defecerit,
1699 2812 1770 2838 cu-
