1851 3181
127 381 164 408 ab
176 379 367 410 Atheniensi

127 415 289 448 buseieeti
306 416 402 450 (cuius

127 438 314 488 expulsionis
333 459 389 478 va-

126 482 194 509 riae
209 483 373 511 traduntur

130 523 242 543 causae
245 518 265 551 ,)
286 525 354 545 cum

126 548 190 576 alia
212 550 240 576 1‹
235 558 290 586 ca
308 554 371 578 tum

125 572 290 644 Lenznum'
300 592 387 613 occu-

126 625 187 653 pan

458 266 544 305 418

864 267 1331 306 HERODOTI

460 375 608 427 (τοῦτο
628 371 710 429 γάρ
742 372 828 417 οὐκ
858 373 938 430 ἔχω
970 374 1162 431 φράσαι,
1193 375 1310 433 πλήν
1329 375 1382 421 τὰ
1405 375 1635 434 λεγόμενα·
1668 376 1736 423 ὅτι

459 440 682 492 Εκαταῖος
704 441 785 496 μὲν
814 439 837 485 ὁ
865 440 1174 499 Ηγησάνδρου
1204 445 1336 501 ἓ-’φησε
1357 445 1404 489 ἐν
1425 451 1541 490 τοῖσι
1568 445 1736 500 λόγοισι

430 510 602 565 Ξλέγων
635 508 839 562 ,,οΞδίκως.
880 510 971 554 ἐπεί
1000 527 1044 555 τε
1074 511 1157 567 γάρ
1198 513 1308 555 ἰδεῖν
1337 512 1442 564 τούς
1467 511 1731 568 Ἀθηναίους
1745 519 1791 554 20

460 578 569 634 „miv
600 576 768 635 χώρην,
808 577 890 636 τήν
920 591 1045 635 σφισι
1085 578 1257 623 αὐτοῖσι
1293 579 1383 623 ὑπὸ
1413 579 1492 624 τόν
1517 580 1736 637 Ὺμησσόν

456 645 647 700 „gabaam
689 646 848 689 ἔδοσαν
888 648 1080 704 οἰκῆσαι,
1126 646 1290 704 μισθόν
1333 651 1414 691 τοῦ
1452 650 1614 704 τείχεος
1650 651 1734 693 τοῦ

459 714 584 768 „moi
610 713 692 770 τὴν
712 710 959 768 ἀκρόπολίν
1001 731 1100 758 κοτε
1130 715 1421 771 ἐληλαμένου·

1467 717 1633 773 ταύτην
1671 716 1733 767 ὥς

459 783 594 834 ,,ἰδεῐν
626 779 731 831 τούς
761 780 1020 837 Ἀθηναίους
1052 783 1363 841 ἐξεργασμένην
1393 779 1467 834 εὖ,
1505 786 1586 840 τὴν
1624 784 1731 839 πρό·
1789 776 1851 823 5οἒ

459 865 616 903 ,,τερον
645 846 758 892 εἶναι
786 848 928 906 κακήν
953 867 998 894 τε
1026 851 1100 895 καὶ
1141 855 1221 894 τοῦ
1254 851 1438 909 μηδενός
1467 849 1612 908 ἀξίην,
1652 856 1730 895 λα-

454 921 575 973 ,,βεῖν
604 916 782 973 φθόνον
810 935 855 962 τε
885 919 959 962 καὶ
989 919 1142 974 ἵμερον
1171 922 1246 975 τῆς
1266 924 1365 977 γῆς,
1403 920 1477 964 καὶ
1507 919 1622 964 οὕτω
1649 920 1786 972 {Ee-25

455 983 662 1038 ,,λαυ’νειν
693 985 859 1038 αὐτούς
885 986 1097 1042 οὐδεμίαν
1121 985 1257 1043 ἄλλην
1275 989 1503 1044 πρόφασιν
1526 995 1730 1043 προϊσχο-

427 1052 645 1108 3,,με’νους
674 1054 776 1106 τοὺς
800 1053 1079 1112 Ἀθηναίους.

1153 1052 1231 1105 Ὡς
1272 1055 1317 1099 δὲ
1327 1089 1335 1096 .
1347 1054 1474 1099 αὐτοὶ
1500 1053 1730 1113 Ἀθηναῖοι

454 1121 642 1177 λέγουσι,
673 1124 879 1175 „malms
910 1120 1116 1175 ἐξελάσαι.
1160 1123 1502 1179 κατοικημένους
1518 1123 1602 1178 γὰρ
1627 1123 1731 1175 τούς

456 1189 739 1244 ,,Πελασγούς
767 1189 865 1235 ’ὑπὸ
905 1194 966 1247 τῷ
999 1189 1221 1247 Ὑμησσῷ,
1264 1191 1468 1234 ἐνθεῦτεν
1506 1188 1727 1247 ὁρμεωμέ-

426 1261 594 1311 4,,νους
607 1290 617 1309 ‚
648 1256 836 1302 ἀδικέειν
865 1259 982 1302 τάδε.

1045 1263 1206 1314 φοιτᾶν
1243 1258 1327 1314 γάρ
1360 1258 1442 1301 αἰεὶ
1469 1257 1547 1309 τοὶς
1578 1257 1724 1313 σφετὲ-
1740 1264 1787 1298 30

453 1342 565 1381 ,,ρας
593 1326 843 1381 θυγατέρας
878 1342 922 1370 τε
949 1327 1023 1371 καὶ
1060 1326 1164 1379 τοὺς
1203 1329 1363 1379 παῖδας
1392 1324 1462 1370 ἐπ’
1509 1324 1629 1381 ὕδωρ
1659 1325 1729 1370 ἐπὶ

398 1522 600 1559 recentiori
621 1527 743 1558 aetate
752 1519 905 1558 Vendos
916 1521 957 1557 in
976 1534 1064 1558 me-

398 1578 461 1616 dia
483 1579 689 1616 Germania
709 1579 866 1629 antiqua
894 1580 1064 1615 instituta

396 1637 634 1688 nominaque
653 1636 873 1672 retinentes.
893 1635 956 1672 Ad
974 1649 1063 1673 ver—

398 1694 447 1730 ba
467 1706 575 1744 seqq.
613 1691 688 1731 εἴτε
717 1685 775 1730 aiv
819 1688 870 1742 δη
899 1692 1064 1738 δικαίως

397 1748 474 1789 εὖτε
495 1746 645 1795 οἷδίκως
678 1747 727 1786 cf.
751 1747 889 1785 Matth.
907 1750 972 1787 Gr.
996 1750 1063 1785 Gr.

395 1807 627 1871 pag.1297

452 1859 560 1912 πλὴν
584 1857 631 1900 τὰ
650 1856 876 1912 λεγόμενα]
908 1860 1062 1898 Eodem

396 1918 515 1956 modo
534 1920 670 1955 Noster
689 1919 736 1965 II,
760 1921 854 1958 130
899 1920 957 1954 De
980 1921 1062 1954 He-

397 1983 527 2013 cataeo
548 1974 626 2012 vicl.
646 1981 742 2011 nott.
765 1973 814 2011 ad
832 1974 993 2024 II,134
1025 1982 1062 2012 et

397 2032 446 2070 de
468 2032 662 2069 locutione
678 2030 802 2082 ε’φησε
814 2055 864 2060 -
878 2030 1001 2083 λέγων
1016 2033 1062 2080 V,

397 2091 464 2129 30.
488 2091 554 2129 36.
587 2110 639 2116 -—-
678 2089 725 2124 In
747 2101 854 2140 seqq.
875 2095 960 2139 post
986 2084 1063 2139 τήν

397 2157 513 2195 σφισι
554 2145 695 2181 inserui
725 2158 816 2182 cum
846 2145 961 2184 Gaisf.
994 2141 1063 2185 ocv’-

396 2205 525 2249 τοῖσι,
556 2214 646 2238 cum
665 2203 705 2237 in
725 2202 945 2239 Florentino
967 2208 1064 2239 esset

398 2253 554 2304 αὐτοῖς,
588 2259 660 2294 nisi
680 2256 754 2294 hoc
776 2272 825 2294 ex
846 2255 960 2298 αὐτοὶ
981 2271 1062 2295 cor-

396 2321 554 2366 ruptum
573 2314 687 2350 fuisse
708 2316 911 2351 existimes.

454 2366 606 2422 μισθόν
638 2373 714 2409 τοῦ
746 2369 1059 2421 τείχεος-ἐλη-

397 2425 592 2478 λαμένον]
614 2426 785 2463 Verbum
807 2422 990 2466 ἐλαύνειν
1011 2426 1058 2463 de

397 2485 529 2532 muris,
569 2484 632 2533 qui
660 2483 840 2520 ducuntur
862 2497 891 2520 s.
915 2487 1059 2520 exstru-

397 2545 508 2578 untur
535 2541 629 2590 poni
658 2541 810 2576 monuit
841 2539 1057 2577 Blomfield.

396 2598 436 2634 in
464 2597 627 2635 Glossar.
664 2596 712 2633 ad
741 2595 921 2648 Aeschyl.
951 2598 1055 2633 Pers.

397 2657 492 2702 878,
519 2653 586 2689 ubi
624 2654 714 2690 citat
755 2653 938 2690 Herodot.
973 2654 1055 2701 VII,

402 2712 494 2751 139.
515 2710 584 2758 IX,
615 2711 655 2751 9.
676 2707 779 2747 Add.
798 2712 827 2757 1,
853 2712 943 2751 180.
962 2710 1055 2750 185.

398 2769 492 2807 191.
506 2788 558 2809 -τ-
578 2767 637 2802 De
656 2768 737 2818 ipso
756 2779 868 2803 muro
884 2779 905 2802 a
925 2767 1058 2803 Pelas-

399 2824 456 2872 gis
481 2824 579 2860 circa
608 2824 801 2874 acropolin
835 2822 949 2860 ducto
977 2822 1056 2861 vid.

398 2886 494 2917 nott.
511 2878 559 2916 ad
579 2880 625 2926 V,
647 2879 713 2921 64.

1177 1534 1218 1560 τε
1245 1518 1315 1560 καὶ
1344 1517 1440 1568 τούς
1463 1521 1638 1569 παῖδας]
1678 1522 1783 1559 Haec

1119 1578 1235 1615 verba
1265 1579 1314 1614 ob
1353 1585 1571 1615 ceterorum
1600 1579 1786 1618 librorum

1119 1636 1346 1685 scriptorum
1359 1636 1625 1672 auctoritatem
1633 1636 1783 1684 retinui,

1120 1704 1211 1728 cum
1240 1692 1287 1728 ab
1317 1704 1396 1727 uuo
1448 1692 1640 1729 Sancrofti
1685 1692 1783 1729 libro

1121 1748 1256 1794 absint,
1298 1761 1534 1799 quamquam
1547 1748 1695 1785 dudum
1715 1762 1783 1786 su-

1116 1811 1245 1855 specta
1256 1802 1391 1841 habuit
1411 1806 1589 1853 Wessel.,
1621 1818 1710 1842 cum
1730 1806 1779 1842 ob

1117 1874 1280 1912 sequens
1302 1855 1527 1905 advocatum
1548 1861 1652 1913 quod
1672 1869 1782 1899 vete-

1117 1931 1205 1954 rum
1217 1930 1325 1954 more
1336 1918 1486 1968 puellae
1498 1918 1638 1955 fuerint
1657 1916 1782 1969 ὑδρο-

1119 1972 1262 2025 φόροι,
1273 1981 1368 2011 teste
1383 1975 1535 2013 Arrian-
1555 1976 1657 2026 Exp.
1682 1976 1780 2022 11‚3.

1118 2033 1278 2068 Homer.
1291 2030 1363 2071 Od.
1374 2032 1424 2079 X,
1440 2031 1531 2072 105.
1544 2030 1781 2069 HincBekk.

1120 2089 1246 2124 omisit
1256 2086 1352 2125 haec
1365 2088 1493 2125 verba.
1524 2090 1622 2125 Item
1633 2086 1701 2125 has
1708 2100 1781 2126 vo-

1119 2158 1182 2182 ces
1204 2146 1365 2181 eiecerat
1385 2143 1553 2193 Schaef.,
1584 2145 1692 2182 uncis
1712 2145 1777 2181 iu-

1119 2197 1536 2239 clusex-atMattl1iae.5n'
1547 2197 1656 2252 ὕδωρ
1665 2201 1780 2251 plane

1119 2265 1161 2294 ut
1180 2259 1246 2306 III,
1270 2257 1335 2297 14.
1355 2257 1401 2302 V,
1426 2259 1490 2296 12.

1117 2314 1204 2350 fons
1235 2327 1266 2350 s.
1299 2311 1516 2361 Calirrhoe,
1544 2326 1664 2364 prope
1682 2314 1778 2351 Ilissi

1115 2371 1268 2407 alveum
1296 2383 1400 2406 nunc
1430 2370 1510 2406 fere
1546 2372 1777 2408 exsiccatum

1114 2439 1194 2463 non
1214 2428 1329 2477 louge
1351 2428 1535 2478 aLyceo,
1558 2428 1651 2463 olim
1670 2428 1777 2477 larga

1115 2482 1214 2535 aquai
1234 2484 1452 2534 prosiliens,
1481 2490 1658 2531 mature,
1686 2495 1777 2520 cum

1114 2541 1220 2590 regio
1255 2539 1359 2577 arida
1392 2540 1540 2576 nullam
1578 2540 1776 2591 praeberet

1114 2609 1255 2649 aquam
1268 2626 1278 2645 ,
1337 2596 1427 2633 rixis
1462 2608 1593 2633 ansam
1628 2595 1775 2634 dedisse

1110 2653 1243 2690 fertur.
1300 2652 1387 2690 Vid.
1407 2651 1629 2704 Thucydid.
1647 2653 1696 2700 Π,
1721 2651 1774 2693 15

1112 2711 1244 2762 ibique
1263 2710 1474 2761 interprett.
1495 2711 1616 2746 Kruse
1644 2709 1772 2745 Hellas

1112 2768 1161 2815 11,
1187 2770 1206 2807 1
1231 2780 1270 2818 p.
1290 2769 1358 2807 76.
1390 2764 1592 2802 Chandler.
1611 2765 1710 2802 Reis.
1730 2765 1770 2800 in

1114 2821 1397 2860 Griechenland
1417 2835 1500 2872 cap.
1520 2821 1611 2859 XVI
1628 2833 1668 2872 p.
1691 2822 1771 2860 119

1113 2893 1194 2932 seq.
1241 2881 1375 2932 Neque
1395 2879 1498 2915 enim
1518 2876 1709 2930 hodieque
1725 2887 1770 2913 ea

1521 2256 1780 2294 Enneacrunos
1839 2287 1843 2291 .
