1815 3181
376 149 458 189 110

770 148 1239 185 HERODOTI

348 259 510 299 avofivo
547 256 593 298 δὲ
632 254 690 305 ὥς
722 255 910 310 ἐγένετο,
951 255 1095 300 πάντα
1135 256 1282 301 αὐτῶν
1317 258 1370 301 τὰ
1409 259 1640 316 πρήγματα

379 322 731 376 συνετετάρακτο.

809 323 1085 380 παρέστησαν
1124 325 1193 375 δὲ,
1231 325 1301 369 ἐπὶ
1341 331 1487 381 μισθῷ
1525 333 1641 371 τοῖσι

377 392 586 440 τέκνοισι,
617 389 685 433 ἐπ’
717 387 804 444 οἷσι
833 391 1071 447 ἐβούλοντο
1107 395 1150 436 οἱ
1176 393 1422 449 Ἀθηναῖοι,
1455 395 1561 439 ὥστε
1595 395 1642 440 ἐν

328 459 503 506 ,Διπέντε
543 457 730 515 ἡμέρῃσι
773 460 1015 516 ἐκχωρῆσαι
1053 460 1099 504 ἐκ
1139 465 1216 516 τῆς
1250 460 1448 519 Ἀττικῆς.

1514 462 1640 507 Meto}

378 529 445 576 δὲ,
487 526 754 582 ἐξεχώρησαν
785 527 827 579 ἐς
857 531 1034 584 Σίγειον
1071 528 1121 573 τό
1152 529 1220 572 ἐπὶ
1249 534 1308 586 τῷ
1338 530 1699 588 Σκαμάνδρῳ·10

378 594 584 650 ἄρξαντες
626 595 706 650 μὲν
741 592 1000 651 Ἀθηναίων
1024 595 1091 641 ἐπ’
1124 597 1217 641 ἔτεα
1259 598 1302 650 ἕξ
1340 614 1385 642 τε
1422 600 1496 643 καὶ
1526 599 1641 657 τριή-

324 795 358 817 c.
377 794 436 831 ap.
450 779 630 831 Thucyd.
642 782 671 828 I,
692 783 935 832 89.Lycurg.
948 794 981 817 c.

320 839 450 875 Leocr.
463 837 735 888 p.154.32.[p.
751 837 980 886 177Reisk.]

318 893 567 934 Demosthen.
598 896 656 930 De
685 895 766 931 fals.
797 896 870 945 leg.
894 907 981 945 pag.

320 950 402 991 242
452 952 565 1002 [pag.
604 949 682 992 401
725 951 795 988 infi
832 950 980 999 Reisk.]

320 1008 418 1044 Aen.
449 1009 652 1045 Poliorcet.
692 1011 743 1047 10
779 1009 872 1056 [ubi
903 1010 984 1045 vim

319 1065 427 1103 verbi
473 1066 647 1115 exposuit
695 1065 939 1102 casaubonus
952 1066 984 1114 ]‚

325 1134 424 1174 quae
465 1123 588 1158 attulit
627 1120 741 1158 ad-h.
762 1122 788 1158 l.
816 1120 985 1159 Valcke-

323 1191 430 1216 naer.
495 1180 561 1216 Tu
599 1177 687 1217 add.
728 1179 895 1215 Sintenis
937 1177 985 1215 ad

323 1234 519 1275 Plutarch.
542 1234 791 1272 Themistocl.
816 1238 866 1276 10
896 1248 984 1286 pag.

324 1294 392 1334 68.
413 1315 468 1320 —
488 1294 583 1328 Mox
603 1305 623 1328 e
643 1293 862 1328 Florentino
885 1293 987 1328 aliis—

324 1363 399 1402 que
420 1362 510 1386 oum
530 1356 686 1385 recentt.
710 1348 798 1385 edd.
829 1348 986 1385 exhibui

321 1421 454 1446 παντα
493 1401 626 1444 αὐτῶν
666 1419 735 1456 pro
767 1406 859 1442 olim
879 1406 984 1455 vulg.

321 1477 454 1513 παντη
489 1459 653 1501 αὐτέων.
684 1485 741 1489 -
769 1461 833 1498 Ad
859 1461 983 1512 παρέ-

323 1532 472 1569 στησαν
492 1517 569 1556 vid.
597 1526 694 1556 nott.
732 1518 779 1556 ad
810 1520 886 1566 ΙΙΙ,
918 1522 982 1567 13,

322 1577 390 1613 ubi
414 1588 482 1627 pro
515 1576 560 1622 V,
593 1575 655 1616 56
696 1574 904 1626 legendum
938 1576 984 1623 V,

324 1636 350 1674 6
368 1633 406 1673 5.
454 1634 553 1669 Nam
581 1634 767 1669 sententia
793 1633 868 1669 loci
889 1630 983 1668 llaec

323 1690 403 1726 fere
424 1696 497 1725 est:
531 1688 722 1736 „Mercede
741 1693 853 1739 pacta
871 1689 921 1726 ad
941 1689 987 1726 22·-

324 1747 420 1784 beros
449 1741 635 1797 (captos)
672 1746 911 1791 redimendos,
954 1758 988 1782 se

324 1802 536 1840 dediderunt
556 1803 601 1838 iis
612 1803 878 1849 conditionibus,
899 1814 988 1851 quae

320 1860 529 1911 placuerant
550 1858 819 1895 Atheniensibus
832 1888 843 1906 ‚
869 1863 911 1895 ut
931 1860 987 1895 ηἰ-

324 1918 449 1954 mirum
471 1914 649 1966 (receptis
669 1916 744 1952 suis
764 1916 908 1965 liberis)
930 1917 987 1951 in-

326 1976 385 2010 tra
414 1973 565 2022 quinque
588 1972 663 2009 dies
693 1972 819 2009 Attzca
849 1971 988 2009 excede-

323 2029 442 2066 rent.“
500 2027 604 2065 Ad’
589 2027 653 2067 επὶ
674 2033 807 2086 μισθῷ
836 2028 936 2066 conf.
957 2029 988 2075 Ι,

328 2087 409 2126 160
440 2090 477 2120 et
504 2083 590 2121 ad’
573 2079 641 2123 εντ’
663 2086 743 2123 οἷσι
761 2087 791 2133 Ι,
816 2083 891 2126 141
913 2085 988 2121 ibi-

328 2154 403 2194 que
424 2141 516 2188 citt„
536 2153 586 2177 ne
606 2141 729 2191 plura.

385 2193 633 2248 ἐξεχώρησαν
665 2196 703 2243 ἐς
743 2196 903 2247 Σίγειον
943 2193 987 2235 to*

327 2252 390 2295 ἐπὶ
407 2254 466 2307 τῷ
481 2249 752 2305 Σκαμανδρῳ]
776 2252 886 2289 Conf.
908 2253 989 2288 He-

327 2309 409 2348 rod.
441 2310 487 2356 V,
515 2308 581 2350 94.
613 2309 678 2350 95.
716 2307 895 2360 Thucyd.
925 2309 988 2356 VI,

328 2367 396 2407 59.
418 2366 542 2404 Strab.
574 2367 667 2402 XIII
694 2366 834 2416 p.3595
855 2378 884 2402 s.
906 2366 987 2405 890

328 2424 378 2461 A.
403 2423 504 2459 Plin.
533 2423 582 2460 H.
611 2424 658 2461 N.
679 2422 725 2469 V,
754 2423 808 2461 30
829 2420 920 2470 (33)
950 2422 987 2466 ξ.

331 2479 425 2527 125,
455 2486 492 2516 et
512 2492 609 2531 quae
630 2477 676 2516 de
698 2478 804 2528 Sigei
818 2479 904 2516 loco
925 2490 988 2513 re-

331 2536 491 2573 centiori
510 2542 630 2573 aetate
642 2543 790 2585 praeter
803 2536 894 2572 alios
909 2533 987 2572 dis-

330 2588 512 2643 putarunt
568 2591 813 2629 Lechevalier
871 2590 887 2640 (
909 2592 987 2628 Be-

317 2647 491 2686 sohreib.
531 2648 568 2686 d.
606 2649 739 2689 Ebeue
778 2663 815 2686 v.
855 2649 985 2685 Troia.

329 2706 460 2755 Leipz.
486 2708 593 2746 1792
620 2717 708 2756 pag.
728 2708 781 2745 23
802 2705 928 2757 seqq.)
951 2713 988 2741 et

330 2760 539 2800 Prokesch.
570 2762 882 2813 (Erinuertmgg.
920 2774 987 2799 aus

1037 782 1202 833 Aegypt.
1226 796 1263 820 u.
1286 784 1502 820 Kleinasien
1522 785 1558 819 II
1586 797 1624 834 p.
1647 782 1700 825 84

1038 851 1144 889 seqq.
1167 840 1253 875 coll.
1277 839 1368 879 104.
1390 841 1503 890 218).
1561 841 1618 877 Ac
1630 853 1703 876 ne-

1038 907 1104 930 mo
1136 898 1254 932 nescit
1281 896 1443 946 Sigeum
1477 898 1518 933 in
1548 896 1703 934 Troade

1039 965 1118 988 non
1145 953 1260 1003 longe
1293 954 1338 989 ab
1371 966 1415 990 eo
1445 953 1530 990 loco
1569 955 1697 1001 situm,

1040 1021 1116 1060 quo
1147 1011 1240 1046 olim
1278 1010 1397 1046 Troia
1427 1011 1498 1047 fuit
1537 1009 1703 1058 condita,

1040 1078 1159 1116 prope
1185 1066 1413 1103 Scamandri
1434 1068 1527 1104 ostia
1556 1074 1592 1104 et
1611 1079 1704 1118 pro-

1040 1125 1276 1159 montorium
1297 1124 1470 1174 Sigeum.
1502 1123 1614 1168 Quod
1632 1136 1705 1175 op-

1040 1178 1176 1229 pidum
1197 1179 1416 1216 Christianis
1445 1181 1514 1217 sub
1535 1182 1704 1231 impera-

1041 1237 1184 1273 toribus
1204 1243 1456 1273 restauratum
1474 1244 1578 1273 nunc
1593 1249 1703 1288 pror»

1042 1306 1103 1329 sus
1145 1295 1340 1330 evanuisse
1368 1300 1565 1341 narratur,
1615 1306 1706 1330 cum

1043 1351 1121 1386 eius
1153 1351 1283 1386 locum
1304 1357 1464 1401 occupet
1493 1351 1599 1387 vicus
1621 1350 1705 1386 exi-

1041 1419 1138 1456 guus
1160 1419 1181 1442 a
1202 1408 1354 1443 Graecis
1373 1408 1613 1458 potissimum
1631 1405 1704 1443 ha—

1041 1464 1178 1500 bitatus
1208 1462 1425 1501 hominibus
1445 1463 1614 1515 indeque
1645 1470 1705 1501 et·-

1039 1521 1118 1556 iam
1137 1521 1429 1570 cognominatus
1457 1519 1706 1558 Tschiaurlcioi

1042 1576 1086 1625 (i.
1109 1590 1142 1613 e.
1164 1576 1376 1614 infidelium
1397 1578 1502 1614 vicus
1513 1578 1546 1627 ),
1565 1590 1705 1629 quam-

1043 1645 1160 1685 quam
1190 1647 1304 1670 suum
1333 1632 1449 1671 habet
1477 1647 1623 1670 nomen
1648 1633 1705 1672 Ie-

1041 1689 1214 1727 m'schehr.
1251 1691 1446 1727 Minervae
1473 1691 1608 1741 templi
1629 1689 1705 1739 (de

1044 1759 1121 1798 quo
1142 1746 1284 1783 Herod.
1312 1747 1365 1794 V,
1387 1747 1459 1795 95)
1489 1748 1706 1797 fragmenta

1044 1802 1235 1854 quaedam
1255 1816 1483 1851 marmorea,
1515 1816 1614 1855 quae
1634 1802 1706 1840 ad-

1043 1858 1121 1896 huc
1160 1867 1308 1896 exstare
1348 1861 1475 1897 scribit
1514 1858 1707 1897 Chandler

1045 1915 1182 1965 (Reise
1201 1918 1241 1952 in
1270 1917 1487 1954 Kleinasien
1515 1930 1600 1967 cap.
1631 1917 1707 1953 XII

1043 1986 1083 2024 p.
1106 1972 1156 2013 51
1180 1987 1259 2025 seq.
1280 1972 1341 2010 ed.
1361 1972 1515 2024 Lips.),
1538 1986 1582 2010 ea
1600 1986 1706 2011 nunc

1045 2031 1242 2067 evanuisse
1262 2037 1390 2066 narrat
1409 2028 1618 2068 Prokesch.
1638 2030 1666 2068 l.
1679 2030 1704 2067 Ι.

1045 2086 1146 2131 Quin
1201 2087 1399 2123 ecclesiam
1453 2084 1705 2123 Christianam

1043 2143 1157 2192 ipsius
1185 2143 1284 2179 illius
1314 2141 1415 2178 aedis
1448 2143 1533 2179 loco
1554 2149 1705 2179 exstru-

1044 2204 1166 2245 ctam',
1188 2199 1476 2235 celeberrimam
1500 2199 1549 2235 ob
1569 2199 1705 2236 iuscri-

1032 2255 1216 2305 ‹ptionem
1241 2255 1347 2291 illam
1375 2255 1531 2305 Sigeam
1551 2254 1600 2292 ad
1619 2257 1704 2292 An-

1044 2311 1126 2361 glos
1134 2324 1238 2348 nunc
1250 2312 1403 2347 allatam
1424 2311 1518 2360 (vid.
1528 2310 1702 2353 Boeckh.

1043 2367 1157 2418 Corp.
1193 2368 1380 2418 Inscriptt.
1412 2369 1568 2405 Graeco.
1595 2370 1614 2405 Ι
1644 2381 1704 2407 nr.

1044 2426 1070 2465 8
1090 2436 1178 2474 pag.
1202 2423 1253 2464 14
1272 2424 1419 2476 seqq.),
1449 2425 1704 2462 recentissima

1043 2487 1165 2517 aetate
1185 2479 1348 2517 dirutam
1368 2482 1481 2518 fuisse
1510 2480 1614 2518 idem
1643 2487 1703 2518 te-

1042 2543 1161 2573 statur
1191 2536 1399 2574 Prokesch.
1429 2538 1500 2575 1.1.
1531 2538 1588 2574 De
1610 2536 1702 2575 Sca-

1042 2593 1188 2631 mandra
1208 2594 1309 2631 conf.
1330 2597 1445 2631 etiam
1463 2595 1544 2642 VH,
1564 2593 1632 2635 43.

1099 2645 1157 2688 ἐπ’
1172 2649 1255 2689 ἔτεα
1269 2649 1307 2698 ἕξ
1319 2665 1358 2690 τε
1378 2649 1444 2690 καὶ
1469 2645 1700 2702 τριήκοντα]

1045 2705 1144 2742 citat
1164 2705 1258 2744 haec
1280 2706 1410 2745 Sohol.
1433 2705 1481 2744 ad
1507 2703 1700 2756 Aristoph.

1043 2763 1158 2813 Vesp.
1197 2763 1292 2805 500.
1368 2765 1426 2800 De
1463 2764 1546 2815 ipso
1584 2773 1702 2813 argu·
