1851 3181
817 780 1338 839 HPOAOTOY

613 920 1074 964 ΙΣΤΟΡΙΩΝ
1135 920 1551 1000 ΕΒΔΟΜΗ..

876 1075 1292 1117 ΠΟΛΥΜΝΙΑ.

351 1189 380 1232 l
441 1180 618 1233 ΕΠΕΙ
653 1187 700 1231 ὁὲ
736 1185 764 1243 ἡ
794 1185 968 1244 ἀγγελίη
997 1186 1175 1231 ἀπίκετο
1219 1186 1319 1240 περὶ
1356 1189 1431 1242 τῆς
1469 1184 1605 1242 μάχης
1634 1189 1712 1242 τῆς
1767 1190 1851 1235 505

111 1257 387 1320 ᾗῗιζξὲῑξζζξζξξ
444 1256 492 1299 ἐν
520 1259 776 1311 Μαραθῶνι
802 1257 1038 1312 γενομένης
1058 1255 1177 1309 παρά
1211 1254 1390 1316 βασιλέα
1418 1259 1613 1309 Δαρεῖον
1631 1254 1710 1298 τόν

109 1326 389 1392 ἓξξζζζξζὶῖζζᾞξῌ
442 1321 723 1375 Ὑστάσπεος,
760 1324 835 1368 καὶ
863 1324 967 1379 πρὶν
1006 1323 1202 1381 μεγάλως
1236 1323 1559 1384 κεχαραγμένον
1595 1327 1739 1366 τοῖσι5

108 1394 227 1462 ‘2535ssss
244 1393 332 1454 ἐξῇ-ὦ·
447 1390 714 1449 Ἀθηναίοισι
744 1392 815 1435 διὰ
845 1393 925 1448 τὴν
956 1392 1000 1443 ές
1020 1392 1190 1446 Σάρδις
1219 1390 1424 1447 ἐσβολὴν,
1455 1391 1528 1434 καὶ
1557 1390 1610 1445 δὴ
1638 1391 1713 1434 καὶ

110 1464 296 1501 Af‘gyt‘fflffl
313 1460 387 1486 Per-
444 1457 539 1504 τότε
568 1463 716 1517 πολλῷ
745 1476 790 1503 τε
819 1459 1042 1514 δεινότερα
1071 1460 1232 1511 ἐποίεε,
1269 1459 1343 1503 καὶ
1370 1463 1538 1515 μᾶλλον
1569 1457 1712 1515 (ὅρμη-

417 1534 499 1571 Ξτο
518 1527 832 1583 στρατεύεσθαι
862 1528 933 1571 ἐπὶ
962 1526 1043 1583 τὴν
1066 1525 1264 1571 Ἑλλάδα.
1322 1528 1410 1571 Καὶ
1448 1525 1605 1570 αὐτίκα
1633 1527 1713 1582 μὲν

443 1595 745 1652 ἐπηγγέλλετο,
774 1596 956 1652 πέμπων
984 1594 1193 1650 ἀγγέλους
1220 1594 1331 1638 κατὰ
1369 1593 1514 1645 πόλις,
1545 1592 1713 1649 ἕτοιμά·
1727 1601 1770 1635 10

447 1667 536 1717 ζειν
565 1663 784 1719 στρατιήν,
818 1668 966 1722 πολλῷ
1001 1662 1114 1707 πλέω
1156 1661 1396 1706 ἐπιτάσσων
1428 1662 1649 1706 ἑκάστοισι
1684 1661 1713 1718 ἢ

110 1504 151 1524 ειε
170 1494 272 1522 deficit
281 1496 325 1530 [a.

110 1530 200 1565 486.].

442 1730 661 1787 πρότερον
688 1737 916 1788 παρεῖχον,
966 1730 1040 1782 καὶ
1068 1730 1170 1781 νέας
1198 1746 1261 1785 τε,
1301 1730 1376 1774 καὶ
1405 1731 1589 1784 ἵππους,
1637 1730 1711 1774 καὶ

649 1881 703 1918 ca
732 1908 743 1918 .
762 1883 793 1920 Ι.

443 1932 554 1976 Ἐπεὶ
578 1934 622 1977 δὲ
649 1936 678 1989 ἦ
703 1895 865 1990 ἓγγελίη
890 1933 1052 1978 οἷπίκετο

389 2009 425 2032 κ.
445 2008 479 2032 τ.
499 1996 530 2032 λ.
548 1995 567 2042 ]
606 1995 827 2032 Articulum
854 1992 884 2045 ἡ
894 2025 903 2042 ,
944 1997 1011 2047 qui
1032 2009 1054 2032 a

388 2051 609 2087 Florentino
626 2052 784 2104 aliisque
805 2051 918 2089 codd.
933 2053 1052 2090 tribus

389 2107 514 2155 abest,
574 2108 714 2144 retinui
765 2122 855 2145 cum
895 2116 1052 2149 recentt.

390 2162 480 2200 edd.
536 2164 630 2200 Mox
669 2177 759 2201 cum
788 2165 926 2202 iisdem
965 2164 1054 2202 dedi

390 2217 554 2270 βασιλέα
573 2233 643 2270 pro
665 2221 850 2272 βασιλῆα,
871 2220 1053 2273 idemque

389 2276 464 2312 feci
486 2288 569 2326 cap.
592 2279 631 2316 2.
653 2279 693 2316 3.
716 2280 756 2318 6.
811 2277 921 2314 Idem
952 2290 1052 2329 quo-

391 2345 466 2384 que
501 2332 635 2368 fecisse
673 2332 786 2370 video
824 2331 1051 2371 Bekkerum

389 2389 431 2424 in
470 2386 637 2425 edit10ne
676 2396 912 2441 stereotypa,
952 2403 1051 2443 quae

390 2443 530 2496 prodiit
547 2445 716 2482 Berolin.
742 2448 861 2486 1833.

445 2499 514 2540 καὶ
546 2500 642 2553 πρὶν
673 2498 851 2553 μεγάλως
881 2516 1050 2554 κεχαρα-

391 2555 538 2610 γμένον
554 2561 656 2597 τοῖσι
676 2553 962 2608 Ἀθηναίοισι]
985 2572 1050 2597 κε-

392 2612 640 2665 χαραγμένον
670 2613 882 2666 Hesychius
918 2612 983 2663 (II
1011 2628 1050 2665 p.

394 2670 508 2718 241),
530 2683 647 2722 quem
667 2670 744 2707 uns:
771 2684 862 2708 cum
876 2670 1049 2721 Euripid.

394 2725 498 2763 Med.
532 2728 610 2768 156
641 2728 780 2764 excitat
817 2725 1051 2777 Schwfflgh„

393 2783 661 2834 interpretatur
678 2779 942 2835 ω’ργισμένον,
973 2787 1052 2821 ira-

394 2842 482 2876 tum.
538 2838 625 2878 vid.
639 2839 856 2880 Blomfield.
878 2841 917 2878 in
939 2840 1052 2878 Glos-

1109 1894 1182 1918 sar.
1221 1878 1271 1917 ad
1306 1877 1485 1931 Aeschyl.
1526 1881 1634 1920 Pers.
1673 1882 1771 1922 689.

1108 1937 1331 1974 Formulam
1351 1933 1551 1990 δεινότερα
1572 1940 1705 1976 ποιεῖν
1715 1943 1771 1974 at-

1108 1995 1263 2045 tigimus
1284 1992 1333 2030 ad
1360 1994 1427 2042 III,
1451 1992 1516 2034 14.
1571 1995 1618 2030 In
1637 1993 1772 2044 proxi-

1108 2064 1172 2088 me
1191 2063 1300 2103 seqq.
1330 2046 1488 2100 ὥρμητο
1515 2051 1617 2088 valet
1642 2052 1772 2088 incita-

1110 2109 1240 2155 batur,
1283 2106 1557 2156 incendebatur3
1607 2105 1655 2143 de
1693 2119 1770 2159 quo

1109 2163 1187 2203 vid.
1207 2169 1303 2200 nott.
1324 2162 1373 2199 ad
1392 2163 1474 2212 VH,
1494 2162 1534 2204 4.
1560 2159 1772 2215 Ἐπηγγέλ-

1110 2224 1196 2259 λετο
1238 2226 1294 2256 est
1321 2219 1452 2267 edixit,
1503 2225 1546 2255 ut
1574 2220 1676 2267 VIII,
1703 2222 1770 2259 30.

1108 2277 1231 2313 Paulo
1263 2276 1371 2312 aliter
1398 2274 1505 2311 idem
1525 2276 1686 2313 verbum
1704 2276 1772 2322 VI,

1107 2335 1133 2374 9
1155 2332 1240 2382 (ubi
1254 2331 1331 2370 vid.
1352 2332 1468 2382 noth)
1499 2339 1536 2368 et
1555 2332 1620 2380 IV,
1641 2334 1738 2373 200.

1163 2388 1231 2428 καὶ
1258 2386 1352 2435 νέας
1386 2402 1426 2427 τε
1445 2387 1514 2427 καὶ
1535 2387 1686 2435 ἵππους
1702 2386 1771 2427 καὶ

1108 2448 1218 2484 σῖτον
1241 2443 1310 2483 καὶ
1343 2445 1488 2494 πλοῖα]
1529 2445 1770 2482 Florentiuus

1107 2515 1197 2538 cum
1218 2500 1366 2538 duobus
1387 2502 1467 2538 aliis
1489 2500 1602 2541 codd.
1616 2499 1770 2538 exhibet

1107 2557 1175 2597 καὶ
1198 2562 1308 2596 σῖτον
1325 2555 1393 2596 καὶ
1420 2557 1592 2606 ἵππους,
1624 2557 1769 2595 omissis

1107 2627 1259 2665 prorsus
1291 2614 1485 2651 vocabulis
1530 2613 1598 2653 καὶ
1637 2616 1770 2661 πλοῖα,

1108 2684 1207 2723 quae
1228 2669 1364 2707 eadem
1384 2683 1406 2707 a
1424 2669 1598 2707 Mediceo
1619 2670 1768 2706 absunt.

1107 2726 1301 2779 Equidem
1345 2728 1541 2777 vulgatam
1586 2727 1767 2762 intactam

1108 2785 1322 2836 relinquere
1350 2784 1490 2831 malui,
1532 2783 1563 2819 si
1597 2780 1766 2833 quidem,

1109 2841 1208 2878 bene
1237 2840 1465 2878 observante
1495 2836 1678 2876 Vale-ken.
1716 2837 1765 2875 ad
