1806 3181
282 228 367 270 802
567 227 837 266 EXCURSUS
856 228 892 264 11
912 227 981 264 AD
1002 228 1325 266 HERODOTUM
1344 229 1388 277 V,
1410 232 1477 270 67.

283 341 324 377 in
342 336 415 377 hac
435 353 476 377 re
497 338 704 377 habuerint
723 339 907 391 religiones
929 341 1044 378 etiam
1064 341 1287 380 orientalium
1312 341 1537 390 hominum,
1568 348 1604 379 et
1625 342 1770 381 Osireae
1792 351 1806 387 ,t

275 409 481 460 imprimis.
541 409 625 458 [Tu
644 407 721 446 vid.
741 410 788 457 Π,
814 411 888 450 171
914 415 950 446 et
966 422 1063 462 quae
1082 410 1135 446 ibi
1153 414 1339 460 pag.‘870
1359 411 1544 462 adscripta
1561 417 1661 448 sunt.
1680 409 1767 458 Br.]
1799 418 1803 438 '·

283 477 383 514 Satis
402 478 517 527 igitur
536 474 632 514 haec
652 476 810 529 quidem
838 485 1003 527 arguunt
1022 476 1206 514 Herodoti
1226 480 1358 516 verba:
1391 493 1412 516 a
1452 479 1648 516 communi
1675 490 1769 515 con-
1802 507 1803 510 η

282 543 483 582 suetudine
503 545 738 582 Graecorum
759 543 956 583 descivisse
977 546 1197 597 SIcyonios,
1226 547 1292 598 qui
1311 560 1389 584 non
1418 546 1616 584 Bacchum
1635 558 1770 583 scena-

283 625 371 649 rum
389 611 610 662 lugubrium
631 620 901 664 argumentum
920 613 1088 650 facerent
1101 612 1168 650 sed
1189 612 1387 650 homiuem
1409 622 1543 651 natum
1565 628 1608 651 ac
1626 614 1770 650 meritis

281 680 356 717 suis
388 680 428 715 in
458 678 593 718 heroas
612 682 789 719 relatum.
845 680 1019 718 Bacchus
1049 682 1152 718 enim
1175 683 1253 719 sive
1273 680 1365 719 deus
1384 683 1462 719 sive
1480 682 1591 720 heros
1612 681 1769 726 dicatur,

283 746 446 785 debebat
471 747 545 786 hoc
573 750 662 800 ipsis
689 751 877 787 natalibus
915 750 991 787 suis
1022 756 1059 787 et
1080 750 1123 786 iis
1139 751 1305 798 eventis,
1338 763 1435 802 quae
1455 750 1545 787 inde
1566 755 1769 787 consecuta
1801 793 1802 796 Ἴ

284 824 405 865 erant,
434 823 478 854 ut
497 819 618 855 scenis
638 819 763 867 sacris,
785 816 952 870 hymnis,
975 815 1235 869 dithyrambis,
1257 816 1427 869 phallicis
1449 819 1678 856 carminibus
1698 831 1768 854 an-

282 885 440 936 tiquitus
460 886 728 923 celebraretur.
787 887 994 923 Pausanias
1015 892 1144 922 autem
1161 898 1231 923 nos
1252 884 1374 934 docet,
1394 887 1505 937 Argis
1523 887 1697 923 locorum
1708 885 1769 922 vi-

283 954 437 990 cinitate
477 955 627 991 iunctos
656 955 769 991 fuisse
797 952 994 990 Bacchum
1024 960 1137 1005 atque
1165 953 1373 991 Adrastum
1402 953 1573 991 Corinth.
1603 956 1656 994 23
1684 953 1767 990 init.

281 1023 448 1073 Vestigia
480 1023 559 1059 eius
589 1023 645 1058 rei
680 1021 831 1059 residua
859 1021 1038 1060 videntur
1063 1023 1103 1058 in
1131 1023 1227 1060 vasis
1256 1023 1490 1060 Graecorum
1509 1023 1639 1074 pictis,
1670 1034 1768 1073 quae

280 1090 391 1141 plura
409 1089 562 1128 Adrasti
580 1097 785 1143 utramque
804 1091 999 1127 fortunam
1017 1089 1173 1128 habent.
1230 1092 1288 1128 De
1308 1104 1385 1129 uno
1405 1092 1558 1130 vasculo
1580 1089 1769 1140 discepta-

281 1164 365 1194 tum
383 1171 506 1209 nuper
526 1165 581 1195 est
601 1171 623 1195 a
644 1158 762 1196 doctis
781 1159 905 1207 Italis,
926 1159 1112 1196 referente
1132 1160 1278 1197 Millino
1298 1159 1339 1195 in
1367 1160 1453 1197 libr.
1472 1161 1618 1210 Magas.
1649 1171 1768 1209 ency-

279 1225 380 1276 clop.
405 1224 512 1267 1804
531 1239 570 1276 p.
586 1228 668 1267 229
688 1239 796 1279 seqq.
852 1228 931 1264 Nec
947 1227 1019 1264 alia
1040 1226 1177 1264 desunt
1195 1234 1448 1264 monumenta
1468 1228 1555 1264 artis
1575 1225 1624 1263 ad
1640 1225 1768 1262 Adra-

278 1293 628 1344 stumpertinentia,
649 1295 765 1343 velut,
787 1301 829 1332 ut
848 1293 922 1331 hoc
944 1302 1040 1342 utar,
1060 1308 1214 1345 gemma
1241 1296 1467 1347 perantiqua
1487 1294 1664 1332 Thebani
1678 1294 1768 1332 belli

279 1357 396 1397 duces
416 1361 564 1397 iunctos
585 1358 789 1409 exhibens,
818 1363 1038 1399 nominibus
1068 1361 1282 1413 adscriptis,
1312 1364 1353 1398 in
1371 1362 1511 1400 Lanzz‘i
1525 1363 1644 1399 libro:
1667 1362 1768 1412 Sag-

278 1427 342 1478 gio
375 1426 414 1464 di
438 1428 570 1479 lingua
599 1431 749 1468 Etrusc.
776 1430 813 1466 II
842 1431 920 1467 tab.
940 1431 1039 1479 VIII,
1061 1444 1120 1470 nr.
1151 1434 1177 1472 7
1199 1438 1236 1468 et
1256 1430 1358 1468 aliud
1388 1444 1502 1482 opus,
1533 1428 1638 1483 quod
1652 1430 1767 1467 Win-

278 1494 531 1534 ckelmannus
560 1497 707 1548 primus
736 1496 854 1534 edidit
880 1499 922 1534 in
941 1499 1025 1538 libr.
1056 1500 1299 1536 Monumenti
1319 1498 1462 1537 antichi
1490 1497 1594 1536 ined.
1615 1498 1692 1536 tab.
1712 1498 1766 1539 83

277 1575 328 1600 ne
347 1564 457 1614 plura
475 1565 732 1602 memorem.“
762 1588 814 1593 —-

394 1632 545 1680 „Sicuti
572 1633 689 1683 igitur
721 1633 903 1684 Aegyptii
922 1640 1063 1682 noctu,
1094 1635 1136 1671 in
1167 1635 1261 1672 urbe
1283 1635 1352 1672 Sai'
1370 1633 1418 1672 ad
1434 1635 1584 1682 lacum,
1613 1630 1767 1670 Osiridis

277 1711 437 1737 casuum
472 1700 640 1750 speciem
666 1701 952 1753 imaginemque
981 1701 1254 1750 exhibuerunt3
1303 1704 1357 1739 ita
1393 1703 1515 1752 prisco
1557 1699 1766 1738 admodum

278 1780 374 1806 aevo
399 1768 570 1805 similiter
599 1774 735 1806 eventa
763 1767 952 1806 Bacchica
972 1768 1223 1808 exhibuerant
1243 1769 1291 1807 ad
1310 1772 1525 1807 Lernaeum
1544 1769 1673 1806 lacum
1689 1769 1766 1804 Ar-

278 1836 370 1886 givi.
427 1833 523 1872 Inde
553 1836 706 1886 publice
731 1849 884 1889 quoque
920 1838 960 1873 in
988 1838 1090 1876 festis
1113 1837 1257 1876 Bacchi
1277 1838 1408 1876 diebus
1431 1838 1543 1885 talia,
1573 1849 1671 1888 quae
1691 1849 1765 1887 pu-

277 1903 378 1941 blice
407 1904 579 1954 evulgari
607 1910 783 1955 poterant
799 1933 809 1953 ,
847 1904 934 1942 rudi
959 1907 1208 1960 incomtoque
1234 1906 1352 1944 modo
1382 1911 1661 1957 repraesentata
1679 1909 1767 1941 sunt

275 1972 316 2008 in
350 1973 448 2022 agris
478 1970 703 2024 oppidisque
731 1985 800 2023 per
818 1975 1036 2012 universam
1065 1976 1264 2012 Graeciam
1286 1982 1323 2012 et
1340 1975 1489 2012 Italiam
1509 1985 1615 2021 eam,
1649 1983 1767 2024 quam

275 2039 412 2077 Graeci
438 2038 671 2077 habitarunt.
727 2041 877 2078 Docent
910 2044 1074 2092 vascula,
1094 2044 1134 2079 in
1156 2044 1227 2079 illis
1246 2043 1417 2080 maxime
1438 2042 1510 2079 oris
1525 2052 1668 2091 magno
1689 2052 1766 2076 nu-

273 2120 382 2144 mero
414 2114 576 2159 reperta.
633 2107 780 2146 Verum
810 2107 1012 2148 hincinde
1041 2111 1222 2162 temporis
1243 2109 1405 2147 decursu
1423 2107 1497 2146 hoc
1521 2109 1592 2146 sibi
1610 2106 1767 2144 indulsit

275 2174 511 2211 Graecorum
531 2176 743 2225 ingenium,
776 2180 818 2214 ut
838 2176 977 2216 Bacchi
997 2179 1070 2216 loco
1089 2192 1176 2216 suos
1196 2177 1330 2215 heroas
1350 2173 1538 2223 τοπικοΰς
1558 2176 1656 2214 chori
1684 2179 1766 2212 tra-

277 2242 357 2289 gici
374 2241 529 2279 rudioris
553 2247 803 2291 argumentum
827 2244 978 2295 faceret.
1038 2246 1165 2298 Atque
1186 2244 1259 2283 hoc
1278 2247 1404 2297 ipsum
1421 2245 1462 2281 in
1490 2242 1653 2281 Adrasto
1675 2256 1766 2281 eve-

277 2316 387 2345 nerat
413 2309 594 2361 Sicyone.
651 2310 757 2355 Quae
790 2314 919 2349 omnia
938 2314 978 2349 in
998 2326 1119 2350 unum
1140 2315 1297 2351 collecta
1316 2314 1402 2350 satis
1423 2310 1583 2349 docent:
1612 2315 1765 2350 veterum

277 2375 484 2424 religionum
504 2389 572 2414 non
602 2377 693 2414 hanc
715 2381 874 2416 nativam
902 2394 946 2417 ac
965 2383 1215 2432 primigeniam
1240 2379 1387 2418 indolem
1411 2391 1502 2427 esse,
1523 2382 1565 2416 ut
1585 2391 1602 2416 e
1623 2379 1764 2429 regibus

278 2442 347 2480 sibi
367 2442 446 2480 deos
467 2456 547 2480 suos
562 2444 750 2495 populares
772 2446 967 2497 effingunt,
997 2461 1116 2486 verum
1147 2452 1188 2486 ut
1209 2448 1253 2485 ab
1276 2450 1380 2486 initio
1396 2451 1530 2499 ponant
1558 2447 1638 2486 deos
1659 2451 1764 2498 atque

278 2509 422 2557 heroas,
457 2511 634 2561 profectos
658 2525 676 2550 e
706 2516 824 2551 causis
853 2515 1080 2552 naturalibus
1104 2516 1276 2566 physicis,
1299 2520 1422 2567 postea
1443 2529 1522 2553 vero
1545 2529 1601 2553 eos
1619 2529 1761 2567 quoque,

279 2578 342 2626 qai
356 2580 435 2627 post
464 2577 637 2616 hominum
660 2584 857 2619 memoriam
875 2595 951 2620 cum
973 2583 1078 2621 laude
1095 2586 1249 2622 vixerint
1265 2614 1275 2633 ‚
1298 2596 1542 2635 nonnunquam
1557 2586 1762 2635 impertiant

278 2657 316 2681 eo
332 2644 440 2693 cultu,
475 2648 537 2695 qui
550 2648 594 2684 ab
612 2649 717 2687 initio
732 2652 966 2689 tantummodo
994 2652 1064 2690 diis
1081 2657 1277 2690 reservatas
1296 2658 1384 2702 erat,
1414 2650 1627 2704 iisdemque
1646 2653 1760 2690 etiam

277 2712 318 2747 in
339 2715 536 2750 communi
556 2717 721 2756 universi
740 2720 872 2772 populi
891 2720 1130 2759 solemnitate
1153 2722 1301 2773 integer
1334 2728 1448 2774 atque
1467 2721 1630 2758 illibatus
1648 2718 1759 2759 dein-

279 2791 366 2831 ceps
386 2788 568 2823 servatur.
580 2784 605 2805 “
