1815 3181
393 156 450 195 74
792 152 1252 190 HERODOTI

63 274 189 302 dlendos
207 275 319 314 ipsaru-

62 308 270 369 2133139‘3‘1155
274 316 339 369 33⁸0ss

63 363 243 410 ουρῑιηιίἢῐῐῖ
257 364 322 411 ᾖεί-

62 409 158 437 licere
177 409 325 446 studeret,

394 262 597 316 περίοδος
643 259 912 316 ἐνετέτμητο,
961 260 1036 303 καὶ
1072 259 1273 306 θάλασσά
1321 279 1365 307 τε
1405 266 1547 317 πᾶσα,
1584 265 1658 309 καὶ

368 328 588 383 Ξποταμοὶ
606 327 775 379 πάντες.
835 325 1146 383 ἀπικνεόμενος
1175 332 1222 375 δὲ
1252 331 1294 382 ἐς
1323 331 1480 388 λόγους
1510 330 1657 387 ὁἈρι-

401 394 638 451 σταγόρης,
693 395 806 450 ἔλεγε
851 395 964 448 πρός
1008 395 1144 441 αὐτὸν
1198 399 1321 443 τάδε·
1376 400 1657 455 ,,Κλεόμενες,

396 464 622 519 ,,σπουδὴν
656 464 736 518 μὲν
764 464 844 520 τὴν
873 464 978 521 ἐμὴν
1007 466 1066 522 μὴ
1094 465 1336 525 θωυμᾶσῃς
1378 471 1453 523 τῆς
1492 467 1654 511 ἐνθαῦ-
1669 475 1713 510 25

395 541 476 586 „ta
507 529 693 582 ἀπίξιος·
724 532 776 575 τοὶ
808 531 893 587 γάρ
923 533 1168 590 κατήκοντα
1199 535 1287 578 ἐστι
1323 539 1519 579 τοιαῦτα.
1574 534 1656 580 Ἰώ-

369 607 520 654 3,,νων
556 601 715 650 παῖδας
754 601 942 653 δούλους
976 600 1088 646 εἶναι
1123 601 1221 646 ἄντ’
1254 603 1517 658 ἐλευθέρων,
1548 601 1657 647 ὄνει-

398 670 505 721 ,,δος
532 667 606 710 καὶ
636 668 767 723 ἄλγος
797 668 996 726 μέγιστον
1037 670 1115 727 μὲν
1153 670 1325 714 αὐτοῖσι
1352 670 1479 728 ἡμῖν,
1521 671 1584 714 ἔτι
1612 671 1659 714 δὲ

370 739 515 789 4,,τῶν
544 739 712 779 λοιπῶν
740 735 869 793 ὑμῖν,
915 738 1002 798 ὅσῳ
1037 739 1294 795 προεστέατε
1330 743 1406 795 τῆς
1435 737 1658 789 ἶΕλλάδος.

342 901 467 947 Η.·ΙΠ,
490 902 565 948 23,
588 897 672 950 (ubi
693 900 794 938 conf.
814 899 942 938 Ktihn.
965 908 1003 939 et

342 957 540 1007 Perizon.)
551 963 588 993 et
607 957 779 1003 πίνακας
792 958 893 1008 apud
905 959 1001 995 Dio-

341 1027 431 1064 gen.
451 1015 578 1051 Laert.
599 1014 644 1062 V,
667 1015 717 1055 51
741 1022 897 1052 annotat
907 1016 1002 1052 Val-

343 1069 457 1108 cken.
513 1071 602 1107 Alia
631 1083 728 1122 quae
763 1073 885 1122 magis
924 1071 1001 1110 huc

343 1134 515 1178 spectant
527 1126 631 1164 dabit
653 1127 684 1164 C
694 1140 724 1164 r.
745 1127 793 1164 ad
807 1130 1001 1181 antiquiss.

343 1182 535 1221 historico.
554 1185 736 1233 fragmm.
763 1198 853 1235 pag.
876 1188 900 1226 9
922 1199 1001 1238 seq.

345 1248 382 1277 et
404 1242 470 1292 qui
491 1241 536 1277 ab
549 1254 593 1277 eo
606 1254 710 1277 nunc
723 1242 869 1290 citatur,
881 1244 1003 1293 Wyt-

343 1295 522 1334 tenbach.
554 1297 603 1334 ad
622 1298 772 1334 Platon.
802 1297 1002 1336 Phaedon.

343 1366 433 1404 pag.
454 1352 550 1394 295.
607 1355 676 1390 Est
695 1367 786 1391 vero
807 1354 901 1392 haec
921 1357 1003 1407 pri-

344 1423 410 1446 ma
431 1412 608 1446 omnium
639 1410 741 1461 apud
762 1412 1003 1450 Herodotum

343 1468 488 1503 mendo
509 1480 716 1517 mapparum
741 1470 1003 1520 geographica-

345 1536 434 1570 γυνη,
458 1536 556 1575 quae
568 1525 684 1573 vulgo
700 1523 900 1573 dicuntum
933 1540 1003 1563 cu-

345 1580 403 1616 ius
423 1580 569 1616 inventi
587 1579 742 1617 laudem
762 1583 1004 1619 Anaximan-

347 1635 414 1672 dro
426 1637 557 1673 tribuit
565 1637 701 1674 Strabo
714 1639 732 1673 Ι
750 1651 788 1688 p.
804 1641 843 1679 7.
865 1653 895 1676 s.
911 1642 1003 1686 138,

346 1694 398 1729 ita
417 1700 460 1729 ut
481 1695 697 1730 Hecataeus
717 1707 902 1745 mappam
926 1696 1005 1731 iam

348 1750 547 1786 inventam
574 1751 710 1786 melius
732 1753 941 1789 excoluisse
963 1764 1006 1789 ac

347 1806 547 1856 perfecisse
597 1806 771 1858 adeoque
807 1821 1008 1844 commen-

348 1864 450 1899 tariis
470 1863 615 1913 scriptis
628 1864 853 1900 illustratam
864 1866 903 1901 iu
918 1865 1007 1901 vul-

349 1932 419 1969 gus
441 1918 601 1956 edidisse
614 1919 799 1958 videatur.
827 1921 885 1958 Cf.
896 1923 1010 1957 Man-

349 1983 445 2011 nert.
468 1975 686 2026 Geograph.
707 1978 725 2012 I
744 1990 833 2028 pag.
858 1981 908 2018 10
929 1991 1008 2030 seq.

350 2039 387 2068 et
408 2031 607 2068 Groskurd
618 2034 658 2068 iu
674 2035 879 2070 vernacula
900 2035 1010 2071 Stra-

350 2089 458 2124 bonis
479 2090 711 2138 interpretat.
733 2103 821 2140 pag.
844 2093 881 2130 9.
912 2092 1010 2127 Per-

350 2158 469 2196 quam
489 2145 604 2194 igitur
617 2146 813 2195 probabile
826 2154 890 2194 est,
905 2146 1009 2198 quod

350 2203 457 2252 ponit
478 2200 709 2238 Dahlmann.
732 2215 819 2252 pag.
842 2203 920 2242 114
943 2216 1010 2239 ae-

355 2271 469 2294 neam
488 2256 587 2294 hanc
607 2258 778 2294 tabulam
799 2259 844 2295 ab
864 2260 1012 2296 Arista—

353 2314 445 2365 gorft
477 2315 657 2365 Spartam
688 2316 842 2351 allatam
872 2316 943 2351 nisi
964 2317 1010 2352 ab

354 2372 435 2422 ipso
468 2373 657 2407 Hecataeo
688 2372 901 2408 consectam
926 2385 1012 2408 cre-

355 2427 503 2475 damus,
525 2427 573 2464 ad
604 2428 682 2464 eius
713 2435 813 2464 certe
834 2429 1009 2476 rationes,

356 2484 404 2522 ad
424 2491 588 2536 systema
610 2484 713 2535 quod
736 2485 852 2535 vulgo
872 2492 1011 2522 vocant

355 2540 667 2592 geographicum,
699 2542 813 2578 fuisse
847 2541 1013 2578 adorna-

355 2605 447 2635 tam.
514 2599 580 2636 Tu
614 2598 718 2635 conf.
749 2599 863 2634 etiam
893 2597 1013 2635 Ukert

357 2657 498 2705 Geogr.
519 2656 548 2702 I,
568 2658 586 2694 1
605 2667 693 2706 pag.
722 2658 789 2695 70.
822 2656 850 2701 1,
873 2657 900 2695 2
919 2667 1007 2705 pag.

362 2714 453 2752 170.
481 2710 592 2756 Quod
613 2711 662 2748 ad
681 2712 826 2749 inventi
846 2713 1013 2763 antiqui-

359 2774 476 2804 tatem
508 2769 694 2819 pertinet,
735 2768 897 2805 Renuel.
923 2781 1011 2819 pag.

1059 901 1139 944 528
1174 899 1306 948 affert,
1345 902 1385 938 in
1413 900 1523 938 India
1558 914 1715 953 quoque

1057 972 1181 1009 nuper
1198 965 1388 1009 repertam
1423 972 1502 995 esse
1528 959 1716 1002 laminam

1059 1028 1240 1063 aeneam,
1270 1017 1311 1051 in
1331 1015 1408 1067 qua
1433 1016 1565 1052 similis
1593 1022 1716 1051 terra-

1059 1085 1147 1109 rum
1176 1072 1376 1123 descriptio
1412 1072 1528 1109 fuerit
1560 1084 1716 1123 reprae-

1058 1136 1215 1176 sentata,
1236 1130 1352 1166 literis
1373 1128 1527 1166 adiectis
1541 1129 1717 1166 Sanscri-

1058 1193 1170 1223 tanae
1199 1187 1368 1236 linguae.
1425 1185 1505 1223 Sed
1544 1198 1631 1221 eam
1657 1186 1717 1221 la-

1057 1244 1206 1279 minam
1221 1242 1270 1279 ad
1293 1242 1430 1279 Christi
1450 1243 1595 1279 natales
1615 1241 1718 1278 refe-

1058 1307 1159 1336 runt.
1180 1322 1236 1327 —
1267 1300 1312 1335 In
1345 1312 1451 1351 seqq.
1493 1294 1719 1352 θωυμᾶσῃς

1059 1357 1210 1407 reposui
1230 1369 1299 1406 pro
1320 1353 1531 1409 θωμάσῃς,
1551 1361 1595 1392 ut
1613 1368 1719 1392 sem-

1058 1427 1141 1465 per.
1201 1413 1259 1450 Cf.
1280 1413 1343 1460 IV‚
1368 1415 1460 1453 129.

1115 1467 1163 1508 τοὶ
1184 1466 1258 1521 γάρ
1280 1464 1506 1520 κατήκοντα
1535 1466 1616 1508 ἐστι
1639 1482 1717 1507 τοι-

1061 1527 1189 1574 αῦτα]
1238 1528 1296 1563 Ita
1324 1539 1415 1563 cum
1442 1532 1600 1562 recentt.
1631 1524 1720 1561 edd.

1061 1582 1219 1620 exhibui
1229 1596 1296 1633 pro
1307 1583 1414 1632 vulg.
1433 1579 1481 1621 τοὶ
1495 1577 1721 1632 κατήκοντα
1744 1612 1747 1614 -

1061 1635 1138 1691 γάρ
1179 1638 1258 1678 ἐστι
1298 1641 1472 1677 τοιαῦτα.
1543 1638 1608 1675 Ad
1645 1638 1721 1675 loci

1063 1697 1291 1733 sententiam
1310 1696 1408 1732 bene
1428 1701 1586 1731 annotat
1599 1696 1721 1732 Wes-

1064 1754 1198 1802 seling.
1220 1750 1267 1791 τοὶ
1293 1748 1517 1803 κατήκοντα
1536 1765 1566 1788 S.
1586 1748 1634 1789 τοὶ
1652 1766 1724 1789 κα-

1064 1805 1238 1859 τήκοντα
1258 1805 1471 1860 πρήγματα
1491 1821 1544 1845 res
1566 1806 1642 1844 dici
1659 1820 1723 1844 ur-

1065 1869 1181 1914 gentes
1213 1879 1256 1902 ac
1281 1869 1502 1916 praesentes,
1532 1871 1576 1900 ut
1594 1865 1624 1911 I,
1652 1866 1722 1904 97.

1064 1923 1164 1971 VIII,
1189 1925 1254 1963 19.
1312 1923 1378 1959 Tu
1405 1920 1493 1958 add.
1524 1921 1625 1968 VIII,
1657 1918 1723 1959 40.

1069 1982 1162 2020 102.
1220 1979 1357 2029 Attigit
1388 1991 1542 2030 quoque
1563 1976 1725 2015 Siebelis

1066 2035 1114 2072 ad
1135 2037 1299 2072 Pausan.
1318 2037 1349 2083 I,
1372 2035 1396 2075 5
1418 2036 1454 2080 ξ.
1475 2034 1499 2074 4
1520 2048 1559 2085 p.
1581 2036 1648 2074 22-
1670 2054 1723 2060 —-
1748 2071 1752 2075 .

1064 2091 1177 2128 Unde
1197 2091 1259 2128 hic
1281 2093 1406 2128 existit
1435 2103 1565 2127 seusus
1583 2102 1593 2126 ε
1627 2088 1725 2125 Sunt

1064 2150 1152 2185 enim
1175 2148 1258 2184 haec
1270 2147 1368 2197 fere,
1389 2159 1477 2196 quae
1488 2159 1538 2183 me
1560 2149 1724 2194 urgeant,

1064 2208 1105 2241 ut
1137 2207 1170 2240 te
1209 2204 1335 2240 adeam
1368 2215 1503 2240 necesse
1537 2204 1585 2239 sit
1614 2215 1644 2239 s.
1667 2202 1725 2238 hic

1068 2262 1156 2297 enim
1173 2259 1252 2310 fere
1277 2263 1325 2297 est
1356 2273 1471 2296 rerum
1489 2260 1726 2310 praesentium

1068 2320 1196 2353 statu&
1218 2339 1275 2343 —
1331 2317 1376 2352 In
1415 2317 1609 2352 locutione
1639 2310 1725 2364 ’‘Im'-

1067 2388 1150 2412 νων
1171 2373 1317 2418 παῖδας
1336 2385 1405 2423 pro
1425 2369 1578 2420 ’Ἴωνας
1597 2371 1725 2409 hono-

1067 2431 1116 2466 ris
1176 2428 1320 2481 aliquid
1382 2430 1502 2465 inesse
1552 2430 1725 2466 observat

1067 2484 1340 2523 Wachsmuth.
1397 2486 1548 2523 Hellen.
1597 2486 1726 2522 Alter-

1068 2541 1242 2583 thumsk,
1266 2544 1296 2589 Ι,
1331 2545 1349 2582 1
1383 2555 1473 2593 pag.
1506 2545 1603 2583 321·
1659 2541 1725 2577 TU

1069 2599 1170 2636 conf.
1190 2598 1334 2636 Herod.
1353 2600 1383 2647 I,
1405 2602 1473 2641 27.
1487 2599 1534 2647 V,
1553 2600 1620 2639 77.
1640 2597 1724 2645 VII,

1071 2658 1164 2696 130.

1126 2708 1208 2764 ὅσῳ
1237 2708 1471 2762 προεστὲατε
1494 2711 1568 2761 τῆς
1585 2704 1725 2748 Ἑλλά-

1069 2767 1168 2816 δος]
1205 2766 1439 2820 προεστὲατε
1467 2778 1517 2804 ex
1543 2778 1622 2803 una
1654 2766 1725 2802 Al-
