1896 3181
447 175 500 214 16
842 161 1307 202 HERODOTI

449 284 584 324 ταῦτα
621 279 831 335 λέγοντες,
880 272 1082 318 δοκέουσι
1121 270 1260 325 λέγειν
1300 268 1383 312 οὐκ
1426 268 1597 312 οἰκότα·
1645 269 1699 312 τὰ

452 347 536 404 γαρ
569 351 652 400 ζῶα
691 348 825 389 ταῦτα
855 343 1055 399 φαίνεται
1084 337 1196 383 εἶναι
1227 336 1429 394 δύσριγα·
1475 335 1583 381 ἄλλα
1622 354 1699 393 μοι

449 415 500 460 τοὶ
530 415 616 458 ὑπό
648 414 725 467 τὴν
748 412 909 467 ἄρκτον
940 409 1120 464 ἀοίκητα
1144 406 1285 450 δοκέει
1307 403 1419 449 εἶναι
1438 405 1510 449 διοὶ
1539 404 1593 448 τὰ
1615 404 1699 457 ψύ-

420 490 538 539 3χεα.
601 486 747 524 Ταῦτα
782 479 860 535 μέν
887 494 973 521 νυν
1000 479 1075 532 τῆς
1103 473 1245 531 χώρης
1274 472 1432 529 ταύτης
1451 474 1548 528 πέρι
1583 472 1727 528 λέγε-5

447 567 528 592 ται.
562 548 614 592 τοὶ
642 546 976 603 παραθαλάσσια
1006 541 1051 587 δ’
1073 539 1136 586 ὦν
1157 541 1288 598 αὐτῆς
1308 541 1566 599 Μεγάβαζος
1591 545 1699 596 Περ-

447 618 555 662 σέων
583 615 774 671 κατήκοα
802 614 952 658 ἐποίεε.

530 688 717 737 Δαρεῖος
751 683 813 734 δὲ,
859 680 918 732 (ὃς
947 680 1101 736 διαβάς
1129 677 1305 734 τάχιστα
1341 681 1419 722 τόν
1445 675 1702 733 Ἑλλήσπον-

449 770 526 796 τον
566 751 739 794 ἀπίκετο
781 750 823 801 ἐς
852 748 1038 803 Σάρδις,
1075 747 1269 803 ἐμνήσθη
1311 750 1387 801 τῆς
1425 745 1468 798 ἐξ
1499 746 1703 791 Ἱστιαίου

448 838 490 864 τε
529 823 605 863 τοῦ
646 820 868 875 Μιλησίου
905 816 1170 872 εὐεργεσίης,
1210 814 1283 858 καὶ
1311 818 1388 870 τῆς
1424 816 1703 870 παραινέσιος

119 304 153 323 se
177 294 323 324 tentrioni

118 338 154 357 su
174 331 255 357 iecta
280 328 316 354 ob
338 326 391 353 fri·

117 371 173 426 ἦξε
190 359 369 392 inhabitabi-

326 688 387 731 11

119 753 233 783 narius
249 752 286 779 ab
304 758 392 785 expe-

121 788 237 815 ditione
253 784 393 819 Scythica

120 820 234 849 Sardes
253 826 358 846 rever-

121 863 192 888 sus,
220 852 392 889 ffistiaeun!

122 889 159 916 ob
185 890 307 923 pontem
324 885 393 911 lstn

123 925 275 948 servatum
303 919 342 951 H,

123 955 208 989 1373,
237 954 319 980 Coen
341 951 377 978 ob

120 987 277 1016 consilium
300 985 377 1012 salu--

121 1023 173 1049 bre
192 1021 293 1048 datum
320 1019 359 1053 [⁴⁷

121 1055 180 1090 91]
204 1061 376 1081 remunera-

121 1093 189 1123 tur,
210 1088 257 1116 illi
278 1086 393 1122 petenti

451 956 492 1007 ἐς
521 954 709 1008 Σάρδις,
740 954 885 997 ἐδίδου
915 951 1087 996 αὐτοῖσι
1120 953 1301 1005 αἵρεσιν.
1344 949 1367 994 ὁ
1398 951 1486 1007 μὲν·
1508 952 1560 1008 δὴ
1586 951 1706 997 Ἱστι-

451 1028 563 1075 αῖος,
595 1022 666 1066 ἅτε
685 1020 965 1078 τυραννεύων
995 1025 1069 1077 τῆς
1093 1017 1315 1077 Μιλήτου,
1342 1023 1605 1076 τυραννίδος
1625 1022 1703 1078 μὲν

1756 609 1838 649 376

423 892 531 951 Ετοῦ
553 888 859 943 ΜῙυτιληναίου
882 883 1031 928 Κώεω.
1075 881 1463 939 μεταπεμψάμενος
1493 885 1539 928 δέ
1569 897 1705 940 σφεας
1717 893 1760 926 10

394 1199 499 1237 modi
513 1200 621 1236 rebus
636 1199 795 1235 aliorum
809 1211 828 1234 e
842 1197 916 1234 fide
939 1210 1050 1234 enar-

395 1256 518 1294 randis
557 1269 665 1292 suam
703 1257 815 1306 ipsius
844 1254 1050 1291 dubitatio-

395 1327 486 1350 nem
513 1314 735 1362 subiungat,
775 1325 824 1348 ne
845 1313 927 1363 quis
948 1312 1051 1356 talia,

398 1383 494 1421 quae
516 1383 536 1405 a
556 1382 683 1406 rerum
702 1375 837 1405 natura
850 1367 1051 1405 abhorrere

396 1427 615 1473 videantur,
647 1439 666 1462 3
696 1440 735 1462 se
756 1426 836 1476 ipso
858 1432 922 1462 aut
941 1438 1052 1476 pror-

397 1497 456 1520 sus
477 1484 562 1519 ficta
583 1490 647 1519 aut
668 1489 767 1518 certe
789 1484 945 1533 probata
967 1482 1052 1518 exi-

397 1542 533 1577 stimet.
565 1539 621 1575 Cf.
642 1540 705 1586 IV,
726 1542 765 1580 7.
786 1561 843 1566 -—-
870 1539 933 1576 Ad
952 1546 1053 1575 stru-

399 1604 543 1633 cturam
564 1597 767 1632 verborum
797 1597 1052 1648 sequentium,

399 1654 465 1689 ubi
493 1654 531 1688 in
561 1655 818 1689 accusativum
840 1666 929 1689 cum
964 1652 1054 1688 infi-

401 1711 518 1745 nitivo
557 1711 687 1746 transit
727 1710 845 1746 oratio
860 1740 868 1755 ‚
909 1709 1053 1746 consul.

399 1765 534 1802 Matth.
566 1767 630 1802 Gr.
660 1767 726 1802 Gr.
760 1767 796 1811 ξ.
823 1769 926 1812 631,
961 1769 986 1805 2
1016 1779 1054 1815 Ρ.

403 1824 519 1867 1297,
552 1824 615 1873 qui
635 1822 738 1858 idem
767 1835 854 1873 pag.
878 1824 985 1862 1186
1008 1820 1056 1858 ad

405 1879 521 1914 verba
541 1875 621 1917 v‘no'
654 1881 786 1925 (cuius
806 1880 890 1915 loco
912 1880 951 1914 in
972 1879 1034 1914 Me

404 1933 476 1970 dic.
515 1948 557 1970 ac
588 1936 753 1972 Flore-nt.
787 1942 908 1971 exstat
928 1931 1054 1985 ὕπερ)

404 1989 570 2028 τουτέων
587 1991 848 2029 consulendus.
864 1990 965 2029 Add.
977 1993 1050 2027 He-

407 2046 486 2082 rod.
507 2047 586 2094 VH,
611 2050 700 2087 168.

465 2146 647 2194 φαίνεται
667 2145 766 2187 εἶναι
789 2149 809 2188 δ
822 2146 845 2187 ύ
860 2162 911 2200 σρ
925 2166 937 2189 ι
950 2166 969 2202 γ
981 2165 1005 2188 α
1019 2150 1054 2198 ”]

411 2202 547 2250 „Quod
577 2203 807 2252 adnectitur,
860 2220 946 2257 apes
980 2220 1057 2243 esse

412 2262 490 2306 ζῶα
513 2255 674 2310 δύσριγα
698 2261 745 2308 [ἰ.
761 2276 792 2297 e.
807 2263 1059 2313 am'maliafri-

410 2318 502 2364 garis
536 2318 779 2365 impatientia]
797 2348 805 2363 ,
847 2332 866 2354 3
904 2320 1059 2356 veritate

412 2371 567 2422 quidem
608 2370 708 2408 haud
750 2373 934 2421 deflectit,
982 2389 1060 2412 11011

413 2435 543 2477 aptum
568 2435 692 2464 tamen
723 2429 769 2465 ad
792 2443 878 2480 apes
909 2439 1062 2481 septen-

413 2486 541 2520 trionis
589 2486 803 2533 regionibus
851 2488 1062 2525 eiiciendas.

414 2542 531 2577 secus
544 2539 667 2586 habet,
681 2555 750 2577 nec
764 2544 921 2590 reticuit,
936 2545 1063 2580 Aelia-

413 2610 482 2633 nus
513 2599 606 2633 nist.
637 2598 709 2633 An.
740 2599 795 2643 11,
824 2599 898 2645 53,
929 2602 1062 2637 Nostro

415 2649 519 2705 (ἷκυῇ
546 2651 657 2706 ᾅδειν
670 2655 924 2704 exprobrans“
953 2655 1062 2693 lVes-

416 2709 588 2757 selt'ng.
666 2710 724 2746 Ad
760 2711 908 2746 Aeliani
939 2712 1063 2748 locum

416 2763 507 2800 haec
542 2764 818 2803 Schneider-us:
863 2767 1064 2814 „Herodo-

1106 1203 1190 1233 tum
1210 1197 1385 1233 refellunt
1404 1198 1619 1234 testimonia
1627 1211 1764 1234 recen-

1106 1254 1248 1289 tiorum
1277 1267 1298 1289 a
1327 1252 1504 1291 Bochart.
1535 1256 1688 1291 Hieroz.
1709 1255 1762 1291 T.

1107 1311 1142 1346 II
1153 1324 1190 1360 p.
1204 1310 1284 1351 505
1307 1311 1474 1357 collecta,
1497 1324 1594 1363 quae
1612 1312 1764 1362 publica

1107 1365 1222 1403 hodie
1241 1373 1398 1403 naturae
1418 1366 1493 1404 fide
1518 1369 1735 1405 nituntur.“

1168 1467 1354 1520 Περσέων
1372 1485 1394 1508 κ
1405 1486 1428 1508 α
1440 1465 1528 1520 τήκ
1541 1485 1562 1510 ο
1573 1486 1597 1509 α
1615 1469 1761 1521 ἐποίεε]

1107 1526 1202 1562 Voci
1229 1522 1426 1577 κατήκοος
1453 1534 1490 1564 et
1518 1529 1707 1578 genitivus
1727 1536 1766 1567 et

1111 1582 1256 1620 dativus
1279 1585 1393 1620 astrui
1422 1585 1539 1632 solet,
1580 1593 1764 1624 monente

1109 1638 1244 1676 Matth.
1262 1641 1326 1676 Gr.
1350 1642 1416 1677 Gr.
1439 1642 1476 1686 ξ.
1499 1643 1592 1687 362,
1619 1649 1701 1679 1101.
1725 1645 1764 1683 1.

1111 1700 1150 1737 2.
1181 1695 1281 1732 Add.
1304 1696 1446 1734 Herod.
1475 1699 1505 1744 I,
1527 1700 1593 1738 72.
1613 1700 1678 1745 ΠΙ,
1699 1700 1766 1739 88.

1112 1755 1169 1789 De
1189 1754 1301 1789 simili
1321 1761 1507 1790 structura
1527 1755 1629 1791 vocis
1658 1750 1768 1806 ’ὑπή-

1114 1825 1206 1856 κοος
1227 1812 1380 1847 monuit
1400 1811 1561 1848 Siebelis
1583 1810 1632 1847 ad
1660 1813 1767 1848 Pau-

1114 1868 1269 1912 san.III‚
1284 1869 1463 1913 3§.3.—
1483 1869 1559 1903 Pro
1580 1866 1707 1907 ἐποίεε
1726 1869 1767 1904 in

1117 1922 1263 1960 duobus
1282 1923 1393 1960 codd.
1412 1924 1605 1960 invenitur
1629 1923 1771 1974 ε’ποίη-

1117 1992 1177 2026 σε;
1227 1980 1332 2032 quod
1351 1988 1480 2017 tamen
1507 1981 1684 2031 vulgatae
1703 1982 1770 2018 vix

1112 2037 1336 2087 praeferam.
1404 2037 1467 2074 Ad
1501 2044 1771 2088 argumentum

1114 2094 1188 2130 loci
1209 2094 1308 2131 conf.
1331 2101 1411 2132 not.
1434 2093 1482 2131 ad
1501 2095 1565 2143 IV,
1587 2096 1628 2134 2.

1355 2219 1447 2270 Cap.
1469 2219 1538 2255 XI.

1172 2316 1356 2371 ἐμνήσθη
1377 2322 1450 2371 τῆς
1467 2319 1506 2368 ἐξ
1524 2318 1712 2359 Ἱστιαίου
1731 2335 1772 2360 τε

1117 2380 1190 2416 τοῦ
1224 2379 1428 2426 Μιλησίου
1449 2392 1486 2416 κ.
1509 2392 1541 2414 τ.
1561 2377 1621 2425 λ.]
1663 2377 1774 2415 Conf.

1118 2435 1180 2481 lv,
1205 2436 1283 2474 137
1304 2447 1383 2486 seq.
1415 2440 1451 2470 et
1471 2432 1518 2469 de
1541 2433 1609 2471 Coie·
1624 2434 1686 2481 IV,
1707 2435 1776 2474 97.

1122 2491 1402 2539 Μυτιληναίου
1419 2489 1505 2527 dedi
1517 2503 1606 2526 cum
1617 2497 1775 2527 recentt.

1118 2560 1187 2596 pro
1201 2548 1477 2596 Μιτυληναίου
1488 2560 1498 2594 3
1518 2553 1559 2583 111
1570 2559 1664 2583 mox
1674 2548 1774 2584 Mv-

1119 2599 1279 2652 τιλήνης
1318 2616 1386 2654 pro
1426 2600 1687 2654 Μιτυλήνηςς
1727 2600 1774 2639 de

1121 2672 1195 2709 quo
1225 2659 1301 2696 vid.
1331 2667 1425 2696 nott.
1454 2660 1502 2696 ad
1529 2661 1560 2707 Ι,
1590 2661 1656 2699 27.
1712 2658 1775 2696 Ad

1120 2722 1389 2763 argumentum
1408 2717 1481 2753 loci
1511 2717 1597 2752 satis
1616 2722 1774 2764 constat,

1119 2771 1320 2808 Persarum
1349 2773 1463 2811 fuisse
1481 2773 1597 2810 moris
1610 2801 1620 2820 ,
1651 2778 1693 2809 ut
1713 2784 1774 2808 re-
