1834 3258
408 260 884 298 POLYMNIA.
942 263 1044 300 Vll.

1281 269 1364 310 451

99 374 242 422 „aaa
300 369 370 412 Σὺ
399 363 463 413 ὦν
490 368 549 426 μή
585 368 746 426 βούλευ
776 370 819 421 ἐς
847 371 1061 416 κίνδυνον
1088 374 1252 428 μηδένα
1279 393 1367 420 τοι·
1378 386 1421 421 65

101 441 263 490 ,,οὕτον
300 435 563 489 ἀπικέσθαι,
603 440 812 494 μηδεμιῆς
841 436 1032 496 ἀνάγκης
1062 439 1236 498 ἐούσης·
1276 443 1365 489 ἀλλ’

46 514 87 547 11
99 504 222 560 ,,ἐμοὶ
251 506 418 550 πείθευ.

477 509 561 550 νῦν
602 506 681 561 μὲν
716 505 794 549 τόν
825 505 1044 562 σύλλογον
1065 507 1193 553 τόνδε
1222 510 1369 555 διάλυ-

98 587 232 627 ,,σον·
264 570 386 627 αὖτις
415 574 476 627 δὲ,
506 574 612 618 ὅταν
641 590 711 619 τοι
741 575 893 631 δοκέῃ,
924 576 1282 632 προσκεψάμενος
1299 578 1367 623 ἐπὶ

44 648 340 696 12,,σεωυτοῦ,
381 642 657 699 προαγόρευε
695 642 748 686 τά
776 659 847 686 τοι
877 644 1016 687 δοκέει
1046 643 1160 689 εἶναι
1199 645 1366 700 ἄριστοι.

100 709 175 762 ,,τὸ
213 710 296 765 γὰρ
335 706 385 755 εὖ
414 710 729 767 βουλεύεσθαι,

772 709 928 765 κέρδος
953 713 1158 769 μέγιστον
1187 712 1427 768 εὑρίσκωῗο

100 775 216 830 ,,ἐο’ν.
273 780 310 822 εἰ
338 779 422 836 γάρ
452 779 526 823 καὶ
556 779 875 835 ἐναντιωθῆναί
902 796 944 823 τι
971 779 1107 833 θέλει,
1138 782 1368 839 βεβούλευ-

99 994 161 1037 Σῦ
182 991 241 1037 οἷν
269 996 323 1050 μή
354 994 528 1049 βούλευ]
561 994 706 1050 βούλευ

43 1069 64 1092 e
93 1056 264 1092 Parisino
305 1055 390 1092 cod.
432 1054 536 1092 dedit
575 1055 705 1103 Gaisf.,

43 1125 160 1164 quem
199 1125 289 1149 cum
326 1110 507 1148 Bekkero
555 1118 706 1148 secutus

41 1181 140 1208 sum.
199 1169 264 1206 Sic
291 1182 386 1205 mox
404 1170 570 1217 πείθευ,
601 1170 707 1206 cuius

42 1226 127 1263 loco
146 1226 234 1262 libri
258 1225 416 1278 quidam
436 1225 591 1264 πείθεο.
622 1227 707 1262 Hoc

41 1283 126 1320 1000
161 1279 356 1333 βουλεύου
385 1282 584 1333 proferunt
622 1283 708 1318 libri

36 1340 170 1390 ‘scripti
198 1340 392 1391 pleriquez,
430 1338 533 1375 unde
564 1334 706 1389 βούλεο

44 1409 66 1433 e
93 1397 341 1446 Wesselingii
376 1397 591 1432 coniectura
610 1397 708 1432 Lar-

44 1451 159 1490 chero
181 1454 340 1504 probata
370 1452 538 1489 ediderat
560 1451 708 1490 Sohae-

42 1509 165 1557 ferus,
215 1506 403 1561 βουλεύεο
434 1508 629 1546 Matthiae.
652 1532 705 1538 —

42 1567 89 1603 In
118 1579 223 1618 seqq.
256 1580 346 1603 cum
377 1566 506 1614 Gaisf.,
522 1565 706 1603 Matthiae

45 1630 84 1660 et
124 1622 294 1661 Bekker.
333 1623 470 1660 reduxi
513 1619 706 1675 σύλλογον

44 1676 163 1719 τόνδε
208 1693 277 1731 pro
328 1677 521 1731 σύλλογον
564 1681 705 1719 τῶνδε.

46 1736 159 1783 Quod
180 1750 272 1774 vero
293 1750 387 1774 mox
398 1737 501 1773 idem
515 1737 629 1775 Gaisf.
644 1750 707 1773 re-

45 1795 191 1844 scripsit
213 1788 325 1840 αὖτίς
346 1809 416 1841 τε,
450 1807 519 1844 pro
532 1807 576 1830 eo
589 1795 708 1830 malui

45 1850 227 1902 equidem
256 1863 344 1887 cum
377 1849 548 1897 Schaefi,
580 1849 708 1888 Bekk.

47 1914 85 1944 et
95 1906 231 1943 Matth.
251 1908 414 1943 retinere
435 1908 456 1945 δ
471 1905 500 1954 ὲ,
535 1914 570 1943 et
582 1909 709 1958 ipsum

45 1963 149 2000 libris
171 1963 399 2015 quibusdam
420 1964 578 1999 allatum
595 1971 708 2015 atque

48 2022 279 2057 conveniens
291 2019 601 2057 antecedentibus
614 2036 634 2058 ν
646 2023 672 2058 ὗ
683 2035 708 2059 ν

48 2090 75 2128 μ
88 2075 153 2115 έν.
182 2077 243 2113 Ad
255 2078 489 2113 locutionem
511 2076 574 2115 ἐπὶ
587 2089 708 2116 σεωυ-

47 2136 119 2173 τοῦ
140 2134 243 2171 conf.
266 2135 378 2170 citata
398 2133 447 2170 ad
468 2134 505 2179 ξ.
532 2137 566 2173 1.

104 2190 141 2229 εἰ
159 2189 234 2242 γᾶρ
259 2190 323 2228 καὶ
353 2189 650 2240 ἐναντιωθῆναί
671 2203 708 2228 τι

46 2245 182 2296 θέλει]
226 2249 368 2294 „Recte
399 2245 572 2283 Eustath.
605 2248 643 2283 in
663 2247 707 2283 Il.

46 2305 83 2340 II
111 2317 150 2355 p.
184 2307 275 2351 131,
298 2306 351 2345 39
370 2318 399 2341 s.
423 2307 527 2350 173.
550 2303 602 2344 35
621 2299 709 2352 οὐκ,

48 2361 123 2407 ait,
172 2359 215 2399 ἐκ
252 2363 333 2399 τῶν
384 2357 711 2411 ἀποτελεσμάτων

51 2412 112 2456 ἆεὶ
142 2415 297 2465 κριτέον
333 2414 380 2455 τοὶ
409 2414 510 2455 καλοὶ
545 2418 620 2455 εἴτε
643 2416 710 2456 καὶ

51 2474 200 2522 φαῦλα,
231 2486 420 2525 suumque
448 2473 543 2510 illud
565 2473 711 2510 (lictum

51 2541 100 2566 ex
122 2531 308 2566 sententia
337 2531 463 2567 firmat
485 2530 709 2568 Herodoti.“

56 2585 216 2623 Valck.
262 2585 308 2623 de
340 2599 383 2622 ea
404 2589 611 2634 sententia,
634 2586 711 2640 qua

51 2643 167 2693 vulgo
206 2654 380 2694 perverse
419 2642 631 2680 iudicamus
663 2645 710 2681 ab

52 2707 215 2747 eventu,
255 2701 373 2737 citans
402 2699 649 2740 Demosthen.
671 2715 709 2752 p.

53 2753 80 2796 5
97 2755 152 2806 [p.
177 2759 238 2803 12,
265 2759 314 2797 16
337 2757 400 2804 Β.]
425 2763 545 2796 contr.
562 2757 711 2794 Aristo—

54 2819 143 2849 crat.
164 2826 203 2863 p.
223 2813 302 2854 421
329 2814 384 2863 [p.
408 2813 500 2859 658,
523 2814 580 2861 2].
596 2811 711 2850 Thu-

55 2867 139 2919 cyd.
158 2871 188 2917 I,
212 2872 304 2911 120.
342 2868 404 2906 Ad
424 2870 586 2907 verbum
601 2868 712 2910 θέλει

763 941 864 978 conf.
885 948 1015 980 notata
1035 941 1084 979 ad
1103 944 1132 991 Ι,
1154 943 1223 984 74.
1261 945 1307 981 In
1334 958 1427 996 pro-

760 999 868 1035 xime
896 1012 1002 1051 seqq.
1032 1013 1121 1056 cum
1149 1008 1308 1038 recentt.
1337 1002 1426 1040 edd.

762 1055 818 1092 bis
839 1057 1014 1093 revocavi
1042 1057 1191 1107 ἧσσον,
1215 1060 1319 1095 cuius
1340 1060 1426 1096 loco

764 1111 992 1149 Sohaeferus
1027 1114 1152 1150 invitis
1181 1115 1285 1151 libris
1314 1115 1427 1152 exhi-

762 1168 898 1206 buerat
919 1167 1048 1208 ἕσσον.
1086 1169 1171 1208 Vid.
1193 1178 1289 1208 nott.
1312 1172 1361 1209 ad
1380 1174 1427 1221 V,

766 1228 791 1266 7
795 1228 834 1265 2.
864 1225 976 1271 Quod
986 1225 1035 1262 ad
1056 1235 1329 1276 argumentum
1339 1230 1426 1277 loci,

764 1295 880 1319 nemo
911 1295 991 1319 non
1020 1283 1210 1334 intelligit,
1241 1292 1430 1336 quantum

762 1337 860 1375 haec
879 1340 994 1376 verba
1013 1341 1165 1377 valeant
1185 1341 1233 1378 ad
1244 1342 1431 1380 Herodoti

764 1397 994 1433 sententiam
1026 1396 1073 1433 de
1102 1411 1232 1434 rerum
1253 1401 1430 1436 omnium

765 1452 898 1489 ordine
917 1467 1145 1505 summaque
1167 1458 1342 1492 omnium
1367 1471 1430 1493 re—

762 1522 851 1546 rum
876 1517 913 1547 et
941 1510 1158 1547 divinarum
1181 1519 1218 1548 et
1236 1511 1431 1550 humana-

761 1579 850 1602 rum
870 1566 1132 1604 moderatione
1152 1569 1223 1605 rite
1245 1572 1431 1607 constitu-

764 1623 919 1660 endam.
981 1625 1097 1661 Cuius
1135 1627 1326 1675 scriptoris
1355 1626 1430 1665 hoc

765 1681 951 1716 eximium
965 1688 1019 1717 est
1030 1694 1072 1717 ac
1092 1683 1295 1731 peculiare,
1310 1683 1430 1734 quod,

765 1750 1018 1789 quaecunque
1029 1739 1069 1773 in
1080 1751 1210 1774 rerum
1222 1747 1356 1776 natura
1370 1754 1434 1777 ac-

765 1794 893 1831 cidant
905 1793 954 1831 ad
965 1808 1161 1831 summum
1173 1809 1317 1832 numen
1334 1799 1432 1834 eius-

766 1863 840 1902 que
879 1853 960 1887 vim
995 1865 1064 1901 per
1103 1854 1233 1888 omnia
1260 1867 1431 1903 sparsam

767 1908 897 1943 omnia
920 1908 1199 1953 moderantem,
1222 1911 1350 1946 omnia
1361 1923 1430 1947 su-

765 1971 965 2014 perantem
989 1964 1125 2000 referat
1137 1964 1304 2017 indeque
1318 1968 1432 2005 faciat

765 2033 966 2070 suspensa,
1012 2022 1120 2071 pium
1150 2025 1322 2059 maxime
1352 2026 1434 2061 ani-

764 2090 875 2113 mum
897 2079 936 2113 in
958 2076 1060 2114 hisce
1080 2077 1288 2117 declarans.
1321 2081 1434 2120 Conf.

763 2133 997 2170 Dablmann.
1019 2135 1058 2170 in
1069 2135 1210 2180 Herod.
1232 2150 1270 2188 p.
1295 2140 1372 2178 177
1395 2144 1434 2176 et

765 2190 1022 2228 Hoffmeister.
1052 2192 1090 2227 in
1120 2193 1241 2241 libro,
1282 2196 1347 2245 qui
1368 2196 1432 2231 iu-

765 2249 957 2284 scribitur:
979 2247 1246 2301 sittlich—relig.
1257 2252 1432 2289 Lebens-

768 2303 915 2341 ansicht
936 2304 974 2342 d.
1013 2305 1198 2343 Herodot.
1242 2320 1329 2358 pag.
1361 2307 1430 2357 43,

767 2363 834 2414 qui
864 2361 960 2398 illud
994 2375 1149 2414 quoque
1187 2362 1250 2401 hic
1285 2364 1431 2402 attendi

767 2420 884 2466 iubet,
912 2418 1016 2471 quod
1036 2421 1184 2470 sapiens
1207 2428 1243 2457 et
1263 2421 1432 2471 prudens

767 2478 907 2512 mentis
945 2475 1166 2512 deliberatio
1197 2480 1365 2528 corporis
1387 2491 1431 2516 ac

767 2540 926 2569 naturae
968 2533 1211 2571 facultatibus
1272 2534 1430 2572 rudibus

768 2591 974 2641 animoque
995 2591 1208 2626 carentibus
1230 2591 1430 2641 praedica-

766 2653 828 2682 tur
846 2647 1028 2696 superior.
1081 2646 1159 2684 Sed
1179 2649 1332 2698 propius
1355 2646 1430 2684 huc

767 2709 936 2753 spectare
968 2704 1140 2746 arbitror,
1173 2717 1269 2754 quae
1292 2703 1339 2740 ad
1361 2705 1428 2751 111,

769 2761 847 2799 108
869 2772 956 2811 pag.
993 2762 1068 2800 198
1090 2767 1269 2796 annotata
1289 2761 1430 2810 legun-

766 2822 840 2853 tur.
900 2815 944 2852 Id
966 2828 1088 2851 unum
1109 2817 1147 2851 in
1170 2817 1336 2852 clausula
1359 2817 1430 2854 ad-

768 2870 879 2909 dam:
924 2873 1081 2908 Persam
1120 2873 1172 2908 ita
1205 2873 1429 2926 loquentem

1050 2925 1151 2968 29*

1547 395 1573 421 4.
