1834 3258
537 207 843 247 ERATO.
899 211 976 248 VI.

1313 213 1398 252 423

126 319 203 374 νηῒ
236 315 485 368 κατανύσας
524 316 568 369 ἐξ
600 315 879 369 Ἐλαιοῦντος
928 322 1009 362 τοῦ
1052 318 1101 362 ἐν
1135 320 1398 377 Χερσονήσῳ

126 385 171 436 ἐς
197 388 405 440 Λῆμνον,
435 384 708 441 προηγόρευε
747 385 903 438 ἐξιέναι
933 386 979 430 ἐκ
1009 391 1084 443 τῆς
1111 384 1251 442 νήσου
1287 393 1399 433 τοῖσι

127 456 417 508 Πελασγοῖσι,
479 451 824 510 ἀναμιμνήσκων
872 455 1009 511 σφέας
1048 455 1097 498 τὸ
1135 455 1399 512 χρηστήριον

121 519 171 563 τό
203 518 377 576 οὐδαμοὶ
406 519 594 576 ἤλπισαν
625 525 748 577 σφίσι
779 524 823 566 οἷ
846 523 1065 578 Πελασγοὶ
1093 523 1448 568 ἐπιτελέεσθαι.95

93 586 390 644 2“Ηφαιστιέες
425 588 505 644 μέν
539 605 623 633 νυν
651 591 902 634 ἐπείθοντο·
945 595 1192 645 Μυριναῖοι
1227 591 1295 645 δὲ,
1337 590 1392 636 οὐ

1455 320 1732 392 Ξιῑθὶιέιιιΐὲμιεῃίῗιιιιεω

1457 386 1576 421 cedant,
1588 391 1728 422 imperat.

1456 419 1667 455 Hephaestiae
1684 422 1730 449 iu-

1457 454 1544 480 colae
1564 453 1642 481 dicto
1661 463 1713 482 au-

1457 486 1592 514 dientes:
1617 488 1713 523 Myri-

1453 521 1524 547 naei
1549 521 1580 547 vi
1598 524 1728 557 expulai.

1451 553 1558 589 ltaque
1581 555 1712 584 Lemnus

1452 588 1634 616 Athenarum
1650 590 1694 617 di-

1449 621 1527 649 tioni
1544 623 1692 652 subiecta.

123 655 521 712 συγγινωσκόμενοι
582 656 694 702 εἶναι
735 658 814 714 τὴν
860 658 1143 715 Χερσόνησον
1187 657 1393 717 Ἀττικήν,
1453 659 1535 702 504

120 723 474 779 ἐπολιορκέοντο,
522 725 564 776 ἐς
603 725 630 770 ὃ
670 725 744 769 καὶ
775 724 900 769 αὐτοὶ
934 727 1224 784 παρέστησαν.
1276 727 1391 772 οὕτω

120 789 174 848 δὴ
200 790 282 848 τὴν
307 796 491 850 Λῆμνον
520 794 647 851 ἔσχον
672 793 898 850 Ἀθηναῖοί
926 810 971 837 τε
1000 795 1074 838 καὶ
1106 795 1368 853 Μιλτιάδης.

121 942 159 991 ἐξ
170 938 397 985 Ἐλαιοῦντο
403 944 439 992 ς]
464 945 570 982 Haec
579 945 668 982 urbs
680 944 728 982 ad

62 999 353 1038 mendionalem
381 1000 572 1039 Thraciae
605 1000 727 1038 Cher-

60 1058 186 1094 sonesi
206 1060 353 1108 apicem
373 1060 442 1095 sita
456 1088 465 1106 ,
496 1059 727 1108 Hellespon-

59 1119 144 1150 tum
165 1116 272 1165 quasi
291 1114 466 1162 finiebat,
495 1128 517 1151 a
546 1116 638 1152 Teis
658 1117 724 1151 Io-

59 1170 171 1207 nibus
192 1171 284 1208 olim
305 1170 469 1218 condita,
491 1178 575 1209 tum
598 1173 722 1209 Persis

59 1233 174 1279 atque
213 1226 511 1265 Atheniensibus
558 1228 722 1278 subdita,

58 1281 182 1321 donec
211 1283 259 1321 ad
287 1283 511 1336 Philippum
538 1285 724 1323 Macedo-

38 1341 143 1377 miae
152 1341 452 1391 regem·devenit
467 1355 544 1380 una
558 1356 648 1379 cum
660 1356 724 1379 re—

56 1397 170 1449 liquis
187 1396 412 1437 Chersonesi
428 1399 588 1451 oppidis.
609 1402 720 1437 Nunc

55 1455 206 1491 nullum
226 1456 279 1492 ibi
294 1456 480 1507 oppidum
499 1457 720 1494 castellum-

56 1523 126 1559 ve3
157 1525 255 1563 quae
276 1515 381 1549 enim
400 1526 532 1550 recens
553 1512 601 1550 ad
621 1515 719 1551 Hel-

54 1567 219 1618 lesponti
263 1571 412 1620 apicem
447 1577 636 1608 exstructa
665 1578 720 1608 est

54 1636 144 1672 arx,
177 1638 221 1661 ea
253 1625 431 1663 nonnihil
462 1626 510 1663 ad
540 1626 719 1664 occiden-

52 1687 133 1717 tem
163 1683 210 1719 ab
241 1685 398 1735 antiqua
431 1684 621 1722 Elaeunte
649 1686 720 1722 sita

53 1744 121 1775 est.
152 1738 263 1776 Conf.
283 1741 556 1778 MannemNII
576 1755 614 1791 p.
637 1741 716 1783 195

51 1807 158 1846 seqq.
192 1802 229 1832 et
257 1796 402 1834 Herod.
431 1798 512 1845 VII,
544 1800 612 1838 22.
649 1800 717 1838 33.

48 1852 120 1898 IX,
165 1854 256 1892 116.
301 1855 393 1894 120.
452 1855 510 1890 De
549 1854 717 1891 nominis

49 1908 236 1958 scriptura
263 1903 423 1956 Ἐλεοῦς
453 1917 567 1961 atque
589 1905 717 1948 Ἐλαι-

52 1965 125 2010 οὖς
144 1963 221 2002 vid.
242 1966 475 2016 Wesseling.
490 1966 539 2003 ad
552 1965 711 2004 Diodor.

48 2020 127 2058 Sic.
150 2022 256 2069 XIII,
278 2023 346 2062 39.
403 2024 488 2060 Hoc
508 2024 594 2060 loco
615 2036 715 2061 unus

49 2077 241 2114 Sancrofti
259 2078 355 2115 liber
371 2073 599 2126 Ἐλεοῦντος
611 2107 622 2124 ,
651 2093 715 2116 ΓΘ-

44 2135 143 2186 liqui
162 2129 429 2182 Ὲλαιοῦντος.
450 2157 507 2163 —
535 2138 629 2173 Mox
650 2149 714 2173 ar-

46 2191 208 2229 ticulum
227 2188 303 2242 τη“ν
323 2198 412 2228 ante
429 2194 602 2243 Λῆμνον
622 2206 713 2230 cum

46 2255 204 2287 recentt.
227 2247 315 2285 edd.
330 2250 441 2286 omisi
459 2250 562 2287 libris
572 2249 712 2287 iuben-

44 2305 159 2342 tibus.
188 2306 264 2342 Pro
299 2304 465 2355 Pelasgis
492 2307 533 2344 in
553 2306 711 2345 Diodor.

47 2361 167 2398 Sicul.
198 2363 394 2413 Excerptt.
426 2364 497 2400 VII
525 2364 563 2409 §.
583 2363 637 2405 43
659 2365 710 2402 Τ.

47 2419 84 2454 ΙΙ
104 2430 191 2468 pag.
206 2418 258 2460 35
281 2417 340 2455 ed.
361 2420 465 2468 Mai„
485 2420 552 2457 ubi
574 2419 712 2457 eadem

48 2473 269 2523 traduntur,
302 2474 479 2525 Tyrrheni
505 2484 705 2515 vocantur.

48 2551 104 2559 -—
124 2530 187 2568 Ad
217 2530 486 2572 ἐπιτελέεσθαι
512 2533 591 2572 vid.
611 2541 708 2572 nott.

47 2586 96 2626 ad
110 2589 177 2636 111,
202 2587 294 2629 125.

101 2642 365 2694 Ἡφαιστιέες]
402 2645 488 2681 Duo
510 2644 549 2681 in
568 2644 708 2681 Lemni

47 2701 170 2738 insula
181 2707 534 2738 commemorantur
554 2700 706 2751 oppida,

48 2756 201 2809 Myrina
222 2756 344 2809 (unde
365 2757 624 2810 Μυριναῖοι),
658 2756 708 2795 ad

787 944 1022 982 occidentale
1070 945 1168 982 latus
1208 948 1277 984 sub
1313 956 1447 986 monte

781 1001 938 1038 Athone
958 1002 1028 1037 sita
1050 1003 1334 1056 commodoque
1353 1019 1446 1057 por-

782 1065 823 1094 tu
843 1060 1039 1103 instructa,
1062 1061 1122 1095 cui
1152 1060 1237 1097 loco
1258 1075 1362 1099 nunc
1385 1062 1446 1100 di-

781 1122 873 1151 cunt
884 1128 963 1151 esse
980 1127 1122 1150 nomen
1136 1115 1269 1154 Palaeo
1285 1140 1301 1146 -
1318 1119 1446 1156 Castro

777 1184 808 1208 ε.
828 1171 964 1218 Castro,
976 1170 1080 1223 quod
1091 1171 1197 1208 idem
1215 1187 1357 1212 nomen
1374 1174 1447 1213 ho-

782 1226 959 1265 diernum
985 1232 1237 1278 promontorii
1264 1231 1445 1269 occiden-

780 1285 863 1322 taHs
882 1283 989 1333 (vid.
1008 1286 1200 1324 Mannert.
1221 1288 1291 1324 Vll
1309 1303 1349 1340 p.
1361 1290 1446 1331 252

779 1340 929 1379 Rhode.
951 1343 1024 1379 Res
1044 1343 1209 1381 Lemnn.
1230 1357 1319 1395 pag.
1349 1348 1444 1397 11)‚·

780 1398 1005 1449 Hephaestia
1026 1398 1075 1436 ad
1107 1401 1295 1438 orientem
1319 1405 1444 1454 magis

776 1457 845 1492 sita
865 1469 985 1507 prope
1013 1454 1185 1508 Chrysen
1214 1467 1444 1509 promonto—

775 1513 878 1549 rium
910 1526 954 1550 ac
992 1521 1169 1551 montem
1205 1516 1441 1568 Mopsylum,

775 1576 892 1620 portu
931 1576 969 1606 et
1004 1571 1086 1621 ipsa
1130 1572 1334 1621 instructa,
1373 1575 1441 1611 ubi

775 1639 880 1663 nunc
930 1627 1035 1664 vicus
1084 1629 1246 1679 exiguus
1279 1631 1439 1667 nomine

779 1683 909 1720 Cohino
939 1697 1020 1721 esse
1040 1684 1213 1735 videtur,
1261 1694 1441 1724 narrante

774 1738 911 1777 Rhode
930 1741 957 1778 l.
977 1741 1001 1778 l.
1028 1755 1067 1791 p.
1101 1743 1167 1782 13.
1224 1745 1303 1781 Nec
1323 1745 1440 1794 longe

775 1796 886 1833 distat
933 1797 1130 1847 Rapam'di
1168 1800 1290 1837 vicus.
1349 1800 1438 1839 Vid.

772 1854 963 1890 Mannert.
983 1855 1009 1890 l.
1030 1854 1057 1890 l.

829 1908 869 1955 ἐς
894 1906 917 1948 ὃ
937 1909 1004 1948 καὶ
1027 1906 1142 1949 αὐτοὶ
1161 1909 1436 1963 παρέστησαν]

771 1965 797 2002 i.
819 1978 852 2002 e.
871 1965 977 2003 donec
1006 1966 1046 2002 ln·
1061 1978 1195 2018 quoque
1215 1970 1252 2005 in
1271 1968 1437 2008 ditionem

771 2029 973 2059 venerunt.
1032 2022 1119 2061 Vid.
1159 2031 1256 2064 nott.
1290 2024 1339 2062 ad
1367 2027 1435 2075 111,

774 2081 825 2118 13
872 2079 957 2115 coll.
1002 2079 1065 2127 VI,
1116 2081 1182 2120 99.
1260 2082 1347 2119 Alia
1386 2082 1436 2120 de

769 2135 1046 2184 significatione
1057 2137 1163 2174 verbi
1182 2140 1436 2190 παραστῆναι

770 2190 880 2228 affert
911 2191 1119 2241 Valcken.‚
1153 2195 1220 2245 qui
1248 2194 1354 2232 idem
1383 2196 1432 2234 ad

767 2249 842 2285 loci
862 2257 1135 2299 argumentum
1165 2252 1255 2288 citat
1286 2251 1432 2290 Chara-

768 2306 820 2342 cis
839 2305 1100 2356 fragmentum
1121 2307 1223 2359 apud
1244 2308 1433 2360 Stephan.

764 2362 927 2414 Byzant.
951 2364 1037 2402 coll.
1058 2365 1206 2402 Zenob.
1228 2366 1294 2413 111,
1316 2366 1370 2408 85
1390 2380 1431 2417 p.

766 2421 834 2459 73.
873 2419 976 2460 Add.
1003 2419 1142 2458 Rhode
1163 2422 1189 2461 l.
1211 2422 1238 2459 l.
1263 2435 1354 2474 pag.
1374 2421 1430 2464 45

763 2487 872 2528 seqq.
1169 2529 1188 2540 ..

823 2528 928 2572 οὕτω
951 2529 1002 2583 δή
1022 2528 1098 2583 τὴν
1117 2538 1293 2584 Λημνον
1317 2532 1428 2584 ἔσχον

765 2602 800 2626 κ.
822 2603 856 2627 τ.
877 2589 937 2637 λ.]
983 2590 1106 2626 Paulo
1128 2591 1236 2627 aliter
1274 2589 1369 2627 haec
1404 2603 1427 2626 a

766 2644 942 2682 Cornelio
994 2647 1143 2696 Nepote
1191 2653 1426 2694 enarrantur,

764 2702 837 2738 vit.
858 2701 1018 2742 Miltiad.
1050 2704 1088 2743 1.
1109 2705 1135 2743 2
1152 2732 1162 2750 ,
1196 2703 1262 2741 ubi
1281 2704 1425 2743 consul.

763 2758 1000 2811 interpretes.
