1870 3249
566 198 864 236 ERATO.

132 318 238 362 3τας
283 307 478 364 Μήδοισί
514 325 557 352 τε
596 308 667 352 καὶ
697 307 850 351 Αἰάκεϊ
887 306 1119 351 δουλεύειν.

923 199 955 236 V
971 200 1001 235 Ι·
1319 213 1329 217 ·
1342 200 1426 241 253

1189 311 1426 363 Ζαγκλαῖοι

158 377 265 434 γὰρ,
310 378 355 418 οἱ
395 374 478 421 ἀπὸ
520 377 738 431 Σικελίης,
789 374 868 419 τόν
903 373 1041 419 αὐτόν
1078 375 1238 432 χρόνον
1267 380 1426 419 τοῦτον

159 446 397 501 πέμποντες
447 445 616 501 «ἔς-την
659 443 826 500 Ἰωνίην
862 443 1092 500 ἀγγέλους,
1142 443 1425 487 ἐπεκαλέοντο

158 512 264 564 τούς
292 512 448 564 Ἴωνας
485 512 528 563 ἐς
567 513 718 568 Καλὴν
753 509 926 566 Ἀκτὴν,
973 510 1235 568 βουλόμενοι
1265 510 1423 556 αὐτόθι

129 581 293 627 4πόλιν
322 581 464 625 κτίσαι
490 579 661 624 Ἰώνων.
701 578 727 635 ἡ
756 579 801 623 δε
833 577 956 634 Καλὴ
989 578 1098 635 αὕτη
1126 577 1247 636 Ἀκτὴ
1275 585 1424 624 καλεο-

158 648 288 705 μένη,
336 648 424 692 ε’στι
461 650 542 705 μὲν
580 651 798 700 Σικελῶν,
847 645 957 701 πρὸς
996 646 1042 690 δε
1081 650 1332 704 Τυρσηνίην
1363 664 1421 691 τε
1435 654 1479 688 85

156 716 378 773 τραμμένη
408 719 484 772 τῆς
513 717 724 772 Σικελίης
775 714 944 759 τούτων
973 717 1036 758 ὠν
1063 714 1421 772 ἐπικαλεομενων,

97 892 138 927 111
168 891 362 934 Plutarch.
384 893 536 939 Quae-st.
558 892 625 930 Gr.
643 892 759 940 LVII,

99 961 187 999 pas·
209 952 234 990 7

157 968 372 1058 Ζαγκλαῖοι
394 1001 468 1057 γοῖρ
487 1003 529 1043 οἱ
548 999 630 1044 οἷπό
643 1007 759 1044 Σικε-

98 1060 186 1111 λίης
205 1077 240 1100 κ.
251 1077 282 1101 τ.
293 1062 345 1110 λ.]
378 1061 517 1099 Zancle
537 1062 637 1109 urbs,
660 1074 758 1114 quae

98 1130 120 1154 a
148 1118 255 1155 falcis
275 1119 398 1155 forma
411 1148 420 1166 ‚
436 1116 439 1121 ¹
453 1124 495 1154 ut
514 1118 601 1154 satis
621 1125 758 1154 notum

97 1181 154 1212 est
166 1206 177 1224 ,
207 1177 354 1227 accepit
374 1187 518 1211 nomen
532 1204 541 1221 ‚
580 1176 650 1211 sita
682 1181 762 1212 erat

99 1230 147 1268 ad
165 1233 281 1283 ipsius
300 1233 415 1269 maris
445 1233 635 1282 angustias
655 1245 676 1268 e
695 1245 760 1268 re-

97 1289 212 1339 gione
231 1287 381 1339 Rhegii.
431 1289 536 1334 Quae
555 1295 759 1340 postquam

36 1368 39 1370 v
98 1357 199 1382 anno
219 1345 340 1382 ferme
370 1344 452 1386 497
484 1358 518 1382 a.
541 1344 630 1382 Chn
658 1359 696 1384 n.
718 1347 759 1382 'm

98 1402 319 1440 Samioriun
339 1402 492 1440 devenit
518 1409 759 1454 potestatem,

99 1472 194 1496 mox
215 1460 354 1497 Samiis
380 1471 482 1496 anno
503 1458 585 1500 494
611 1472 645 1496 a.
668 1457 758 1497 Chr.

40 1562 45 1569 N
96 1529 137 1552 11.
177 1517 304 1554 eiectis
348 1517 394 1553 ab
422 1516 587 1552 Anaxila
621 1514 759 1567 Rhegii

48 1572 53 1577 Χ
94 1579 272 1624 tyranno,
299 1580 394 1611 teste
423 1571 654 1624 Thucydide
675 1574 757 1622 VH,

97 1632 135 1677 5,
166 1629 344 1668 Messenes
364 1631 509 1681 accepit
538 1642 682 1667 nomen
710 1631 757 1668 ab

97 1685 234 1723 eodem
253 1687 419 1724 Anaxila
432 1716 442 1734 ,
472 1687 537 1740 qui
557 1688 626 1741 sub
646 1694 759 1739 pote-

93 1749 189 1780 state
211 1757 297 1780 eam
316 1746 452 1782 tenuit.
510 1745 622 1781 Nunc
640 1757 760 1782 voca-

95 1805 157 1836 tur
193 1799 368 1838 Messina.
438 1798 526 1839 vid.
566 1802 757 1841 Mannert.

96 1855 238 1905 Geogr.
259 1858 324 1895 Gr.
348 1864 385 1894 et
402 1858 451 1895 R.
470 1857 540 1905 lx,
561 1860 589 1898 2
608 1871 647 1909 p.
674 1861 758 1899 266

97 1924 175 1963 seq.
217 1912 258 1949 C.
287 1915 332 1950 F.
365 1916 578 1954 Hermann.
605 1914 757 1951 Hellen.

98 1967 291 2005 Staatsalt.
324 1970 362 2015 ξ.
392 1972 444 2010 83
485 1976 566 2007 not.
597 1968 622 2009 4
649 1983 755 2022 seqq.

96 2025 230 2076 Poppo
252 2024 300 2063 ad
319 2024 552 2078 Thucyd.1,
574 2027 599 2067 2
619 2041 658 2078 p-
672 2027 751 2068 531

96 2094 174 2133 seq.
210 2088 247 2118 et
275 2095 373 2135 quae
406 2080 454 2120 ad
483 2095 566 2140 cap.
596 2096 680 2145 seq.
699 2084 758 2121 af-

94 2137 273 2175 feremus.

151 2193 190 2241 ἕς
209 2191 350 2247 Καλην
364 2183 549 2249 Ἀκτῃν]
570 2196 595 2234 i.
627 2209 660 2233 e.
681 2194 756 2233 Βο-

92 2263 176 2288 num
194 2251 292 2291 litus.
344 2251 417 2298 Qui
448 2251 553 2289 idem
574 2253 678 2290 locus'
700 2254 752 2290 etss

92 2308 172 2344 iam
209 2316 399 2346 contracte
426 2310 636 2347 vocabatur
666 2311 755 2349 Κα-

94 2361 234 2415 λακτή,
268 2363 432 2413 Calacte,
471 2367 654 2404 Romanis
672 2368 755 2404 usi-

91 2427 215 2458 tatum
233 2421 305 2459 fuit
325 2421 476 2460 Calacta
497 2429 533 2460 et
561 2423 753 2473 Calactini,

92 2478 242 2514 incolae
262 2477 365 2530 apud
373 2478 497 2517 (licen
517 2481 558 2517 in
567 2481 752 2529 Verr.III‚

92 2532 160 2574 43.
219 2535 394 2572 Aliorum
412 2532 516 2573 locos
527 2535 638 2575 'dabit
659 2537 752 2575 Clu-

92 2603 172 2627 ver.
209 2591 315 2629 Sion.
345 2592 476 2644 Antiq.
494 2593 544 2641 H,
565 2591 650 2645 4Ρ.
670 2596 750 2636 291

90 2659 198 2699 seqq.
231 2647 463 2699 copiose'de
498 2647 574 2687 hoc
612 2650 753 2702 oppido

91 2710 274 2750 tractans,
317 2703 422 2756 quod
441 2718 561 2757 prope
581 2714 754 2744 veterum

91 2760 271 2797 Halesam
296 2774 341 2798 eo
362 2762 440 2799 fere
458 2760 543 2799 loco
572 2764 754 2801 exstitisse

48 2867 50 2872 ,
91 2815 272 2855 credibile
293 2825 369 2867 est,
397 2831 474 2872 quo
494 2832 598 2857 nunc
619 2819 668 2857 ad
687 2833 754 2858 ae-

1431 776 1441 796 Ι

817 888 908 928 dem
935 890 1202 926 Annuuciatae
1231 890 1331 926 circa
1359 889 1479 926 Caro-

815 949 903 983 niae
922 947 1034 984 litora
1053 946 1178 983 adhuc
1190 947 1335 983 multae
1352 947 1478 983 iacent

816 1005 948 1040 ruinae
967 1017 1036 1054 per
1046 1016 1154 1053 agros
1173 1016 1216 1040 ac
1229 1004 1358 1040 vineas
1369 1015 1478 1054 spar-

815 1073 891 1100 sae.
950 1061 1080 1113 Atque
1100 1066 1194 1097 teste
1216 1060 1393 1097 Cluverio
1414 1060 1479 1096 l.l.

813 1117 895 1168 ipsa
924 1116 1162 1154 Caroniensis
1191 1116 1309 1153 litoris
1348 1117 1478 1152 excel-

816 1174 899 1211 lens
935 1175 1146 1210 amoenitas
1177 1186 1221 1210 ac
1259 1172 1479 1224 pulcritudo

816 1231 996 1268 Calacten
1006 1229 1080 1267 hoc
1099 1232 1173 1268 situ
1191 1230 1305 1267 fuisse
1326 1230 1479 1266 clamat.

814 1286 919 1325 Add.
947 1288 1140 1325 Mannert.
1170 1287 1312 1338 Geogr.
1344 1288 1410 1323 Gr.
1442 1293 1480 1323 et

814 1346 928 1382 Rom.
966 1345 1026 1381 IX
1062 1347 1091 1385 2
1138 1357 1229 1396 pag.
1272 1342 1354 1384 409
1397 1356 1476 1395 seq.

814 1402 910 1438 Mox
944 1414 1035 1438 cum
1066 1398 1418 1452 Schweighaeuser.
1440 1407 1478 1437 et

814 1459 932 1497 Gaisf.
952 1459 1129 1497 revocavi
1143 1465 1315 1497 veterem
1341 1458 1477 1494 lectio-

814 1527 928 1553 nem:
958 1514 987 1567 ἦ
1009 1513 1052 1555 δὲ
1081 1512 1198 1566 Καλή
1225 1511 1327 1566 αὕτη
1361 1509 1476 1565 Ἀκτή

814 1588 851 1612 κ.
884 1587 918 1612 τ.
951 1575 986 1612 λ.
1018 1585 1041 1609 3
1078 1571 1286 1610 Schaefero
1299 1600 1309 1620 ,
1360 1584 1479 1624 quem

813 1628 997 1666 Matthiae
1027 1631 1219 1682 sequitur,
1258 1630 1311 1666 ita
1330 1628 1476 1665 immu-

813 1693 934 1724 tatam
951 1687 1064 1723 unius
1085 1686 1276 1724 Sancrofti
1305 1684 1391 1723 cod.
1412 1698 1478 1722 au-

815 1744 1009 1782 ctoritate:
1032 1741 1062 1797 ἡ
1081 1741 1124 1785 δὲ
1140 1740 1256 1795 Καλή
1267 1737 1383 1794 Ἀκτη
1402 1737 1477 1781 αῧ-

813 1808 861 1852 τη
880 1815 917 1839 κ.
939 1816 970 1840 τ.
993 1803 1036 1840 λ.

860 1872 981 1908 προς
1011 1854 1079 1896 δὲ
1103 1854 1477 1908 Τυρσηνίην-τῆς

814 1914 1029 1964 Σικελίης]
1061 1914 1166 1949 Haec
1185 1913 1302 1949 verba
1330 1910 1379 1949 ad
1408 1924 1475 1948 ac-

813 1971 1041 2007 curatiorem
1067 1969 1145 2005 ·loci
1183 1968 1475 2020 descriptionem

816 2024 946 2064 addita
977 2039 1055 2063 esse
1074 2032 1208 2077 putem
1238 2037 1259 2062 a
1278 2033 1384 2077 patre
1412 2023 1476 2061 111-

815 2084 964 2132 storiae,
986 2084 1149 2135 qui‘non
1163 2083 1250 2119 satis
1269 2081 1476 2119 11311111ῖί11-

815 2137 942 2177 dicare
954 2170 964 2188 ‚
986 2140 1206 2177 Siculorum
1224 2138 1266 2176 id
1286 2152 1365 2176 esse
1373 2140 1473 2187 litus,

813 2195 902 2245 sed,
943 2210 1021 2249 qua
1046 2196 1198 2234 Siciliae
1217 2203 1326 2247 parte
1360 2196 1474 2234 ort-Ave

811 2251 913 2291 haec
927 2251 1040 2304 reg'io-
1051 2255 1185 2306 quaeri
1214 2252 1370 2301 debeat,
1401 2253 1475 2302 (ea

809 2312 887 2349 scil.
908 2311 948 2348 iu
969 2311 1121 2348 Siciliae
1141 2310 1219 2358 orii,
1241 2323 1338 2363 quae
1368 2311 1475 2362 Tyr-

810 2367 939 2405 rhenis
979 2367 1151 2419 opposita
1170 2365 1264 2419 est),
1296 2366 1337 2404 id
1358 2368 1474 2404 etiam

810 2424 951 2462 addere
969 2426 1102 2462 voluit.
1162 2425 1286 2470 Quem
1331 2423 1473 2460 horum

808 2482 1015 2520 verborum
1033 2493 1188 2519 sensum
1208 2494 1287 2519 esse
1302 2477 1472 2518 bene'vi-

810 2536 867 2576 dit‘
882 2538 1062 2576 Larcher.
1091 2539 1132 2575 in
1161 2544 1259 2575 nott.
1281 2536 1329 2575 ad
1348 2539 1378 2585 Ι,
1403 2535 1470 2584 84,

811 2595 956 2632 Gallice
986 2596 1039 2633 ita
1068 2596 1345 2646 interpretans:
1384 2600 1472 2641 „cet

810 2651 981 2699 endroit,
1012 2651 1149 2703 appele
1183 2650 1336 2688 Calacte
1367 2656 1422 2686 est
1448 2648 1472 2686 ὲ

809 2710 846 2746 13
866 2709 987 2746 verite
1017 2708 1069 2745 du
1083 2721 1176 2759 pays
1198 2706 1262 2744 des
1284 2707 1470 2754 Siciliens,

809 2766 906 2803 mais
927 2764 974 2802 de
988 2772 1086 2802 cette
1105 2766 1224 2815 partie
1247 2762 1293 2800 de
1314 2764 1350 2800 la
1371 2763 1472 2800 Sici-

810 2822 861 2859 lie
879 2823 945 2875 qui
965 2828 1020 2859 est
1031 2821 1192 2859 tournee
1211 2834 1295 2860 vers
1315 2821 1351 2858 la
1363 2820 1470 2873 Tp-
