1834 3258
435 280 911 316 POLYMNIA.
971 280 1075 316 VII.

1299 279 1382 318 563

113 393 212 448 λῇσι
237 387 398 442 κράνεα
420 387 626 443 ἐπιχώρια
646 388 803 432 πλεκτὰ
821 386 950 445 εἶχον,
983 387 1166 438 ἄσπίδας
1210 386 1255 430 δὲ
1288 387 1381 440 δερ-

88 460 300 514 Ξματίνας
325 458 529 510 σμικρὰς,
559 457 634 499 καὶ
657 456 849 500 ἀκόντια.
908 455 1070 511 Κόλχοι
1102 455 1147 499 δὲ
1176 454 1274 508 περὶ
1306 454 1385 509 μὲν

113 529 208 582 τῇσι
238 528 450 581 κεφαλῇσι
487 524 651 578 κράνεα
680 523 856 576 ξύλινα,
900 523 1086 575 ἀσπίδας
1118 523 1164 566 δὲ
1196 520 1383 576 ὠμοβοΐ-

112 610 190 643 νας
230 591 431 647 σμικρὰς,
464 592 618 647 αἰχμάς
643 608 686 634 τε
717 592 923 648 βραχέας·
955 590 1065 645 πρὸς
1097 590 1161 642 δὲ,
1201 592 1273 633 καὶ
1307 606 1381 644 μα-

84 669 104 701 3
116 663 271 717 χαίροις
301 658 427 714 εἶχον.

488 664 664 714 Μαρῶν
694 661 740 703 δὲ
771 661 844 702 καὶ
867 658 1051 714 Κόλχων
1072 660 1174 713 ἡρχε
1212 661 1440 711 Φαραν·60

113 727 243 784 δάτης
272 726 296 771 ὁ
332 727 559 779 Τεάσπιος.
614 727 858 784 Ἀλαρόδιοι
888 727 934 771 δὲ
955 725 1282 779 καὶΣάσπειρες
1311 742 1383 768 κα-

113 796 167 839 τά
195 812 275 849 περ
302 794 466 851 Κόλχοι
496 797 747 850 ὁπλισμένοι
777 794 1104 850 ἐστρατεύοντο.
1136 793 1308 838 τούτων
1339 794 1384 837 δὲ

0 867 45 910 30
113 865 359 913 Μασίστιος
399 863 422 906 ὁ
465 866 741 918 Σιρομίτρεω
782 859 899 920 ἦρχε.

115 932 245 975 ἔθνεα
276 932 328 974 τὰ
365 931 411 974 ἐκ
447 935 522 988 τῆς
559 930 778 987 Ἐρυθρῆς
807 930 1031 989 θαλάσσης
1061 930 1279 986 ἑπόμενα,
1309 927 1385 986 νή-
1443 949 1631 990 anaim-ovs·

114 1012 205 1044 σων
235 999 280 1043 δὲ
311 1000 357 1043 ἐν
376 1004 475 1059 τῇσι
514 999 617 1050 τούς
647 998 957 1051 ἀνασπάστους
987 998 1280 1054 καλεομένους
1309 1015 1385 1041 κα-

113 1069 289 1121 τοικίζει
317 1068 538 1123 βασιλεύς,
571 1066 792 1123 ἀγχοτάτω
823 1071 915 1111 τῶν
945 1069 1164 1125 Μηδικῶν
1194 1064 1312 1122 εἶχον
1343 1067 1386 1110 έ-
1400 1072 1444 1107 65

84 1135 263 1192 Ξσθῆτά
292 1152 337 1179 τε
367 1138 440 1180 καὶ
471 1136 595 1180 ὅπλα.
628 1134 800 1178 τούτων
820 1136 864 1179 δὲ
894 1138 983 1178 τῶν
1003 1135 1254 1191 νησιωτέων
1285 1129 1389 1191 ἦρχε

117 1202 387 1258 Μαρδόντης
428 1202 452 1247 ὁ
484 1204 704 1259 Βαγαίου,
739 1202 787 1253 ὃς
818 1204 864 1246 ἐν
892 1203 1087 1260 Μυκάλῃ
1119 1203 1391 1260 στρατηγέων

119 1271 306 1327 δευτέρῳ
339 1271 423 1314 ἔτεϊ
449 1269 619 1314 τούτων
649 1270 892 1327 ἐτελεύτησε
922 1271 970 1314 ἐν
998 1275 1052 1328 τῇ
1080 1270 1203 1328 μάχῃ.

0 1330 42 1374 31
208 1344 355 1382 Ταῦτα
371 1334 427 1396 ἦν
448 1338 499 1381 τὰ
516 1337 604 1382 κατ’
635 1337 819 1396 ἤπειρον
833 1338 1156 1395 στρατευόμενά
1178 1355 1222 1382 τε
1241 1339 1384 1390 ἔθνεα,

114 1408 188 1451 καὶ
219 1407 455 1463 τεταγμένα
485 1405 527 1457 ἐς
556 1405 605 1449 τὸ
638 1407 778 1461 πεζόν.
836 1406 1002 1451 τούτου
1044 1401 1107 1449 ὦν
1144 1412 1225 1451 τοῦ
1260 1420 1384 1464 στρα-
1444 1416 1523 1456 544

106 1479 186 1519 τοῦ
216 1471 351 1531 ἦρχον
381 1469 506 1518 οὗτοι
530 1476 652 1530 οἵπερ
686 1475 900 1531 εἰρέαται·
931 1476 1006 1519 καὶ
1036 1478 1079 1519 οἱ
1109 1475 1438 1529 διατάξαντες71

115 1543 188 1587 καὶ
228 1543 617 1600 ἐξαριθμήσαντες,
657 1539 783 1588 οὗτοι
812 1540 946 1600 ἦσαν,
989 1545 1062 1589 καὶ
1091 1543 1316 1601 χιλιάρχας
1343 1560 1388 1588 τε

60 1722 106 1767 7)
140 1726 177 1757 et
196 1717 245 1756 ad
274 1732 387 1757 voces
407 1716 556 1772 κράνεα
575 1716 720 1759 πλεκτά

58 1783 156 1813 nott.
187 1775 236 1813 ad
265 1777 346 1825 VII,
381 1780 448 1818 63.
489 1779 547 1814 De
581 1777 723 1814 Colchis
774 1783 919 1814 ‘vocant
948 1777 1077 1814 sinum.

59 1833 162 1872 conf.
191 1835 239 1881 Π,
263 1833 356 1875 104.
415 1833 526 1879 Quod
554 1836 725 1886 sequitur

59 1886 301 1941 ω’μοβοΐνας,
324 1891 490 1941 explicui
507 1891 552 1928 ad
563 1893 644 1939 Vll,
656 1893 724 1931 77.

58 1948 117 1983 De
151 1947 330 1988 Alarodiis
357 1947 436 1985 vid.
469 1949 534 1995 ΠΙ,
573 1946 646 1996 94;
677 1947 726 1985 de

61 2002 270 2053 Saspirt'bus
299 2005 329 2051 I,
355 2003 432 2044 104
462 2005 592 2056 ibique
626 2011 724 2042 nott.

59 2060 162 2105 Quos
183 2059 338 2097 eosdem
358 2073 449 2096 cum
473 2060 575 2099 Saiz's
593 2074 622 2098 s.
646 2061 724 2099 Sa-

55 2119 168 2167 paeis,
189 2124 303 2167 geute
321 2115 532 2167 Thracica,
564 2131 725 2169 compa-

59 2174 134 2210 rari
171 2187 251 2210 non
276 2187 385 2225 posse
410 2181 511 2212 recte
551 2176 724 2213 observat

59 2229 234 2267 Boeckh.
282 2233 322 2267 in
371 2231 485 2283 Corp.
532 2233 724 2283 Inscriptt.

60 2287 219 2325 Graeco.
238 2288 287 2335 ΙΙ,
312 2292 331 2327 1
354 2301 442 2339 pag.
465 2287 532 2330 85.

120 2340 411 2396 Φαρανδάτης]
441 2347 497 2382 Ita
518 2344 724 2394 Mediceus,

63 2400 303 2437 Florentinus
324 2415 414 2439 cum
435 2403 529 2440 aliis.
568 2405 613 2439 In
627 2403 725 2440 San-

64 2456 175 2493 crofti
203 2457 333 2495 codice
362 2460 521 2512 aliisque
542 2461 728 2511 reperitur

67 2509 330 2565 Φερενδάτης.
389 2515 446 2553 Cf.
471 2518 539 2565 IX,
572 2520 641 2558 76.
671 2539 727 2543 —

64 2569 159 2606 Mox
178 2566 329 2610 τούτων
350 2570 438 2609 dedi
452 2586 521 2624 pro
541 2571 726 2620 τουτέων,

65 2633 107 2663 ut
126 2627 206 2677 VII,
227 2629 294 2668 80.
316 2630 382 2669 82.
405 2631 471 2669 83.

264 2706 357 2758 Cap.
377 2708 539 2745 LXXX.

123 2783 218 2833 τούς
271 2781 572 2834 α’νασπάστους]
640 2786 728 2824 Vid-

69 2848 164 2880 nott.
187 2842 235 2880 ad
254 2845 320 2891 ΙΙΙ,
343 2846 418 2891 93;
439 2842 541 2880 unde
563 2843 648 2880 satis
659 2856 730 2893 pa·-

71 2903 136 2947 tet,
156 2899 257 2937 rubri
274 2903 383 2938 maris
403 2900 656 2952 appellatione
668 2899 729 2937 hic

778 1719 941 1769 intelligi
970 1718 1150 1758 Persicum
1178 1732 1294 1771 quem
1329 1721 1446 1771 vulgo

1134 1776 1247 1813 Adde
1274 1778 1351 1813 illic
1372 1790 1447 1814 110-

780 1835 865 1870 tatis
887 1832 934 1870 de
948 1834 1153 1870 Persarum
1178 1847 1287 1870 more
1310 1835 1448 1884 Heng-

781 1891 973 1940 stenberg.
993 1891 1052 1926 De
1072 1891 1151 1929 reb.
1175 1891 1349 1943 Tyriorr.
1357 1903 1446 1941 pag.

784 1949 833 1987 51
857 1960 964 1999 seqq.

971 2025 1063 2077 Cap.
1082 2026 1265 2067 LXXXI.

836 2103 1050 2157 τεταγμένα
1079 2103 1119 2151 ἐς
1139 2102 1181 2145 τὸ
1200 2100 1355 2154 πεζόν.]
1383 2104 1446 2142 Ad

779 2162 1013 2198 locutionem
1035 2162 1135 2199 conf.
1157 2163 1268 2198 allata
1289 2161 1339 2198 ad
1363 2163 1444 2210 Vll,

782 2220 849 2258 21.
891 2220 966 2256 Pro
988 2215 1042 2258 τό
1072 2216 1191 2266 πεζόν
1206 2249 1216 2267 ,
1239 2218 1342 2271 quod
1360 2221 1446 2255 Me-

782 2274 924 2324 diceus,
954 2276 1109 2313 Florent
1160 2277 1221 2312 alii
1252 2275 1446 2324 exhibent,

780 2333 822 2368 in
852 2333 1045 2370 Sancrofti
1073 2333 1168 2370 libro
1208 2340 1329 2370 exstat
1358 2331 1446 2373 τόν

781 2386 897 2437 πεζὸν
922 2391 1002 2430 scil.
1045 2386 1236 2440 στρατόν;
1278 2389 1326 2427 de
1369 2402 1446 2442 quo

784 2447 884 2484 conf.
905 2454 1000 2485 nott.
1023 2445 1071 2483 ad
1091 2448 1171 2495 Vll,
1192 2445 1260 2486 41.
1280 2445 1343 2484 Ad
1359 2461 1447 2484 ver-

784 2504 880 2541 bum
901 2503 1070 2556 εἰρὲαται
1090 2504 1192 2544 conf.
1223 2503 1358 2541 Matth.
1380 2505 1447 2540 Gr.

785 2562 852 2598 Gr.
884 2562 921 2606 ξ.
956 2563 1038 2602 204
1066 2574 1154 2611 pag.
1182 2563 1264 2602 377
1295 2568 1330 2598 et
1351 2567 1448 2597 nott.

785 2617 834 2654 ad
851 2617 992 2656 Herod.
1014 2618 1077 2665 Vl,
1099 2618 1165 2658 53.
1223 2618 1347 2654 Verba
1361 2617 1448 2655 ὄια-

783 2670 935 2714 τάττειν
972 2681 1009 2711 et
1046 2673 1276 2726 ἐξαριθμεῖν
1313 2672 1447 2710 eadem

783 2732 823 2767 in
844 2745 885 2767 re
912 2732 1129 2768 invenimus
1158 2731 1239 2776 VII,
1263 2734 1327 2772 60.
1370 2731 1445 2766 Pro

785 2787 879 2827 ἕσαν
907 2795 944 2825 et
971 2787 1011 2825 h.
1041 2788 1067 2824 1.
1090 2793 1126 2823 et
1153 2798 1236 2837 cap.
1259 2789 1311 2827 83
1334 2784 1446 2822 exhi-

785 2844 852 2881 bui
872 2838 990 2894 ἦσαν.

843 2900 909 2939 καὶ
939 2895 1142 2951 χιλιάρχας
1172 2913 1213 2938 τε
1242 2897 1308 2937 καὶ
1329 2913 1446 2950 μυρι-

1068 2951 1170 2996 36²*

965 862 1027 906 Τοὶ
1069 862 1115 906 δὲ
1144 860 1382 918 νησιωτικά
1439 870 1717 915 Ῑιιειιὶαιιί,εκιηειι·ἰ

1441 916 1543 944 rubro.
1583 910 1679 939 Ανα-

1443 1005 1502 1031 quo
1522 996 1638 1024 Persae
1649 998 1700 1024 de-

1442 1034 1574 1066 portent.

1444 1343 1514 1371 Hae
1529 1343 1650 1380 quidem
1669 1352 1720 1379 pe-

1445 1377 1565 1405 destres
1585 1378 1702 1413 copiae,

1445 1467 1566 1496 divisae
1589 1468 1663 1495 illae
1690 1468 1721 1496 In

1444 1502 1609 1536 myriadas,
1629 1502 1690 1530 chi-

1445 1535 1545 1564 liadas
1564 1540 1623 1564 etc.
