1815 3181
358 227 443 266 300

756 222 1213 260 HERODOTI

359 333 545 388 ἑκατέρῳ
565 330 617 374 τὰ
647 328 789 372 πάντα
817 329 846 386 ἢ
871 335 983 373 τοῖσι
1013 329 1180 374 ἄλλοισι
1212 331 1508 388 δαιτυμόνεσι·
1540 332 1613 375 καὶ

363 400 653 454 σπονδαρχίας
684 395 795 439 εἶναι
823 397 1014 449 τούτων,
1047 399 1118 441 καὶ
1147 402 1232 440 τῶν
1261 399 1481 442 τυθέντων
1509 415 1612 452 προ-

335 469 513 524 Ξβάτων
541 465 592 509 τὰ
623 466 821 520 δέρματα.
877 467 1107 521 νεομηνίας
1146 466 1191 509 δὲ
1230 465 1312 509 ἀνὰ
1345 466 1511 519 πάσας,
1543 467 1615 510 καὶ

362 534 549 590 ἑβδόμας
580 533 812 589 ἱσταμένου
840 537 922 577 τοῦ
941 532 1097 590 μηνὸς,
1130 535 1332 577 δίδοσθαι
1360 534 1406 578 ἐκ
1434 539 1512 578 τοῦ
1543 537 1612 590 δη-

361 603 518 658 μοσίου
559 600 703 656 ἷρήϊον
738 602 903 646 τέλειον
930 601 1113 662 ἑκατέρῳ
1145 602 1186 652 ἐς
1213 601 1500 653 Ἀπόλλωνος,
1539 603 1613 645 καὶ
1627 606 1670 642 55

361 669 571 725 μέδιμνον
599 668 814 726 ἀλφίτων,
843 670 915 715 καὶ
945 671 1070 717 οἴνου
1097 669 1302 727 τετάρτην
1332 669 1614 727 Λακωνικήν*

305 869 399 893 nem
419 854 662 906 adposuerint
691 855 806 908 idque
825 858 864 893 in
883 858 963 894 εἰη-

302 914 400 963 gulis
421 914 510 949 cibis
548 910 622 963 (τοὶ
645 909 801 964 πάντα)
833 915 963 952 obser-

303 971 449 1017 varint,
481 971 546 1021 qui
572 982 655 1006 mos
685 971 846 1021 ptiscam
872 985 962 1008 sane

305 1024 452 1062 redolet
481 1033 666 1074 aetatem,
706 1029 860 1078 qualem
880 1030 963 1064 Ho-

304 1095 431 1120 merus
459 1081 670 1133 descripsit:
711 1083 759 1120 de
789 1098 887 1137 quo,
920 1091 963 1121 ut

309 1140 408 1176 bene
428 1141 577 1176 monuit
595 1141 840 1191 VVesseling„
861 1142 962 1178 conf.

304 1194 524 1233 Eustathius
554 1194 602 1232 ad
630 1197 674 1233 Il.
705 1211 743 1248 p.
763 1200 838 1244 72,
859 1201 912 1238 20
933 1212 962 1234 s.

306 1252 372 1299 54,
395 1254 449 1292 32
469 1259 506 1289 et
524 1265 612 1303 pag·
634 1255 727 1300 682,
748 1253 802 1294 50
822 1267 850 1293 s.
868 1254 962 1300 557,

311 1311 381 1349 22.
438 1310 614 1360 Namque
643 1321 665 1345 a
691 1311 882 1360 Lycurgo,
921 1317 965 1347 ut

311 1365 498 1412 ferebant,
508 1367 696 1402 institutus
715 1367 778 1402 ille
791 1379 874 1403 mos
890 1365 964 1403 ho-

305 1422 408 1457 noris
429 1421 623 1473 quandam
649 1423 964 1471 significationem

305 1475 461 1525 habuit,
491 1485 584 1523 teste
618 1478 876 1530 Xenophonte
905 1481 963 1516 De

307 1535 454 1584 republ.
473 1536 563 1571 Lac.
584 1536 657 1572 XV
677 1537 713 1580 ξ.
734 1535 774 1576 4.
804 1535 959 1573 Add.C.

305 1591 351 1626 Ο.
373 1591 522 1628 Miiller.
542 1593 633 1628 Dor.
659 1594 693 1627 II
713 1606 752 1642 p.
775 1595 853 1633 106
875 1594 960 1629 coll.

304 1647 341 1684 ΙΙ
360 1660 448 1697 pag.
473 1650 564 1695 190,
594 1649 660 1685 ubi
686 1648 776 1685 inde
804 1651 890 1686 satis
912 1651 962 1685 ait

308 1705 471 1754 perspici
501 1716 610 1753 agros
636 1717 846 1757 gregesque
889 1705 962 1742 ha-

305 1760 429 1796 buisse
450 1761 724 1811 rempublicam
752 1763 963 1812 Spartano-

306 1829 405 1853 rum.
435 1813 483 1855 τοὶ
504 1814 634 1856 πάντα
662 1831 741 1855 non
772 1820 878 1855 aliter
897 1832 963 1855 ac-

308 1872 528 1922 cipiendum
549 1881 661 1926 atque
681 1876 711 1922 I,
733 1875 800 1916 50.
823 1876 885 1923 IV,
898 1877 963 1922 88,

308 1930 376 1965 ubi
395 1929 473 1967 vid.
507 1937 603 1967 nott.
662 1931 726 1968 Sic
757 1933 872 1983 paulo
903 1933 965 1967 in-

307 1986 422 2022 lerius
437 1982 625 2037 διπλησια
646 2001 710 2027 πα
722 2003 776 2027 ντ
789 2004 813 2026 α
850 1995 965 2041 atque

308 2040 352 2081 ἓν
375 2046 477 2081 τοῖσι
497 2039 622 2094 ἀγῶσι
640 2059 668 2083 π
684 2047 709 2082 ἆ
725 2056 792 2092 σι,
822 2046 848 2082 i.
870 2059 905 2082 e.
925 2046 966 2081 in

312 2111 423 2134 omms
440 2111 575 2146 generes
594 2102 872 2138 certaminibus.
892 2102 967 2139 At-

314 2155 396 2203 tigit
417 2167 569 2206 quoque
590 2156 762 2194 Boeckli.
783 2159 821 2193 in
852 2159 967 2209 Corp.

304 2212 494 2260 Inscriptt.
516 2212 671 2248 Graeco.
701 2215 718 2248 I
746 2227 834 2264 pag.
874 2217 970 2262 822,

311 2267 397 2303 coll.
427 2269 525 2304 Rose
557 2268 744 2319 Inscriptt.
765 2283 853 2320 pag.
874 2273 968 2311 289.

319 2322 381 2360 Ad
403 2322 517 2360 dativi
536 2323 702 2361 formam
723 2323 971 2376 δαιτυμόνεσι

315 2380 417 2416 conf.
432 2378 570 2417 Manli.
592 2382 657 2418 Gr.
679 2383 746 2419 Gr.
768 2395 854 2433 pag.
880 2385 969 2422 166.

317 2438 417 2473 Sunt
431 2443 558 2473 autom
578 2437 619 2476 οἷ
638 2435 870 2488 δαιτυμόνες
889 2452 969 2475 con-

311 2495 437 2539 szvae
473 2500 514 2529 ut
532 2495 651 2541 1‚73.
676 2496 768 2534 119.
803 2496 968 2541 11‚172.

312 2550 375 2596 ΙΨ,
416 2552 508 2589 172.
566 2551 624 2586 De
663 2563 756 2587 voce
786 2546 969 2601 ἕκατερος

313 2607 446 2642 monui
474 2605 521 2642 ad
547 2608 611 2653 Ill,
634 2608 672 2647 8.
704 2608 968 2657 σπονδαρχίας

313 2663 612 2711 regibustribuit‚
644 2664 709 2715 qui
729 2665 768 2699 in
791 2665 967 2701 omnibus

313 2719 495 2756 conviviis
527 2721 639 2770 primi
670 2721 889 2757 libationem
909 2722 968 2756 sa-

313 2776 415 2811 ciant
443 2789 473 2812 s.
501 2777 697 2814 libationes
718 2778 969 2828 auspicentur.

373 2833 586 2883 νεομηνίας
604 2831 647 2873 δὲ
673 2829 750 2873 nivel
775 2832 905 2883 πάσας
933 2849 968 2874 κ.

1018 872 1051 897 τ.
1076 857 1142 906 λ.]
1170 858 1309 893 Mensis
1338 857 1520 908 cuiusque
1551 855 1672 906 (haec

1021 921 1075 951 est
1116 913 1300 950 Herodoti
1338 912 1560 962 sententia)
1610 912 1672 949 die

1018 972 1140 1022 primo
1161 983 1204 1007 ac
1224 971 1383 1021 septimo
1404 983 1510 1020 reges
1539 983 1587 1006 ex
1607 982 1674 1005 ae-

1019 1029 1117 1064 rario
1146 1028 1341 1065 victimam
1362 1028 1550 1077 accipiunt
1572 1027 1674 1062 inte—

1018 1097 1140 1134 gram,
1160 1097 1276 1135 quam
1296 1085 1336 1119 in
1365 1084 1552 1133 Apollinis
1575 1081 1673 1119 aede

1017 1147 1205 1187 mactent,
1235 1142 1402 1190 itemque
1428 1140 1570 1175 farinae
1590 1152 1676 1175 me-

1020 1197 1196 1237 dimnum
1207 1204 1244 1233 et
1255 1198 1334 1233 vini
1349 1197 1580 1248 quartarium
1598 1197 1676 1231 La-

1019 1256 1207 1291 conicum.
1264 1252 1350 1289 Vid.
1379 1253 1419 1290 C.
1452 1253 1496 1289 Ο.
1526 1253 1676 1288 Miiller.

1017 1312 1054 1347 ΙΙ
1074 1324 1112 1361 p.
1137 1313 1228 1350 106.
1260 1309 1326 1347 Cr.
1355 1308 1404 1345 ad
1424 1322 1536 1346 voces
1563 1303 1679 1359 ἕβδό-

1020 1382 1096 1418 μας
1135 1364 1345 1417 ἱσταμένου
1395 1365 1559 1401 conferri
1595 1365 1679 1402 vult

1019 1421 1217 1460 Plutarch.
1267 1423 1463 1473 Symposs.
1523 1421 1676 1465 Quaest.

1018 1481 1118 1526 VIII,
1142 1482 1180 1519 1.
1214 1482 1241 1519 2
1261 1491 1348 1528 pag.
1383 1478 1463 1518 958
1491 1479 1619 1527 Wytt.
1640 1483 1678 1514 et

1017 1534 1203 1574 Vale-ken.
1244 1534 1291 1572 de
1310 1535 1515 1571 Aristobul.
1535 1533 1677 1571 Iudaeo

1018 1595 1056 1639 ξ.
1086 1595 1139 1633 37
1168 1604 1256 1643 pag·
1293 1594 1492 1631 13—16.
1531 1589 1678 1630 τέλειον

1020 1645 1152 1700 ἱρήῖον
1174 1647 1268 1700 quid
1287 1648 1354 1694 sit,
1384 1648 1600 1684 notavimus
1629 1645 1679 1684 ad

1016 1708 1045 1754 I,
1070 1708 1164 1745 183.
1220 1705 1325 1740 Inter
1352 1704 1513 1739 numina
1541 1716 1563 1739 a
1596 1705 1680 1739 Do-

1018 1763 1120 1799 ribus
1150 1761 1251 1797 culta
1279 1761 1527 1810 praecipuum
1560 1759 1678 1796 adeo-

1021 1832 1096 1871 que
1133 1819 1360 1868 primarium
1397 1817 1527 1852 locum
1566 1816 1680 1853 fuisse

1020 1875 1190 1926 Apollini
1228 1886 1342 1909 nemo
1381 1874 1526 1921 nescit,
1573 1874 1680 1909 cuius

1023 1931 1194 1968 eiusdem
1203 1943 1306 1967 sacra
1326 1928 1415 1965 hinc
1436 1943 1504 1980 per
1523 1942 1680 1968 omnem

1020 1990 1099 2025 fere
1128 1987 1337 2027 Lac-oniam
1368 1993 1596 2036 propagata3
1636 1992 1680 2022 ut

1019 2045 1189 2097 pluribus
1210 2042 1481 2080 demonstravit
1511 2041 1615 2079 idem
1636 2043 1679 2081 C.

1023 2103 1070 2140 Ο.
1097 2101 1246 2138 Mffller.
1267 2101 1293 2137 l.
1313 2100 1340 2136 l.
1360 2100 1378 2135 I
1396 2111 1486 2150 pag.
1506 2097 1601 2140 249.

1081 2212 1151 2253 καὶ
1188 2211 1301 2251 οἴνου
1329 2205 1515 2261 τετάρτην
1533 2212 1681 2249 Λακω-

1025 2264 1172 2320 νικήν]
1196 2262 1506 2317 Schweighaeus.
1524 2267 1565 2302 in
1584 2268 1680 2304 Lex.

1026 2324 1170 2363 Herod.
1190 2324 1356 2374 suppleri
1382 2323 1463 2360 vult
1488 2326 1631 2375 μοῖραν
1651 2336 1683 2360 s.

1027 2381 1178 2434 μέριδα.
1230 2378 1420 2432 Equidem
1443 2378 1481 2416 h.
1502 2380 1527 2418 l.
1548 2381 1683 2416 malim

1026 2440 1192 2488 conitare
1214 2435 1260 2473 de
1282 2449 1326 2473 ea
1344 2435 1551 2473 fluidorum
1570 2450 1683 2473 men-

1025 2507 1134 2542 sura,
1171 2506 1287 2545 quam
1320 2494 1436 2542 vulgo
1463 2500 1603 2530 vocant
1622 2490 1684 2531 τέ-

1023 2564 1167 2602 ταρτον
1199 2550 1436 2592 Quartarzum
1457 2562 1486 2586 s.
1509 2556 1683 2605 quantam

1023 2614 1171 2659 partem
1189 2608 1264 2645 τοῦ
1291 2604 1427 2653 ξέστου
1457 2608 1534 2644 sive
1562 2609 1683 2643 sexta-

1021 2667 1072 2702 rii
1090 2671 1126 2700 et
1146 2661 1348 2699 dimidium
1374 2676 1446 2712 της
1465 2658 1634 2710 κοτυλης
1654 2675 1684 2699 s.

1024 2722 1189 2763 heminae,
1207 2732 1304 2771 quae
1316 2721 1395 2770 ipsa
1411 2726 1466 2756 est
1481 2718 1684 2757 dimidium

1025 2780 1098 2816 τοῦ
1116 2774 1250 2824 ξέστον
1272 2782 1309 2811 et
1341 2787 1438 2826 quae
1461 2789 1527 2827 pro
1551 2776 1686 2824 singu-

1026 2836 1070 2871 lis
1106 2833 1211 2871 terris
1241 2844 1359 2883 quam
1387 2834 1556 2870 maxime
1593 2831 1685 2868 olim
