<?xml version="1.0" encoding="UTF-8"?>
<!DOCTYPE html PUBLIC "-//W3C//DTD XHTML 1.0 Transitional//EN"
    "http://www.w3.org/TR/xhtml1/DTD/xhtml1-transitional.dtd">
<html xmlns="http://www.w3.org/1999/xhtml" xml:lang="en" lang="en">
 <head>
  <title>
</title>
<meta http-equiv="Content-Type" content="text/html;charset=utf-8" />
  <meta name='ocr-system' content='tesseract 3.04.00' />
  <meta name='ocr-capabilities' content='ocr_page ocr_carea ocr_par ocr_line ocrx_word'/>
</head>
<body>
  <div class='ocr_page' id='page_1' title='image "./musaeherodoto03hero_0758.png"; bbox 0 0 1806 3181; ppageno 0'>
   <div class='ocr_carea' id='block_1_1' title="bbox 240 287 339 332">
    <p class='ocr_par' dir='ltr' id='par_1_1' title="bbox 240 287 339 332">
     <span class='ocr_line' id='line_1_1' title="bbox 240 287 339 332; baseline 0.01 -1"><span class='ocrx_word' id='word_1_1' title='bbox 240 287 339 332; x_wconf 74' lang='lat'>194</span> 
     </span>
    </p>
   </div>
   <div class='ocr_carea' id='block_1_2' title="bbox 66 351 341 649">
    <p class='ocr_par' dir='ltr' id='par_1_2' title="bbox 66 351 341 649">
     <span class='ocr_line' id='line_1_2' title="bbox 68 351 312 392; baseline 0 -14"><span class='ocrx_word' id='word_1_2' title='bbox 68 359 170 379; x_wconf 84' lang='lat' dir='ltr'>earum</span> <span class='ocrx_word' id='word_1_3' title='bbox 189 351 312 392; x_wconf 81' lang='lat' dir='ltr'>quinde-</span> 
     </span>
     <span class='ocr_line' id='line_1_3' title="bbox 68 384 327 418; baseline 0 -6"><span class='ocrx_word' id='word_1_4' title='bbox 68 386 134 418; x_wconf 85' lang='lat' dir='ltr'>cim</span> <span class='ocrx_word' id='word_1_5' title='bbox 156 384 231 412; x_wconf 86' lang='lat' dir='ltr'>duce</span> <span class='ocrx_word' id='word_1_6' title='bbox 249 386 327 412; x_wconf 79' lang='lat' dir='ltr'>San-</span> 
     </span>
     <span class='ocr_line' id='line_1_4' title="bbox 68 419 341 458; baseline 0.004 -13"><span class='ocrx_word' id='word_1_7' title='bbox 68 420 152 458; x_wconf 85' lang='lat' dir='ltr'>doce,</span> <span class='ocrx_word' id='word_1_8' title='bbox 174 426 262 453; x_wconf 86' lang='lat' dir='ltr'>quem</span> <span class='ocrx_word' id='word_1_9' title='bbox 280 419 341 446; x_wconf 87' lang='lat' dir='ltr'>Da-</span> 
     </span>
     <span class='ocr_line' id='line_1_5' title="bbox 68 439 340 480; baseline 0 -1"><span class='ocrx_word' id='word_1_10' title='bbox 68 453 157 480; x_wconf 83' lang='lat' dir='ltr'>riuso</span> <span class='ocrx_word' id='word_1_11' title='bbox 142 439 212 479; x_wconf 85' lang='lat' dir='ltr'>hm</span> <span class='ocrx_word' id='word_1_12' title='bbox 221 452 257 478; x_wconf 91' lang='lat' dir='ltr'>ob</span> <span class='ocrx_word' id='word_1_13' title='bbox 269 460 340 479; x_wconf 85' lang='lat' dir='ltr'>cau-</span> 
     </span>
     <span class='ocr_line' id='line_1_6' title="bbox 68 485 326 513; baseline 0 -1"><span class='ocrx_word' id='word_1_14' title='bbox 68 495 133 513; x_wconf 73' lang='lat' dir='ltr'>eam</span> <span class='ocrx_word' id='word_1_15' title='bbox 151 486 263 512; x_wconf 83' lang='lat' dir='ltr'>iniuste</span> <span class='ocrx_word' id='word_1_16' title='bbox 279 485 326 512; x_wconf 88' lang='lat' dir='ltr'>iu-</span> 
     </span>
     <span class='ocr_line' id='line_1_7' title="bbox 69 519 325 554; baseline 0.004 -8"><span class='ocrx_word' id='word_1_17' title='bbox 69 519 197 546; x_wconf 77' lang='lat' dir='ltr'>dicatam</span> <span class='ocrx_word' id='word_1_18' title='bbox 215 519 325 554; x_wconf 77' lang='lat' dir='ltr'>capitis</span> 
     </span>
     <span class='ocr_line' id='line_1_8' title="bbox 68 553 276 587; baseline -0.005 -7"><span class='ocrx_word' id='word_1_19' title='bbox 68 553 189 580; x_wconf 72' lang='lat' dir='ltr'>damnax</span> <span class='ocrx_word' id='word_1_20' title='bbox 191 558 276 587; x_wconf 85' lang='lat' dir='ltr'>erat,</span> 
     </span>
     <span class='ocr_line' id='line_1_9' title="bbox 68 574 304 614; baseline -0.008 0"><span class='ocrx_word' id='word_1_21' title='bbox 68 588 148 614; x_wconf 73' lang='lat' dir='ltr'>Grat</span> <span class='ocrx_word' id='word_1_22' title='bbox 145 595 257 613; x_wconf 87' lang='lat' dir='ltr'>corum</span> <span class='ocrx_word' id='word_1_23' title='bbox 268 574 304 612; x_wconf 78' lang='lat' dir='ltr'>&#39;in</span> 
     </span>
     <span class='ocr_line' id='line_1_10' title="bbox 66 619 338 649; baseline -0.015 0"><span class='ocrx_word' id='word_1_24' title='bbox 66 629 173 649; x_wconf 80' lang='lat' dir='ltr'>manus</span> <span class='ocrx_word' id='word_1_25' title='bbox 194 619 338 648; x_wconf 78' lang='lat' dir='ltr'>incidunt.</span> 
     </span>
    </p>
   </div>
   <div class='ocr_carea' id='block_1_3' title="bbox 1343 283 1659 328">
    <p class='ocr_par' dir='ltr' id='par_1_3' title="bbox 1343 283 1659 328">
     <span class='ocr_line' id='line_1_11' title="bbox 1343 283 1659 328; baseline 0.006 -2"><span class='ocrx_word' id='word_1_26' title='bbox 1343 283 1659 328; x_wconf 83' lang='grc' dir='ltr'><strong><em>Πεντεκαίδεκα</em></strong></span> 
     </span>
    </p>
   </div>
   <div class='ocr_carea' id='block_1_4' title="bbox 395 173 1283 339">
    <p class='ocr_par' dir='ltr' id='par_1_4' title="bbox 395 173 1283 339">
     <span class='ocr_line' id='line_1_12' title="bbox 399 173 1256 217; baseline -0.007 0"><span class='ocrx_word' id='word_1_27' title='bbox 399 177 483 217; x_wconf 68' lang='grc'>742</span> <span class='ocrx_word' id='word_1_28' title='bbox 798 175 835 210; x_wconf 89' lang='grc' dir='ltr'><strong>Η</strong></span> <span class='ocrx_word' id='word_1_29' title='bbox 861 174 894 210; x_wconf 89' lang='grc' dir='ltr'><strong>Ε</strong></span> <span class='ocrx_word' id='word_1_30' title='bbox 926 174 961 210; x_wconf 88' lang='lat' dir='ltr'>R</span> <span class='ocrx_word' id='word_1_31' title='bbox 991 173 1022 212; x_wconf 90' lang='grc' dir='ltr'><strong>Ο</strong></span> <span class='ocrx_word' id='word_1_32' title='bbox 1052 174 1086 209; x_wconf 91' lang='lat' dir='ltr'>D</span> <span class='ocrx_word' id='word_1_33' title='bbox 1112 173 1143 210; x_wconf 91' lang='grc' dir='ltr'><strong>Ο</strong></span> <span class='ocrx_word' id='word_1_34' title='bbox 1173 173 1211 211; x_wconf 88' lang='grc' dir='ltr'><strong>Τ</strong></span> <span class='ocrx_word' id='word_1_35' title='bbox 1238 175 1256 211; x_wconf 83' lang='lat' dir='ltr'>I</span> 
     </span>
     <span class='ocr_line' id='line_1_13' title="bbox 395 278 1283 339; baseline -0.003 -12"><span class='ocrx_word' id='word_1_36' title='bbox 395 300 457 339; x_wconf 82' lang='grc' dir='ltr'><strong><em>τῳ</em></strong></span> <span class='ocrx_word' id='word_1_37' title='bbox 497 278 558 327; x_wconf 77' lang='grc' dir='ltr'><strong><em>ὦν</em></strong></span> <span class='ocrx_word' id='word_1_38' title='bbox 587 281 728 337; x_wconf 83' lang='grc' dir='ltr'><strong><em>ὅρμον</em></strong></span> <span class='ocrx_word' id='word_1_39' title='bbox 759 283 803 325; x_wconf 81' lang='grc' dir='ltr'>οἱ</span> <span class='ocrx_word' id='word_1_40' title='bbox 846 280 1013 337; x_wconf 78' lang='grc' dir='ltr'><strong><em>Ξέρξεω</em></strong></span> <span class='ocrx_word' id='word_1_41' title='bbox 1044 281 1283 326; x_wconf 86' lang='grc' dir='ltr'><strong><em>ἐποιεῦντο.</em></strong></span> 
     </span>
    </p>
   </div>
   <div class='ocr_carea' id='block_1_5' title="bbox 403 352 449 395">
    <p class='ocr_par' dir='ltr' id='par_1_5' title="bbox 403 352 449 395">
     <span class='ocr_line' id='line_1_14' title="bbox 403 352 449 395; baseline 0 0"><span class='ocrx_word' id='word_1_42' title='bbox 403 352 449 395; x_wconf 81' lang='grc' dir='ltr'>δὲ</span> 
     </span>
    </p>
   </div>
   <div class='ocr_carea' id='block_1_6' title="bbox 398 347 1660 477">
    <p class='ocr_par' dir='ltr' id='par_1_6' title="bbox 398 347 1660 477">
     <span class='ocr_line' id='line_1_15' title="bbox 487 347 1660 405; baseline 0.001 -11"><span class='ocrx_word' id='word_1_43' title='bbox 487 354 574 394; x_wconf 80' lang='grc' dir='ltr'>τῶν</span> <span class='ocrx_word' id='word_1_44' title='bbox 612 350 732 405; x_wconf 82' lang='grc' dir='ltr'><strong><em>νηῶν</em></strong></span> <span class='ocrx_word' id='word_1_45' title='bbox 769 350 961 393; x_wconf 78' lang='grc' dir='ltr'><strong><em>τουτέων</em></strong></span> <span class='ocrx_word' id='word_1_46' title='bbox 1001 347 1155 405; x_wconf 73' lang='grc' dir='ltr'><strong><em>ἔτυχόν</em></strong></span> <span class='ocrx_word' id='word_1_47' title='bbox 1181 365 1227 393; x_wconf 89' lang='grc' dir='ltr'>τε</span> <span class='ocrx_word' id='word_1_48' title='bbox 1271 349 1452 394; x_wconf 79' lang='grc' dir='ltr'><em>ὕσταται</em></span> <span class='ocrx_word' id='word_1_49' title='bbox 1494 351 1660 395; x_wconf 79' lang='grc' dir='ltr'><strong><em>πολλόν</em></strong></span> 
     </span>
     <span class='ocr_line' id='line_1_16' title="bbox 398 415 1660 477; baseline 0 -14"><span class='ocrx_word' id='word_1_50' title='bbox 398 420 722 474; x_wconf 79' lang='grc' dir='ltr'><strong><em>ἐξαναχθεῖσαι,</em></strong></span> <span class='ocrx_word' id='word_1_51' title='bbox 763 418 838 461; x_wconf 84' lang='grc' dir='ltr'><strong><em>καί</em></strong></span> <span class='ocrx_word' id='word_1_52' title='bbox 873 434 960 469; x_wconf 79' lang='grc' dir='ltr'>κως</span> <span class='ocrx_word' id='word_1_53' title='bbox 988 419 1189 461; x_wconf 83' lang='grc' dir='ltr'><strong><em>κατεῖδον</em></strong></span> <span class='ocrx_word' id='word_1_54' title='bbox 1223 415 1298 469; x_wconf 77' lang='grc' dir='ltr'><strong><em>τὰς</em></strong></span> <span class='ocrx_word' id='word_1_55' title='bbox 1324 417 1385 462; x_wconf 83' lang='grc' dir='ltr'>ἐπ’</span> <span class='ocrx_word' id='word_1_56' title='bbox 1412 417 1660 477; x_wconf 80' lang='grc' dir='ltr'><strong><em>Ἀρτεμισίῳ</em></strong></span> 
     </span>
    </p>
   </div>
   <div class='ocr_carea' id='block_1_7' title="bbox 370 484 1716 1153">
    <p class='ocr_par' dir='ltr' id='par_1_7' title="bbox 370 484 1716 1153">
     <span class='ocr_line' id='line_1_17' title="bbox 397 484 1660 568; baseline -0.002 -36"><span class='ocrx_word' id='word_1_57' title='bbox 397 491 484 532; x_wconf 77' lang='grc' dir='ltr'>τῶν</span> <span class='ocrx_word' id='word_1_58' title='bbox 514 484 733 542; x_wconf 86' lang='grc' dir='ltr'><strong><em>Ἑλλήνων</em></strong></span> <span class='ocrx_word' id='word_1_59' title='bbox 760 489 882 542; x_wconf 83' lang='grc' dir='ltr'><strong><em>νῆας,</em></strong></span> <span class='ocrx_word' id='word_1_60' title='bbox 914 484 1070 537; x_wconf 72' lang='grc' dir='ltr'><strong><em>ἔδοξάν</em></strong></span> <span class='ocrx_word' id='word_1_61' title='bbox 1099 501 1144 528; x_wconf 90' lang='grc' dir='ltr'>τε</span> <span class='ocrx_word' id='word_1_62' title='bbox 1174 484 1227 541; x_wconf 81' lang='grc' dir='ltr'>δή</span> <span class='ocrx_word' id='word_1_63' title='bbox 1257 485 1333 536; x_wconf 76' lang='grc' dir='ltr'><strong><em>τὰς</em></strong></span> <span class='ocrx_word' id='word_1_64' title='bbox 1362 486 1570 568; x_wconf 79' lang='grc' dir='ltr'><strong><em>σφετέρας</em></strong></span> <span class='ocrx_word' id='word_1_65' title='bbox 1600 484 1660 530; x_wconf 82' lang='grc' dir='ltr'><strong><em>εἷ-</em></strong></span> 
     </span>
     <span class='ocr_line' id='line_1_18' title="bbox 397 552 1659 612; baseline -0.002 -12"><span class='ocrx_word' id='word_1_66' title='bbox 397 573 472 600; x_wconf 93' lang='grc' dir='ltr'>ναι</span> <span class='ocrx_word' id='word_1_67' title='bbox 492 557 536 599; x_wconf 82' lang='grc' dir='ltr'>οἵ</span> <span class='ocrx_word' id='word_1_68' title='bbox 564 552 802 612; x_wconf 83' lang='grc' dir='ltr'><strong><em>βάρβαροι,</em></strong></span> <span class='ocrx_word' id='word_1_69' title='bbox 829 553 904 597; x_wconf 83' lang='grc' dir='ltr'><strong><em>καὶ</em></strong></span> <span class='ocrx_word' id='word_1_70' title='bbox 934 553 1137 604; x_wconf 81' lang='grc' dir='ltr'><strong><em>πλέοντες</em></strong></span> <span class='ocrx_word' id='word_1_71' title='bbox 1166 552 1366 596; x_wconf 77' lang='grc' dir='ltr'><strong><em>ἐσέπεσον</em></strong></span> <span class='ocrx_word' id='word_1_72' title='bbox 1393 554 1434 605; x_wconf 87' lang='grc' dir='ltr'>ἐς</span> <span class='ocrx_word' id='word_1_73' title='bbox 1449 554 1554 605; x_wconf 84' lang='grc' dir='ltr'>τούς</span> <span class='ocrx_word' id='word_1_74' title='bbox 1582 569 1659 598; x_wconf 95' lang='grc' dir='ltr'>πο-</span> 
     </span>
     <span class='ocr_line' id='line_1_19' title="bbox 397 614 1716 699; baseline -0.004 -32"><span class='ocrx_word' id='word_1_75' title='bbox 397 623 588 678; x_wconf 85' lang='grc' dir='ltr'><strong><em>λεμίους·</em></strong></span> <span class='ocrx_word' id='word_1_76' title='bbox 617 624 707 665; x_wconf 79' lang='grc' dir='ltr'>τῶν</span> <span class='ocrx_word' id='word_1_77' title='bbox 725 614 975 678; x_wconf 79' lang='grc' dir='ltr'><strong><em>ἐστρατήγεε</em></strong></span> <span class='ocrx_word' id='word_1_78' title='bbox 1005 619 1028 665; x_wconf 94' lang='lat'>6</span> <span class='ocrx_word' id='word_1_79' title='bbox 1057 619 1142 665; x_wconf 74' lang='grc' dir='ltr'>ἀπὸ</span> <span class='ocrx_word' id='word_1_80' title='bbox 1175 619 1328 699; x_wconf 81' lang='grc' dir='ltr'><strong><em>Κύμης</em></strong></span> <span class='ocrx_word' id='word_1_81' title='bbox 1356 624 1431 676; x_wconf 85' lang='grc' dir='ltr'><strong><em>τῆς</em></strong></span> <span class='ocrx_word' id='word_1_82' title='bbox 1459 623 1716 674; x_wconf 78' lang='grc' dir='ltr'><strong><em>Αἰολίδοςὸο</em></strong></span> 
     </span>
     <span class='ocr_line' id='line_1_20' title="bbox 397 687 1661 746; baseline -0.001 -11.974"><span class='ocrx_word' id='word_1_83' title='bbox 397 691 594 745; x_wconf 75' lang='grc' dir='ltr'><strong><em>ὕπαρχος</em></strong></span> <span class='ocrx_word' id='word_1_84' title='bbox 635 689 877 746; x_wconf 82' lang='grc' dir='ltr'><strong><em>Σανδώκης</em></strong></span> <span class='ocrx_word' id='word_1_85' title='bbox 913 687 938 732; x_wconf 90' lang='lat'>6</span> <span class='ocrx_word' id='word_1_86' title='bbox 970 689 1222 745; x_wconf 88' lang='grc' dir='ltr'><strong><em>Θαμασίου·</em></strong></span> <span class='ocrx_word' id='word_1_87' title='bbox 1259 687 1337 731; x_wconf 88' lang='grc' dir='ltr'>τὸν</span> <span class='ocrx_word' id='word_1_88' title='bbox 1367 688 1419 742; x_wconf 90' lang='grc' dir='ltr'>δὴ</span> <span class='ocrx_word' id='word_1_89' title='bbox 1448 690 1661 744; x_wconf 86' lang='grc' dir='ltr'><strong><em>πρότερον</em></strong></span> 
     </span>
     <span class='ocr_line' id='line_1_21' title="bbox 397 755 1659 813; baseline -0.002 -11"><span class='ocrx_word' id='word_1_90' title='bbox 397 758 569 802; x_wconf 81' lang='grc' dir='ltr'><strong><em>τούτων</em></strong></span> <span class='ocrx_word' id='word_1_91' title='bbox 607 757 813 812; x_wconf 85' lang='grc' dir='ltr'><strong><em>βασιλεὺς</em></strong></span> <span class='ocrx_word' id='word_1_92' title='bbox 841 761 1051 812; x_wconf 87' lang='grc' dir='ltr'><strong><em>Δαρεῖος,</em></strong></span> <span class='ocrx_word' id='word_1_93' title='bbox 1082 755 1145 806; x_wconf 77' lang='grc' dir='ltr'>ἐπ’</span> <span class='ocrx_word' id='word_1_94' title='bbox 1175 756 1290 813; x_wconf 82' lang='grc' dir='ltr'><strong><em>αἰτίῃ</em></strong></span> <span class='ocrx_word' id='word_1_95' title='bbox 1320 757 1467 812; x_wconf 83' lang='grc' dir='ltr'><strong><em>τοιῇδε</em></strong></span> <span class='ocrx_word' id='word_1_96' title='bbox 1496 755 1659 812; x_wconf 78' lang='grc' dir='ltr'><strong><em>λαβών,</em></strong></span> 
     </span>
     <span class='ocr_line' id='line_1_22' title="bbox 398 821 1661 881; baseline -0.002 -11"><span class='ocrx_word' id='word_1_97' title='bbox 398 823 702 881; x_wconf 86' lang='grc' dir='ltr'><strong><em>ανεσταύρωσε</em></strong></span> <span class='ocrx_word' id='word_1_98' title='bbox 750 824 878 870; x_wconf 90' lang='grc' dir='ltr'><strong><em>ἐόντα</em></strong></span> <span class='ocrx_word' id='word_1_99' title='bbox 917 829 1005 869; x_wconf 78' lang='grc' dir='ltr'>τῶν</span> <span class='ocrx_word' id='word_1_100' title='bbox 1045 826 1284 881; x_wconf 79' lang='grc' dir='ltr'><strong><em>βασιληίων</em></strong></span> <span class='ocrx_word' id='word_1_101' title='bbox 1323 822 1584 866; x_wconf 82' lang='grc' dir='ltr'><strong><em>δικαστέων·</em></strong></span> <span class='ocrx_word' id='word_1_102' title='bbox 1635 821 1661 867; x_wconf 97' lang='lat'>6</span> 
     </span>
     <span class='ocr_line' id='line_1_23' title="bbox 370 888 1716 949; baseline -0.001 -14"><span class='ocrx_word' id='word_1_103' title='bbox 370 892 644 949; x_wconf 77' lang='grc' dir='ltr'><strong><em>2Σανδιόκης</em></strong></span> <span class='ocrx_word' id='word_1_104' title='bbox 672 892 741 936; x_wconf 85' lang='grc' dir='ltr'>ἐπὶ</span> <span class='ocrx_word' id='word_1_105' title='bbox 769 891 957 949; x_wconf 84' lang='grc' dir='ltr'><strong><em>χρήμασι</em></strong></span> <span class='ocrx_word' id='word_1_106' title='bbox 986 890 1140 936; x_wconf 85' lang='grc' dir='ltr'><strong><em>α’δικον</em></strong></span> <span class='ocrx_word' id='word_1_107' title='bbox 1169 893 1296 947; x_wconf 86' lang='grc' dir='ltr'><strong><em>δίκην</em></strong></span> <span class='ocrx_word' id='word_1_108' title='bbox 1324 890 1510 934; x_wconf 87' lang='grc' dir='ltr'><strong><em>ἐδίκασε.</em></strong></span> <span class='ocrx_word' id='word_1_109' title='bbox 1549 888 1659 934; x_wconf 82' lang='grc' dir='ltr'><strong><em>ἀνα-</em></strong></span> <span class='ocrx_word' id='word_1_110' title='bbox 1671 898 1716 933; x_wconf 90' lang='grc'>85</span> 
     </span>
     <span class='ocr_line' id='line_1_24' title="bbox 397 954 1660 1019; baseline -0.004 -12"><span class='ocrx_word' id='word_1_111' title='bbox 397 960 719 1019; x_wconf 76' lang='grc' dir='ltr'><strong><em>κρεμασθέντος</em></strong></span> <span class='ocrx_word' id='word_1_112' title='bbox 748 954 810 1003; x_wconf 74' lang='grc' dir='ltr'><strong><em>ὦν</em></strong></span> <span class='ocrx_word' id='word_1_113' title='bbox 840 958 992 1012; x_wconf 83' lang='grc' dir='ltr'><strong><em>αὐτοῦ,</em></strong></span> <span class='ocrx_word' id='word_1_114' title='bbox 1021 959 1297 1016; x_wconf 78' lang='grc' dir='ltr'><strong><em>λογιζόμενος</em></strong></span> <span class='ocrx_word' id='word_1_115' title='bbox 1327 957 1564 1014; x_wconf 87' lang='grc' dir='ltr'><strong><em>ὁΔαρεῖος,</em></strong></span> <span class='ocrx_word' id='word_1_116' title='bbox 1593 954 1660 1002; x_wconf 81' lang='grc' dir='ltr'><strong><em>εὗ-</em></strong></span> 
     </span>
     <span class='ocr_line' id='line_1_25' title="bbox 398 1026 1663 1085; baseline -0.003 -12"><span class='ocrx_word' id='word_1_117' title='bbox 398 1031 447 1085; x_wconf 89' lang='grc' dir='ltr'><strong><em>ρέ</em></strong></span> <span class='ocrx_word' id='word_1_118' title='bbox 478 1031 522 1072; x_wconf 82' lang='grc' dir='ltr'>οἵ</span> <span class='ocrx_word' id='word_1_119' title='bbox 548 1027 661 1073; x_wconf 86' lang='grc' dir='ltr'><strong><em>πλέω</em></strong></span> <span class='ocrx_word' id='word_1_120' title='bbox 684 1027 831 1085; x_wconf 74' lang='grc' dir='ltr'><strong><em>ἁγαθοὶ</em></strong></span> <span class='ocrx_word' id='word_1_121' title='bbox 861 1031 949 1072; x_wconf 78' lang='grc' dir='ltr'>τῶν</span> <span class='ocrx_word' id='word_1_122' title='bbox 979 1026 1298 1084; x_wconf 83' lang='grc' dir='ltr'><strong><em>ἁμαρτημάτων</em></strong></span> <span class='ocrx_word' id='word_1_123' title='bbox 1326 1027 1592 1082; x_wconf 84' lang='grc' dir='ltr'><strong><em>πεποιημένα</em></strong></span> <span class='ocrx_word' id='word_1_124' title='bbox 1619 1026 1663 1078; x_wconf 84' lang='grc' dir='ltr'>ἐς</span> 
     </span>
     <span class='ocr_line' id='line_1_26' title="bbox 398 1092 1661 1153; baseline -0.002 -12"><span class='ocrx_word' id='word_1_125' title='bbox 398 1095 525 1141; x_wconf 82' lang='grc' dir='ltr'><strong><em>οἶκον</em></strong></span> <span class='ocrx_word' id='word_1_126' title='bbox 564 1096 644 1141; x_wconf 82' lang='grc' dir='ltr'>τόν</span> <span class='ocrx_word' id='word_1_127' title='bbox 682 1095 932 1153; x_wconf 83' lang='grc' dir='ltr'><strong><em>βασιλήϊον·</em></strong></span> <span class='ocrx_word' id='word_1_128' title='bbox 974 1094 1118 1152; x_wconf 77' lang='grc' dir='ltr'><strong><em>εὑρών</em></strong></span> <span class='ocrx_word' id='word_1_129' title='bbox 1155 1094 1201 1138; x_wconf 77' lang='grc' dir='ltr'>δὲ</span> <span class='ocrx_word' id='word_1_130' title='bbox 1237 1097 1370 1137; x_wconf 85' lang='grc' dir='ltr'><strong><em>τοῦτο</em></strong></span> <span class='ocrx_word' id='word_1_131' title='bbox 1406 1092 1429 1138; x_wconf 93' lang='lat'>6</span> <span class='ocrx_word' id='word_1_132' title='bbox 1457 1099 1661 1150; x_wconf 86' lang='grc' dir='ltr'><strong><em>Δαρεῖος,</em></strong></span> 
     </span>
    </p>
   </div>
   <div class='ocr_carea' id='block_1_8' title="bbox 341 1254 1004 1588">
    <p class='ocr_par' dir='ltr' id='par_1_8' title="bbox 341 1254 1004 1588">
     <span class='ocr_line' id='line_1_27' title="bbox 343 1254 1002 1312; baseline -0.008 -14"><span class='ocrx_word' id='word_1_133' title='bbox 343 1273 447 1310; x_wconf 86' lang='grc' dir='ltr'><strong><em>νομα</em></strong></span> <span class='ocrx_word' id='word_1_134' title='bbox 470 1256 606 1312; x_wconf 80' lang='grc' dir='ltr'><strong><em>γέγονε</em></strong></span> <span class='ocrx_word' id='word_1_135' title='bbox 628 1254 823 1307; x_wconf 82' lang='grc' dir='ltr'><strong><em>Ἀφέται]</em></strong></span> <span class='ocrx_word' id='word_1_136' title='bbox 853 1259 912 1294; x_wconf 87' lang='lat' dir='ltr'>De</span> <span class='ocrx_word' id='word_1_137' title='bbox 931 1270 1002 1294; x_wconf 92' lang='lat' dir='ltr'>usu</span> 
     </span>
     <span class='ocr_line' id='line_1_28' title="bbox 342 1313 1004 1366; baseline 0 -15"><span class='ocrx_word' id='word_1_138' title='bbox 342 1316 628 1366; x_wconf 80' lang='lat' dir='ltr'>praepositionis</span> <span class='ocrx_word' id='word_1_139' title='bbox 663 1313 727 1354; x_wconf 83' lang='grc' dir='ltr'>ἐπὶ</span> <span class='ocrx_word' id='word_1_140' title='bbox 759 1315 806 1353; x_wconf 87' lang='lat' dir='ltr'>cf.</span> <span class='ocrx_word' id='word_1_141' title='bbox 835 1321 930 1352; x_wconf 85' lang='lat' dir='ltr'>nott.</span> <span class='ocrx_word' id='word_1_142' title='bbox 954 1313 1004 1351; x_wconf 85' lang='lat' dir='ltr'>ad</span> 
     </span>
     <span class='ocr_line' id='line_1_29' title="bbox 342 1368 1002 1421; baseline -0.002 -13"><span class='ocrx_word' id='word_1_143' title='bbox 342 1372 407 1420; x_wconf 90' lang='lat' dir='ltr'>IV,</span> <span class='ocrx_word' id='word_1_144' title='bbox 439 1371 506 1411; x_wconf 81' lang='lat'>45.</span> <span class='ocrx_word' id='word_1_145' title='bbox 534 1368 701 1421; x_wconf 82' lang='grc' dir='ltr'><strong><em>Ἀφέται</em></strong></span> <span class='ocrx_word' id='word_1_146' title='bbox 728 1369 780 1420; x_wconf 87' lang='lat' dir='ltr'>(i.</span> <span class='ocrx_word' id='word_1_147' title='bbox 801 1384 834 1407; x_wconf 89' lang='lat' dir='ltr'>e.</span> <span class='ocrx_word' id='word_1_148' title='bbox 862 1370 1002 1421; x_wconf 67' lang='lat' dir='ltr'>Rheae)</span> 
     </span>
     <span class='ocr_line' id='line_1_30' title="bbox 341 1428 1004 1478; baseline -0.002 -13"><span class='ocrx_word' id='word_1_149' title='bbox 341 1428 427 1465; x_wconf 92' lang='lat' dir='ltr'>loco</span> <span class='ocrx_word' id='word_1_150' title='bbox 458 1441 624 1475; x_wconf 86' lang='lat' dir='ltr'>nomen,</span> <span class='ocrx_word' id='word_1_151' title='bbox 654 1434 697 1464; x_wconf 88' lang='lat' dir='ltr'>ut</span> <span class='ocrx_word' id='word_1_152' title='bbox 728 1440 777 1463; x_wconf 85' lang='lat' dir='ltr'>ex</span> <span class='ocrx_word' id='word_1_153' title='bbox 802 1440 878 1478; x_wconf 89' lang='lat' dir='ltr'>quo</span> <span class='ocrx_word' id='word_1_154' title='bbox 899 1429 1004 1464; x_wconf 75' lang='lat' dir='ltr'>emis-</span> 
     </span>
     <span class='ocr_line' id='line_1_31' title="bbox 343 1483 1003 1532; baseline -0.003 -11"><span class='ocrx_word' id='word_1_155' title='bbox 343 1485 431 1532; x_wconf 81' lang='lat' dir='ltr'>surz‘,</span> <span class='ocrx_word' id='word_1_156' title='bbox 471 1483 623 1521; x_wconf 79' lang='lat' dir='ltr'>soluturi</span> <span class='ocrx_word' id='word_1_157' title='bbox 660 1489 766 1520; x_wconf 82' lang='lat' dir='ltr'>erant</span> <span class='ocrx_word' id='word_1_158' title='bbox 796 1484 837 1519; x_wconf 86' lang='lat' dir='ltr'>in</span> <span class='ocrx_word' id='word_1_159' title='bbox 868 1484 1003 1520; x_wconf 83' lang='lat' dir='ltr'>altum.</span> 
     </span>
     <span class='ocr_line' id='line_1_32' title="bbox 342 1538 1004 1588; baseline -0.003 -10"><span class='ocrx_word' id='word_1_160' title='bbox 342 1541 410 1578; x_wconf 92' lang='lat' dir='ltr'>Tu</span> <span class='ocrx_word' id='word_1_161' title='bbox 419 1539 536 1577; x_wconf 90' lang='lat' dir='ltr'>modo</span> <span class='ocrx_word' id='word_1_162' title='bbox 554 1547 684 1577; x_wconf 86' lang='lat' dir='ltr'>mente</span> <span class='ocrx_word' id='word_1_163' title='bbox 705 1538 820 1576; x_wconf 85' lang='lat' dir='ltr'>addas</span> <span class='ocrx_word' id='word_1_164' title='bbox 840 1538 932 1588; x_wconf 84' lang='grc' dir='ltr'><strong><em>νέας</em></strong></span> <span class='ocrx_word' id='word_1_165' title='bbox 955 1539 1004 1577; x_wconf 86' lang='lat' dir='ltr'>ad</span> 
     </span>
    </p>
   </div>
   <div class='ocr_carea' id='block_1_9' title="bbox 348 1592 1002 1646">
    <p class='ocr_par' dir='ltr' id='par_1_9' title="bbox 348 1592 1002 1646">
     <span class='ocr_line' id='line_1_33' title="bbox 348 1592 1002 1646; baseline -0.002 -12"><span class='ocrx_word' id='word_1_166' title='bbox 348 1596 577 1634; x_wconf 84' lang='lat' dir='ltr'>antecedens</span> <span class='ocrx_word' id='word_1_167' title='bbox 599 1592 787 1646; x_wconf 71' lang='grc' dir='ltr'><strong><em>ἀφήσειν.</em></strong></span> <span class='ocrx_word' id='word_1_168' title='bbox 843 1597 902 1632; x_wconf 85' lang='lat' dir='ltr'>De</span> <span class='ocrx_word' id='word_1_169' title='bbox 920 1596 1002 1646; x_wconf 90' lang='lat' dir='ltr'>ipso</span> 
     </span>
    </p>
   </div>
   <div class='ocr_carea' id='block_1_10' title="bbox 343 1650 1007 2437">
    <p class='ocr_par' dir='ltr' id='par_1_10' title="bbox 343 1650 1007 2437">
     <span class='ocr_line' id='line_1_34' title="bbox 343 1650 1002 1700; baseline 0.002 -10"><span class='ocrx_word' id='word_1_170' title='bbox 343 1652 420 1690; x_wconf 86' lang='lat' dir='ltr'>hoc</span> <span class='ocrx_word' id='word_1_171' title='bbox 439 1654 523 1690; x_wconf 94' lang='lat' dir='ltr'>loco</span> <span class='ocrx_word' id='word_1_172' title='bbox 553 1653 656 1690; x_wconf 87' lang='lat' dir='ltr'>cons.</span> <span class='ocrx_word' id='word_1_173' title='bbox 676 1650 820 1689; x_wconf 85' lang='lat' dir='ltr'>Herod.</span> <span class='ocrx_word' id='word_1_174' title='bbox 839 1653 939 1700; x_wconf 83' lang='lat' dir='ltr'>VIII,</span> <span class='ocrx_word' id='word_1_175' title='bbox 963 1650 1002 1691; x_wconf 81' lang='lat'>4.</span> 
     </span>
     <span class='ocr_line' id='line_1_35' title="bbox 347 1707 1002 1750; baseline -0.008 -1"><span class='ocrx_word' id='word_1_176' title='bbox 347 1712 414 1749; x_wconf 79' lang='lat'>12.</span> <span class='ocrx_word' id='word_1_177' title='bbox 443 1712 480 1750; x_wconf 88' lang='lat'>7.</span> <span class='ocrx_word' id='word_1_178' title='bbox 502 1711 541 1750; x_wconf 88' lang='grc'>8.</span> <span class='ocrx_word' id='word_1_179' title='bbox 570 1708 637 1750; x_wconf 80' lang='grc'>74.</span> <span class='ocrx_word' id='word_1_180' title='bbox 667 1707 861 1745; x_wconf 83' lang='lat' dir='ltr'>Plutarch.</span> <span class='ocrx_word' id='word_1_181' title='bbox 894 1707 1002 1745; x_wconf 84' lang='lat' dir='ltr'>The-</span> 
     </span>
     <span class='ocr_line' id='line_1_36' title="bbox 344 1764 1001 1816; baseline 0.003 -14"><span class='ocrx_word' id='word_1_182' title='bbox 344 1767 444 1802; x_wconf 88' lang='lat' dir='ltr'>mist.</span> <span class='ocrx_word' id='word_1_183' title='bbox 465 1768 490 1806; x_wconf 89' lang='lat'><em>7</em></span> <span class='ocrx_word' id='word_1_184' title='bbox 510 1780 550 1816; x_wconf 89' lang='lat' dir='ltr'>p.</span> <span class='ocrx_word' id='word_1_185' title='bbox 573 1765 667 1806; x_wconf 87' lang='grc'><strong>115.</strong></span> <span class='ocrx_word' id='word_1_186' title='bbox 702 1764 836 1815; x_wconf 76' lang='lat' dir='ltr'>Steph.</span> <span class='ocrx_word' id='word_1_187' title='bbox 856 1766 952 1816; x_wconf 76' lang='lat' dir='ltr'><strong>Byz.</strong></span> <span class='ocrx_word' id='word_1_188' title='bbox 972 1778 1001 1804; x_wconf 78' lang='lat' dir='ltr'>s-</span> 
     </span>
     <span class='ocr_line' id='line_1_37' title="bbox 345 1816 1005 1873; baseline -0.005 -12"><span class='ocrx_word' id='word_1_189' title='bbox 345 1836 384 1861; x_wconf 84' lang='lat' dir='ltr'>v.</span> <span class='ocrx_word' id='word_1_190' title='bbox 404 1834 492 1873; x_wconf 83' lang='lat' dir='ltr'>pag.</span> <span class='ocrx_word' id='word_1_191' title='bbox 507 1824 584 1862; x_wconf 83' lang='lat'>199</span> <span class='ocrx_word' id='word_1_192' title='bbox 607 1820 691 1871; x_wconf 88' lang='lat' dir='ltr'>(ubi</span> <span class='ocrx_word' id='word_1_193' title='bbox 705 1816 887 1873; x_wconf 84' lang='grc' dir='ltr'><strong><em>Ἀφεταί)</em></strong></span> <span class='ocrx_word' id='word_1_194' title='bbox 908 1823 1005 1858; x_wconf 88' lang='lat' dir='ltr'>Dio-</span> 
     </span>
     <span class='ocr_line' id='line_1_38' title="bbox 346 1878 1004 1930; baseline 0 -14"><span class='ocrx_word' id='word_1_195' title='bbox 346 1878 426 1916; x_wconf 90' lang='lat' dir='ltr'>dor.</span> <span class='ocrx_word' id='word_1_196' title='bbox 450 1880 528 1916; x_wconf 89' lang='lat' dir='ltr'>Sic.</span> <span class='ocrx_word' id='word_1_197' title='bbox 548 1879 617 1926; x_wconf 87' lang='lat' dir='ltr'>XI,</span> <span class='ocrx_word' id='word_1_198' title='bbox 651 1881 719 1919; x_wconf 80' lang='lat'>12.</span> <span class='ocrx_word' id='word_1_199' title='bbox 740 1879 867 1916; x_wconf 85' lang='lat' dir='ltr'>Strab.</span> <span class='ocrx_word' id='word_1_200' title='bbox 887 1880 946 1914; x_wconf 87' lang='lat' dir='ltr'>IX</span> <span class='ocrx_word' id='word_1_201' title='bbox 964 1892 1004 1930; x_wconf 88' lang='lat' dir='ltr'>p.</span> 
     </span>
     <span class='ocr_line' id='line_1_39' title="bbox 345 1930 1005 1986; baseline -0.003 -10"><span class='ocrx_word' id='word_1_202' title='bbox 345 1938 427 1976; x_wconf 86' lang='lat'>666</span> <span class='ocrx_word' id='word_1_203' title='bbox 449 1937 497 1971; x_wconf 90' lang='grc' dir='ltr'>Α.</span> <span class='ocrx_word' id='word_1_204' title='bbox 518 1948 547 1972; x_wconf 90' lang='lat' dir='ltr'>s.</span> <span class='ocrx_word' id='word_1_205' title='bbox 567 1949 605 1985; x_wconf 89' lang='lat' dir='ltr'>p.</span> <span class='ocrx_word' id='word_1_206' title='bbox 637 1933 733 1982; x_wconf 81' lang='lat'>436,</span> <span class='ocrx_word' id='word_1_207' title='bbox 757 1937 822 1986; x_wconf 82' lang='lat' dir='ltr'>qui</span> <span class='ocrx_word' id='word_1_208' title='bbox 853 1930 1005 1986; x_wconf 81' lang='grc' dir='ltr'><strong><em>α’φετή-</em></strong></span> 
     </span>
     <span class='ocr_line' id='line_1_40' title="bbox 346 1991 1007 2042; baseline -0.003 -11"><span class='ocrx_word' id='word_1_209' title='bbox 346 2006 435 2040; x_wconf 89' lang='grc' dir='ltr'><strong><em>ριον</em></strong></span> <span class='ocrx_word' id='word_1_210' title='bbox 461 1993 774 2042; x_wconf 83' lang='lat' dir='ltr'><strong>Argonautarum</strong></span> <span class='ocrx_word' id='word_1_211' title='bbox 800 1992 914 2029; x_wconf 85' lang='lat' dir='ltr'>fuisse</span> <span class='ocrx_word' id='word_1_212' title='bbox 935 1991 1007 2029; x_wconf 86' lang='lat' dir='ltr'>ad-</span> 
     </span>
     <span class='ocr_line' id='line_1_41' title="bbox 346 2047 1006 2099; baseline 0.002 -15"><span class='ocrx_word' id='word_1_213' title='bbox 346 2047 413 2086; x_wconf 86' lang='lat' dir='ltr'><strong>dit.</strong></span> <span class='ocrx_word' id='word_1_214' title='bbox 470 2050 550 2085; x_wconf 85' lang='lat' dir='ltr'>Nec</span> <span class='ocrx_word' id='word_1_215' title='bbox 589 2060 679 2085; x_wconf 85' lang='lat' dir='ltr'>sane</span> <span class='ocrx_word' id='word_1_216' title='bbox 719 2047 905 2099; x_wconf 90' lang='lat' dir='ltr'>oppidum</span> <span class='ocrx_word' id='word_1_217' title='bbox 937 2055 1006 2097; x_wconf 69' lang='lat' dir='ltr'>put</span> 
     </span>
     <span class='ocr_line' id='line_1_42' title="bbox 345 2103 1003 2153; baseline 0.005 -14"><span class='ocrx_word' id='word_1_218' title='bbox 345 2105 475 2140; x_wconf 87' lang='lat' dir='ltr'>vicum</span> <span class='ocrx_word' id='word_1_219' title='bbox 497 2105 610 2141; x_wconf 82' lang='lat' dir='ltr'>fuisse</span> <span class='ocrx_word' id='word_1_220' title='bbox 631 2103 769 2142; x_wconf 81' lang='lat' dir='ltr'>dixeris</span> <span class='ocrx_word' id='word_1_221' title='bbox 786 2104 852 2142; x_wconf 92' lang='lat' dir='ltr'>sed</span> <span class='ocrx_word' id='word_1_222' title='bbox 863 2106 1003 2153; x_wconf 87' lang='lat' dir='ltr'>locum,</span> 
     </span>
     <span class='ocr_line' id='line_1_43' title="bbox 345 2160 1005 2211; baseline 0.003 -15"><span class='ocrx_word' id='word_1_223' title='bbox 345 2160 387 2196; x_wconf 82' lang='lat' dir='ltr'>in</span> <span class='ocrx_word' id='word_1_224' title='bbox 407 2173 483 2211; x_wconf 88' lang='lat' dir='ltr'>quo</span> <span class='ocrx_word' id='word_1_225' title='bbox 505 2161 613 2197; x_wconf 78' lang='lat' dir='ltr'>statio</span> <span class='ocrx_word' id='word_1_226' title='bbox 634 2160 746 2198; x_wconf 82' lang='lat' dir='ltr'>fuerit</span> <span class='ocrx_word' id='word_1_227' title='bbox 764 2163 933 2210; x_wconf 83' lang='lat' dir='ltr'>navium,</span> <span class='ocrx_word' id='word_1_228' title='bbox 956 2161 1005 2198; x_wconf 82' lang='lat' dir='ltr'>ad</span> 
     </span>
     <span class='ocr_line' id='line_1_44' title="bbox 345 2217 1005 2265; baseline 0.005 -13"><span class='ocrx_word' id='word_1_229' title='bbox 345 2218 449 2253; x_wconf 89' lang='lat' dir='ltr'>sinus</span> <span class='ocrx_word' id='word_1_230' title='bbox 487 2217 694 2265; x_wconf 83' lang='lat' dir='ltr'>Pagasaei,</span> <span class='ocrx_word' id='word_1_231' title='bbox 734 2224 777 2254; x_wconf 90' lang='lat' dir='ltr'>ut</span> <span class='ocrx_word' id='word_1_232' title='bbox 815 2219 1005 2255; x_wconf 85' lang='lat' dir='ltr'>Mannert.</span> 
     </span>
     <span class='ocr_line' id='line_1_45' title="bbox 346 2273 1005 2323; baseline 0.002 -14"><span class='ocrx_word' id='word_1_233' title='bbox 346 2274 415 2310; x_wconf 84' lang='lat' dir='ltr'>VJ]</span> <span class='ocrx_word' id='word_1_234' title='bbox 429 2287 465 2323; x_wconf 90' lang='lat' dir='ltr'>p.</span> <span class='ocrx_word' id='word_1_235' title='bbox 488 2275 568 2313; x_wconf 87' lang='grc'>607</span> <span class='ocrx_word' id='word_1_236' title='bbox 589 2273 682 2319; x_wconf 77' lang='lat' dir='ltr'>vult,</span> <span class='ocrx_word' id='word_1_237' title='bbox 704 2273 912 2322; x_wconf 84' lang='lat' dir='ltr'>introitum,</span> <span class='ocrx_word' id='word_1_238' title='bbox 933 2288 1005 2310; x_wconf 83' lang='lat' dir='ltr'>ne-</span> 
     </span>
     <span class='ocr_line' id='line_1_46' title="bbox 347 2329 1005 2380; baseline 0.002 -15"><span class='ocrx_word' id='word_1_239' title='bbox 347 2331 478 2380; x_wconf 88' lang='lat' dir='ltr'>quein</span> <span class='ocrx_word' id='word_1_240' title='bbox 511 2329 592 2378; x_wconf 87' lang='lat' dir='ltr'>ipso</span> <span class='ocrx_word' id='word_1_241' title='bbox 613 2329 716 2365; x_wconf 86' lang='lat' dir='ltr'>sinus</span> <span class='ocrx_word' id='word_1_242' title='bbox 736 2342 905 2378; x_wconf 83' lang='lat' dir='ltr'>recessu,</span> <span class='ocrx_word' id='word_1_243' title='bbox 939 2331 1005 2367; x_wconf 89' lang='lat' dir='ltr'>ubi</span> 
     </span>
     <span class='ocr_line' id='line_1_47' title="bbox 344 2386 702 2437; baseline -0.003 -15"><span class='ocrx_word' id='word_1_244' title='bbox 344 2388 580 2437; x_wconf 81' lang='lat' dir='ltr'>Pagasarum</span> <span class='ocrx_word' id='word_1_245' title='bbox 599 2386 702 2422; x_wconf 83' lang='lat' dir='ltr'>urbs.</span> 
     </span>
    </p>
   </div>
   <div class='ocr_carea' id='block_1_11' title="bbox 534 2474 818 2526">
    <p class='ocr_par' dir='ltr' id='par_1_11' title="bbox 534 2474 818 2526">
     <span class='ocr_line' id='line_1_48' title="bbox 534 2474 818 2526; baseline 0.011 -15"><span class='ocrx_word' id='word_1_246' title='bbox 534 2475 625 2526; x_wconf 73' lang='lat' dir='ltr'>cap.</span> <span class='ocrx_word' id='word_1_247' title='bbox 653 2474 818 2514; x_wconf 80' lang='lat' dir='ltr'>cxclv.</span> 
     </span>
    </p>
   </div>
   <div class='ocr_carea' id='block_1_12' title="bbox 348 2552 1005 2831">
    <p class='ocr_par' dir='ltr' id='par_1_12' title="bbox 348 2552 1005 2831">
     <span class='ocr_line' id='line_1_49' title="bbox 404 2552 1005 2603; baseline -0.008 -10"><span class='ocrx_word' id='word_1_248' title='bbox 404 2553 700 2603; x_wconf 74' lang='grc' dir='ltr'><strong><em>ἐξαναχθεῖσαι]</em></strong></span> <span class='ocrx_word' id='word_1_249' title='bbox 720 2552 830 2590; x_wconf 87' lang='lat' dir='ltr'>Idem</span> <span class='ocrx_word' id='word_1_250' title='bbox 844 2554 1005 2590; x_wconf 76' lang='lat' dir='ltr'>verbum</span> 
     </span>
     <span class='ocr_line' id='line_1_50' title="bbox 349 2609 1004 2659; baseline -0.003 -12"><span class='ocrx_word' id='word_1_251' title='bbox 349 2609 397 2647; x_wconf 86' lang='lat' dir='ltr'>de</span> <span class='ocrx_word' id='word_1_252' title='bbox 425 2612 583 2647; x_wconf 82' lang='lat' dir='ltr'>navibus</span> <span class='ocrx_word' id='word_1_253' title='bbox 605 2611 745 2659; x_wconf 77' lang='lat' dir='ltr'>longius</span> <span class='ocrx_word' id='word_1_254' title='bbox 774 2611 812 2647; x_wconf 77' lang='lat' dir='ltr'>in</span> <span class='ocrx_word' id='word_1_255' title='bbox 834 2609 945 2646; x_wconf 77' lang='lat' dir='ltr'>altum</span> <span class='ocrx_word' id='word_1_256' title='bbox 970 2624 1004 2646; x_wconf 83' lang='lat' dir='ltr'>e-</span> 
     </span>
     <span class='ocr_line' id='line_1_51' title="bbox 349 2666 1003 2714; baseline -0.002 -12"><span class='ocrx_word' id='word_1_257' title='bbox 349 2669 458 2704; x_wconf 78' lang='lat' dir='ltr'>vectis</span> <span class='ocrx_word' id='word_1_258' title='bbox 478 2668 555 2703; x_wconf 75' lang='lat' dir='ltr'>sive</span> <span class='ocrx_word' id='word_1_259' title='bbox 581 2667 707 2704; x_wconf 75' lang='lat' dir='ltr'>delatis</span> <span class='ocrx_word' id='word_1_260' title='bbox 732 2666 796 2714; x_wconf 84' lang='lat' dir='ltr'>VI,</span> <span class='ocrx_word' id='word_1_261' title='bbox 820 2668 884 2706; x_wconf 85' lang='grc'>98.</span> <span class='ocrx_word' id='word_1_262' title='bbox 904 2667 1003 2713; x_wconf 82' lang='lat' dir='ltr'>Vm,</span> 
     </span>
     <span class='ocr_line' id='line_1_52' title="bbox 348 2721 1001 2773; baseline -0.006 -11"><span class='ocrx_word' id='word_1_263' title='bbox 348 2722 415 2762; x_wconf 64' lang='lat'>84.</span> <span class='ocrx_word' id='word_1_264' title='bbox 445 2725 537 2760; x_wconf 81' lang='lat' dir='ltr'>Mox</span> <span class='ocrx_word' id='word_1_265' title='bbox 563 2737 652 2759; x_wconf 86' lang='lat' dir='ltr'>cum</span> <span class='ocrx_word' id='word_1_266' title='bbox 673 2721 1001 2773; x_wconf 80' lang='lat' dir='ltr'>Schweighaeus.,</span> 
     </span>
     <span class='ocr_line' id='line_1_53' title="bbox 351 2778 1001 2831; baseline 0.006 -16"><span class='ocrx_word' id='word_1_267' title='bbox 351 2780 468 2818; x_wconf 77' lang='lat' dir='ltr'>Gaisf.</span> <span class='ocrx_word' id='word_1_268' title='bbox 490 2787 526 2817; x_wconf 84' lang='lat' dir='ltr'>et</span> <span class='ocrx_word' id='word_1_269' title='bbox 546 2778 715 2818; x_wconf 81' lang='lat' dir='ltr'>Bekker.</span> <span class='ocrx_word' id='word_1_270' title='bbox 745 2780 895 2831; x_wconf 85' lang='lat' dir='ltr'>reposui</span> <span class='ocrx_word' id='word_1_271' title='bbox 923 2778 1001 2819; x_wconf 83' lang='grc' dir='ltr'><strong><em>ἐσέ-</em></strong></span> 
     </span>
    </p>
   </div>
   <div class='ocr_carea' id='block_1_13' title="bbox 1058 1256 1719 2492">
    <p class='ocr_par' dir='ltr' id='par_1_13' title="bbox 1058 1256 1719 2492">
     <span class='ocr_line' id='line_1_54' title="bbox 1059 1256 1718 1296; baseline -0.005 1"><span class='ocrx_word' id='word_1_272' title='bbox 1059 1267 1182 1296; x_wconf 88' lang='grc' dir='ltr'><strong><em>πεσον</em></strong></span> <span class='ocrx_word' id='word_1_273' title='bbox 1213 1270 1234 1293; x_wconf 89' lang='lat' dir='ltr'>e</span> <span class='ocrx_word' id='word_1_274' title='bbox 1254 1256 1475 1293; x_wconf 83' lang='lat' dir='ltr'>Florentino</span> <span class='ocrx_word' id='word_1_275' title='bbox 1503 1256 1601 1293; x_wconf 90' lang='lat' dir='ltr'>libro</span> <span class='ocrx_word' id='word_1_276' title='bbox 1621 1256 1718 1294; x_wconf 88' lang='lat' dir='ltr'>alio-</span> 
     </span>
     <span class='ocr_line' id='line_1_55' title="bbox 1059 1326 1154 1365; baseline 0 -16"><span class='ocrx_word' id='word_1_277' title='bbox 1059 1326 1154 1365; x_wconf 87' lang='lat' dir='ltr'>que,</span> 
     </span>
     <span class='ocr_line' id='line_1_56' title="bbox 1058 1367 1718 1436; baseline 0.002 -31"><span class='ocrx_word' id='word_1_278' title='bbox 1058 1376 1124 1406; x_wconf 87' lang='lat' dir='ltr'>aut</span> <span class='ocrx_word' id='word_1_279' title='bbox 1176 1367 1381 1408; x_wconf 81' lang='grc' dir='ltr'><strong><em>ἐπέπεσον.</em></strong></span> <span class='ocrx_word' id='word_1_280' title='bbox 1459 1369 1524 1407; x_wconf 79' lang='lat' dir='ltr'>Sic</span> <span class='ocrx_word' id='word_1_281' title='bbox 1563 1382 1718 1436; x_wconf 89' lang='lat' dir='ltr'>quoque</span> 
     </span>
     <span class='ocr_line' id='line_1_57' title="bbox 1058 1421 1718 1477; baseline -0.003 -12"><span class='ocrx_word' id='word_1_282' title='bbox 1058 1421 1213 1465; x_wconf 81' lang='grc' dir='ltr'><strong><em>τούτων</em></strong></span> <span class='ocrx_word' id='word_1_283' title='bbox 1235 1433 1271 1463; x_wconf 89' lang='lat' dir='ltr'>et</span> <span class='ocrx_word' id='word_1_284' title='bbox 1284 1421 1417 1464; x_wconf 73' lang='grc' dir='ltr'><strong><em>αὐτῶν</em></strong></span> <span class='ocrx_word' id='word_1_285' title='bbox 1437 1424 1526 1462; x_wconf 83' lang='lat' dir='ltr'>dedi</span> <span class='ocrx_word' id='word_1_286' title='bbox 1545 1439 1614 1477; x_wconf 89' lang='lat' dir='ltr'>pro</span> <span class='ocrx_word' id='word_1_287' title='bbox 1623 1421 1718 1465; x_wconf 81' lang='grc' dir='ltr'><strong><em>τού-</em></strong></span> 
     </span>
     <span class='ocr_line' id='line_1_58' title="bbox 1058 1477 1718 1523; baseline -0.003 -2"><span class='ocrx_word' id='word_1_288' title='bbox 1058 1481 1156 1521; x_wconf 88' lang='grc' dir='ltr'><strong><em>τέων</em></strong></span> <span class='ocrx_word' id='word_1_289' title='bbox 1197 1489 1234 1519; x_wconf 88' lang='lat' dir='ltr'>et</span> <span class='ocrx_word' id='word_1_290' title='bbox 1273 1477 1438 1523; x_wconf 72' lang='grc' dir='ltr'><strong><em>αὐτέων.</em></strong></span> <span class='ocrx_word' id='word_1_291' title='bbox 1495 1482 1558 1519; x_wconf 91' lang='lat' dir='ltr'>Ad</span> <span class='ocrx_word' id='word_1_292' title='bbox 1580 1495 1718 1520; x_wconf 88' lang='lat' dir='ltr'>vocem</span> 
     </span>
     <span class='ocr_line' id='line_1_59' title="bbox 1059 1535 1718 1589; baseline 0 -12"><span class='ocrx_word' id='word_1_293' title='bbox 1059 1535 1236 1589; x_wconf 74' lang='grc' dir='ltr'><strong><em>ὕπαρχος</em></strong></span> <span class='ocrx_word' id='word_1_294' title='bbox 1269 1537 1346 1577; x_wconf 78' lang='lat' dir='ltr'>vid.</span> <span class='ocrx_word' id='word_1_295' title='bbox 1376 1545 1473 1575; x_wconf 88' lang='lat' dir='ltr'>nott.</span> <span class='ocrx_word' id='word_1_296' title='bbox 1506 1538 1555 1576; x_wconf 89' lang='lat' dir='ltr'>ad</span> <span class='ocrx_word' id='word_1_297' title='bbox 1585 1540 1630 1588; x_wconf 91' lang='lat' dir='ltr'>V,</span> <span class='ocrx_word' id='word_1_298' title='bbox 1651 1537 1718 1580; x_wconf 80' lang='lat'>35.</span> 
     </span>
     <span class='ocr_line' id='line_1_60' title="bbox 1059 1594 1717 1644; baseline 0.002 -13"><span class='ocrx_word' id='word_1_299' title='bbox 1059 1596 1118 1631; x_wconf 87' lang='lat' dir='ltr'>De</span> <span class='ocrx_word' id='word_1_300' title='bbox 1148 1597 1258 1644; x_wconf 81' lang='lat' dir='ltr'>regiis</span> <span class='ocrx_word' id='word_1_301' title='bbox 1284 1595 1461 1632; x_wconf 72' lang='lat' dir='ltr'>iudicibus</span> <span class='ocrx_word' id='word_1_302' title='bbox 1479 1594 1644 1633; x_wconf 84' lang='lat' dir='ltr'>diximus</span> <span class='ocrx_word' id='word_1_303' title='bbox 1668 1594 1717 1632; x_wconf 85' lang='lat' dir='ltr'>ad</span> 
     </span>
     <span class='ocr_line' id='line_1_61' title="bbox 1058 1650 1718 1699; baseline 0.002 -12"><span class='ocrx_word' id='word_1_304' title='bbox 1058 1653 1124 1699; x_wconf 89' lang='lat' dir='ltr'>III,</span> <span class='ocrx_word' id='word_1_305' title='bbox 1143 1654 1191 1691; x_wconf 84' lang='lat'>31</span> <span class='ocrx_word' id='word_1_306' title='bbox 1217 1658 1254 1688; x_wconf 87' lang='lat' dir='ltr'>et</span> <span class='ocrx_word' id='word_1_307' title='bbox 1271 1652 1316 1699; x_wconf 81' lang='lat' dir='ltr'>V,</span> <span class='ocrx_word' id='word_1_308' title='bbox 1329 1650 1396 1698; x_wconf 78' lang='lat'>25,</span> <span class='ocrx_word' id='word_1_309' title='bbox 1416 1652 1483 1688; x_wconf 87' lang='lat' dir='ltr'>ubi</span> <span class='ocrx_word' id='word_1_310' title='bbox 1502 1650 1638 1688; x_wconf 87' lang='lat' dir='ltr'>eadem</span> <span class='ocrx_word' id='word_1_311' title='bbox 1656 1652 1718 1688; x_wconf 93' lang='lat' dir='ltr'>lo-</span> 
     </span>
     <span class='ocr_line' id='line_1_62' title="bbox 1060 1703 1717 1760; baseline 0.003 -15"><span class='ocrx_word' id='word_1_312' title='bbox 1060 1708 1161 1745; x_wconf 91' lang='lat' dir='ltr'>cutio</span> <span class='ocrx_word' id='word_1_313' title='bbox 1191 1703 1258 1746; x_wconf 85' lang='grc' dir='ltr'>ἐπὶ</span> <span class='ocrx_word' id='word_1_314' title='bbox 1290 1704 1465 1760; x_wconf 82' lang='grc' dir='ltr'><strong><em>χρήμασι</em></strong></span> <span class='ocrx_word' id='word_1_315' title='bbox 1493 1704 1635 1747; x_wconf 78' lang='grc' dir='ltr'><strong><em>ι’ίδικον</em></strong></span> <span class='ocrx_word' id='word_1_316' title='bbox 1655 1707 1717 1747; x_wconf 88' lang='grc' dir='ltr'>δί-</span> 
     </span>
     <span class='ocr_line' id='line_1_63' title="bbox 1059 1761 1718 1814; baseline -0.005 -11"><span class='ocrx_word' id='word_1_317' title='bbox 1059 1779 1136 1814; x_wconf 79' lang='grc' dir='ltr'><strong><em>κην</em></strong></span> <span class='ocrx_word' id='word_1_318' title='bbox 1157 1762 1326 1803; x_wconf 82' lang='grc' dir='ltr'><strong><em>ἐδίκασε.</em></strong></span> <span class='ocrx_word' id='word_1_319' title='bbox 1382 1764 1569 1801; x_wconf 81' lang='lat' dir='ltr'>Voculam</span> <span class='ocrx_word' id='word_1_320' title='bbox 1589 1761 1649 1803; x_wconf 76' lang='grc' dir='ltr'><strong><em>ὅτι</em></strong></span> <span class='ocrx_word' id='word_1_321' title='bbox 1666 1764 1718 1800; x_wconf 87' lang='lat' dir='ltr'>li-</span> 
     </span>
     <span class='ocr_line' id='line_1_64' title="bbox 1059 1817 1718 1869; baseline -0.002 -11"><span class='ocrx_word' id='word_1_322' title='bbox 1059 1821 1134 1858; x_wconf 90' lang='lat' dir='ltr'>bris</span> <span class='ocrx_word' id='word_1_323' title='bbox 1152 1821 1277 1857; x_wconf 70' lang='lat' dir='ltr'>inv-,itis</span> <span class='ocrx_word' id='word_1_324' title='bbox 1298 1827 1385 1857; x_wconf 84' lang='lat' dir='ltr'>ante</span> <span class='ocrx_word' id='word_1_325' title='bbox 1406 1818 1430 1859; x_wconf 88' lang='lat'>6</span> <span class='ocrx_word' id='word_1_326' title='bbox 1453 1817 1675 1869; x_wconf 72' lang='grc' dir='ltr'><strong><em>Σανδώκης</em></strong></span> <span class='ocrx_word' id='word_1_327' title='bbox 1695 1833 1718 1857; x_wconf 87' lang='lat' dir='ltr'>a</span> 
     </span>
     <span class='ocr_line' id='line_1_65' title="bbox 1061 1875 1716 1928; baseline 0 -14"><span class='ocrx_word' id='word_1_328' title='bbox 1061 1876 1256 1915; x_wconf 87' lang='lat' dir='ltr'>Schaefer.</span> <span class='ocrx_word' id='word_1_329' title='bbox 1288 1883 1325 1914; x_wconf 86' lang='lat' dir='ltr'>et</span> <span class='ocrx_word' id='word_1_330' title='bbox 1354 1875 1490 1914; x_wconf 86' lang='lat' dir='ltr'>Matth.</span> <span class='ocrx_word' id='word_1_331' title='bbox 1510 1884 1716 1928; x_wconf 83' lang='lat' dir='ltr'>receptam,</span> 
     </span>
     <span class='ocr_line' id='line_1_66' title="bbox 1060 1932 1719 1984; baseline -0.002 -13"><span class='ocrx_word' id='word_1_332' title='bbox 1060 1947 1130 1971; x_wconf 90' lang='lat' dir='ltr'>nos</span> <span class='ocrx_word' id='word_1_333' title='bbox 1159 1947 1249 1970; x_wconf 88' lang='lat' dir='ltr'>cum</span> <span class='ocrx_word' id='word_1_334' title='bbox 1269 1932 1503 1984; x_wconf 69' lang='lat' dir='ltr'>Schweigh„</span> <span class='ocrx_word' id='word_1_335' title='bbox 1532 1933 1649 1971; x_wconf 83' lang='lat' dir='ltr'>Gaisf.</span> <span class='ocrx_word' id='word_1_336' title='bbox 1680 1939 1719 1971; x_wconf 87' lang='lat' dir='ltr'>et</span> 
     </span>
     <span class='ocr_line' id='line_1_67' title="bbox 1060 1989 1718 2042; baseline -0.002 -15"><span class='ocrx_word' id='word_1_337' title='bbox 1060 1989 1241 2028; x_wconf 83' lang='lat' dir='ltr'>Bekkero</span> <span class='ocrx_word' id='word_1_338' title='bbox 1277 1989 1511 2040; x_wconf 80' lang='lat' dir='ltr'>delevimus,</span> <span class='ocrx_word' id='word_1_339' title='bbox 1547 1991 1718 2042; x_wconf 87' lang='lat' dir='ltr'>itemque</span> 
     </span>
     <span class='ocr_line' id='line_1_68' title="bbox 1060 2043 1717 2114; baseline -0.002 -30"><span class='ocrx_word' id='word_1_340' title='bbox 1060 2048 1284 2098; x_wconf 86' lang='lat' dir='ltr'>reliquimus</span> <span class='ocrx_word' id='word_1_341' title='bbox 1305 2043 1583 2114; x_wconf 80' lang='grc' dir='ltr'><strong><em>λογιζομενος,</em></strong></span> <span class='ocrx_word' id='word_1_342' title='bbox 1610 2048 1717 2084; x_wconf 81' lang='lat' dir='ltr'>cuius</span> 
     </span>
     <span class='ocr_line' id='line_1_69' title="bbox 1059 2099 1716 2155; baseline 0 -14"><span class='ocrx_word' id='word_1_343' title='bbox 1059 2105 1146 2141; x_wconf 89' lang='lat' dir='ltr'>loco</span> <span class='ocrx_word' id='word_1_344' title='bbox 1185 2102 1327 2141; x_wconf 85' lang='lat' dir='ltr'>Aldina</span> <span class='ocrx_word' id='word_1_345' title='bbox 1376 2099 1716 2155; x_wconf 82' lang='grc' dir='ltr'><strong><em>α’ναλογιζόμενος.</em></strong></span> 
     </span>
     <span class='ocr_line' id='line_1_70' title="bbox 1061 2158 1717 2206; baseline -0.003 -9"><span class='ocrx_word' id='word_1_346' title='bbox 1061 2158 1172 2206; x_wconf 80' lang='lat' dir='ltr'>Quod</span> <span class='ocrx_word' id='word_1_347' title='bbox 1201 2159 1250 2196; x_wconf 86' lang='lat' dir='ltr'>ad</span> <span class='ocrx_word' id='word_1_348' title='bbox 1275 2172 1418 2197; x_wconf 90' lang='lat' dir='ltr'>nomen</span> <span class='ocrx_word' id='word_1_349' title='bbox 1450 2160 1623 2197; x_wconf 71' lang='lat' dir='ltr'>Sandoczs</span> <span class='ocrx_word' id='word_1_350' title='bbox 1657 2165 1717 2196; x_wconf 87' lang='lat' dir='ltr'>at-</span> 
     </span>
     <span class='ocr_line' id='line_1_71' title="bbox 1059 2214 1717 2266; baseline -0.005 -12"><span class='ocrx_word' id='word_1_351' title='bbox 1059 2218 1168 2265; x_wconf 87' lang='lat' dir='ltr'>tinet,</span> <span class='ocrx_word' id='word_1_352' title='bbox 1191 2218 1362 2254; x_wconf 85' lang='lat' dir='ltr'>observat</span> <span class='ocrx_word' id='word_1_353' title='bbox 1370 2214 1592 2252; x_wconf 87' lang='lat' dir='ltr'>Boeckh.&#39;1n</span> <span class='ocrx_word' id='word_1_354' title='bbox 1602 2215 1717 2266; x_wconf 83' lang='lat' dir='ltr'>Corp.</span> 
     </span>
     <span class='ocr_line' id='line_1_72' title="bbox 1060 2271 1717 2321; baseline -0.003 -11"><span class='ocrx_word' id='word_1_355' title='bbox 1060 2275 1176 2311; x_wconf 83' lang='lat' dir='ltr'>Inscr.</span> <span class='ocrx_word' id='word_1_356' title='bbox 1197 2274 1330 2309; x_wconf 85' lang='lat' dir='ltr'>Graec.</span> <span class='ocrx_word' id='word_1_357' title='bbox 1350 2273 1396 2319; x_wconf 87' lang='lat'>11,</span> <span class='ocrx_word' id='word_1_358' title='bbox 1421 2278 1439 2311; x_wconf 87' lang='lat'>1</span> <span class='ocrx_word' id='word_1_359' title='bbox 1463 2285 1502 2321; x_wconf 92' lang='lat' dir='ltr'>p.</span> <span class='ocrx_word' id='word_1_360' title='bbox 1527 2271 1619 2319; x_wconf 87' lang='grc'><strong>158,</strong></span> <span class='ocrx_word' id='word_1_361' title='bbox 1643 2272 1717 2308; x_wconf 85' lang='lat' dir='ltr'>alia</span> 
     </span>
     <span class='ocr_line' id='line_1_73' title="bbox 1060 2327 1717 2380; baseline -0.002 -14"><span class='ocrx_word' id='word_1_362' title='bbox 1060 2330 1195 2367; x_wconf 83' lang='lat' dir='ltr'>similia</span> <span class='ocrx_word' id='word_1_363' title='bbox 1215 2327 1374 2365; x_wconf 82' lang='lat' dir='ltr'>afferens</span> <span class='ocrx_word' id='word_1_364' title='bbox 1394 2328 1564 2375; x_wconf 87' lang='lat' dir='ltr'>nomina,</span> <span class='ocrx_word' id='word_1_365' title='bbox 1599 2328 1717 2380; x_wconf 83' lang='lat' dir='ltr'>sylla-</span> 
     </span>
     <span class='ocr_line' id='line_1_74' title="bbox 1060 2385 1717 2435; baseline -0.003 -13"><span class='ocrx_word' id='word_1_366' title='bbox 1060 2386 1109 2423; x_wconf 88' lang='lat' dir='ltr'>ba</span> <span class='ocrx_word' id='word_1_367' title='bbox 1141 2385 1220 2422; x_wconf 85' lang='lat' dir='ltr'>San</span> <span class='ocrx_word' id='word_1_368' title='bbox 1246 2385 1352 2421; x_wconf 83' lang='lat' dir='ltr'>initio</span> <span class='ocrx_word' id='word_1_369' title='bbox 1373 2385 1493 2435; x_wconf 88' lang='lat' dir='ltr'>posita</span> <span class='ocrx_word' id='word_1_370' title='bbox 1521 2385 1560 2420; x_wconf 87' lang='lat' dir='ltr'>iu</span> <span class='ocrx_word' id='word_1_371' title='bbox 1587 2385 1717 2421; x_wconf 88' lang='lat' dir='ltr'>nomi-</span> 
     </span>
     <span class='ocr_line' id='line_1_75' title="bbox 1060 2441 1715 2492; baseline 0.002 -15"><span class='ocrx_word' id='word_1_372' title='bbox 1060 2442 1170 2478; x_wconf 85' lang='lat' dir='ltr'>nibus</span> <span class='ocrx_word' id='word_1_373' title='bbox 1207 2442 1378 2488; x_wconf 83' lang='lat' dir='ltr'>Persicis,</span> <span class='ocrx_word' id='word_1_374' title='bbox 1417 2442 1590 2492; x_wconf 85' lang='lat' dir='ltr'>Assyriis,</span> <span class='ocrx_word' id='word_1_375' title='bbox 1622 2441 1715 2490; x_wconf 85' lang='lat' dir='ltr'>aliis,</span> 
     </span>
    </p>
   </div>
   <div class='ocr_carea' id='block_1_14' title="bbox 1062 2497 1716 2548">
    <p class='ocr_par' dir='ltr' id='par_1_14' title="bbox 1062 2495 1800 2550">
     <span class='ocr_line' id='line_1_76' title="bbox 1062 2497 1716 2548; baseline 0.015 -17"><span class='ocrx_word' id='word_1_376' title='bbox 1062 2497 1251 2547; x_wconf 75' lang='lat' dir='ltr'>designari</span> <span class='ocrx_word' id='word_1_377' title='bbox 1277 2497 1490 2548; x_wconf 82' lang='lat' dir='ltr'>splendorem</span> <span class='ocrx_word' id='word_1_378' title='bbox 1518 2504 1556 2535; x_wconf 89' lang='lat' dir='ltr'>et</span> <span class='ocrx_word' id='word_1_379' title='bbox 1574 2499 1716 2547; x_wconf 74' lang='lat' dir='ltr'>magni·</span> 
     </span>
    </p>
   </div>
   <div class='ocr_carea' id='block_1_15' title="bbox 1051 2555 1716 2826">
    <p class='ocr_par' dir='ltr' id='par_1_15' title="bbox 1051 2555 1252 2604">
     <span class='ocr_line' id='line_1_77' title="bbox 1051 2555 1252 2604; baseline -0.005 -13"><span class='ocrx_word' id='word_1_380' title='bbox 1051 2555 1252 2604; x_wconf 77' lang='lat' dir='ltr'>ficentiam.</span> 
     </span>
    </p>

    <p class='ocr_par' dir='ltr' id='par_1_16' title="bbox 1058 2603 1716 2826">
     <span class='ocr_line' id='line_1_78' title="bbox 1115 2603 1716 2661; baseline -0.003 -12"><span class='ocrx_word' id='word_1_381' title='bbox 1115 2609 1155 2656; x_wconf 80' lang='grc' dir='ltr'>ἐς</span> <span class='ocrx_word' id='word_1_382' title='bbox 1197 2607 1309 2650; x_wconf 80' lang='grc' dir='ltr'><strong><em>οἶκον</em></strong></span> <span class='ocrx_word' id='word_1_383' title='bbox 1350 2606 1422 2649; x_wconf 75' lang='grc' dir='ltr'>τόν</span> <span class='ocrx_word' id='word_1_384' title='bbox 1475 2603 1716 2661; x_wconf 81' lang='grc' dir='ltr'><strong><em>βασιλήϊον]</em></strong></span> 
     </span>
     <span class='ocr_line' id='line_1_79' title="bbox 1059 2665 1716 2714; baseline -0.002 -11"><span class='ocrx_word' id='word_1_385' title='bbox 1059 2665 1144 2704; x_wconf 65' lang='lat' dir='ltr'>vid.</span> <span class='ocrx_word' id='word_1_386' title='bbox 1164 2673 1260 2703; x_wconf 86' lang='lat' dir='ltr'>nott.</span> <span class='ocrx_word' id='word_1_387' title='bbox 1291 2665 1340 2703; x_wconf 88' lang='lat' dir='ltr'>ad</span> <span class='ocrx_word' id='word_1_388' title='bbox 1359 2667 1404 2714; x_wconf 86' lang='lat' dir='ltr'>V,</span> <span class='ocrx_word' id='word_1_389' title='bbox 1425 2669 1473 2706; x_wconf 85' lang='lat'>31</span> <span class='ocrx_word' id='word_1_390' title='bbox 1510 2672 1547 2702; x_wconf 88' lang='lat' dir='ltr'>et</span> <span class='ocrx_word' id='word_1_391' title='bbox 1567 2665 1615 2703; x_wconf 88' lang='lat' dir='ltr'>de</span> <span class='ocrx_word' id='word_1_392' title='bbox 1634 2667 1716 2702; x_wconf 87' lang='lat' dir='ltr'>Da-</span> 
     </span>
     <span class='ocr_line' id='line_1_80' title="bbox 1058 2722 1714 2772; baseline -0.003 -13"><span class='ocrx_word' id='word_1_393' title='bbox 1058 2723 1113 2760; x_wconf 89' lang='lat' dir='ltr'>rio</span> <span class='ocrx_word' id='word_1_394' title='bbox 1153 2722 1426 2760; x_wconf 86' lang='lat' dir='ltr'>beneficiorum</span> <span class='ocrx_word' id='word_1_395' title='bbox 1473 2728 1714 2772; x_wconf 83' lang='lat' dir='ltr'>acceptorum</span> 
     </span>
     <span class='ocr_line' id='line_1_81' title="bbox 1058 2777 1712 2826; baseline -0.002 -9"><span class='ocrx_word' id='word_1_396' title='bbox 1058 2780 1156 2817; x_wconf 82' lang='lat' dir='ltr'>bene</span> <span class='ocrx_word' id='word_1_397' title='bbox 1176 2793 1346 2818; x_wconf 84' lang='lat' dir='ltr'>memore</span> <span class='ocrx_word' id='word_1_398' title='bbox 1364 2784 1460 2817; x_wconf 88' lang='lat' dir='ltr'>nott.</span> <span class='ocrx_word' id='word_1_399' title='bbox 1486 2777 1534 2816; x_wconf 80' lang='lat' dir='ltr'>ad</span> <span class='ocrx_word' id='word_1_400' title='bbox 1562 2778 1626 2826; x_wconf 88' lang='lat' dir='ltr'>VI,</span> <span class='ocrx_word' id='word_1_401' title='bbox 1646 2778 1712 2819; x_wconf 81' lang='lat'>30.</span> 
     </span>
    </p>
   </div>
   <div class='ocr_carea' id='block_1_16' title="bbox 1198 1311 1789 1363">
    <p class='ocr_par' dir='ltr' id='par_1_17' title="bbox 1198 1311 1789 1363">
     <span class='ocr_line' id='line_1_82' title="bbox 1198 1311 1789 1363; baseline 0.003 -13"><span class='ocrx_word' id='word_1_402' title='bbox 1198 1326 1288 1350; x_wconf 88' lang='lat' dir='ltr'>cum</span> <span class='ocrx_word' id='word_1_403' title='bbox 1317 1313 1432 1363; x_wconf 82' lang='lat' dir='ltr'>vulgo</span> <span class='ocrx_word' id='word_1_404' title='bbox 1461 1319 1556 1350; x_wconf 86' lang='lat' dir='ltr'>esset</span> <span class='ocrx_word' id='word_1_405' title='bbox 1576 1311 1718 1352; x_wconf 85' lang='grc' dir='ltr'><strong><em>ε’πεσον</em></strong></span> <span class='ocrx_word' id='word_1_406' title='bbox 1784 1341 1789 1351; x_wconf 67' lang='grc'><strong>.</strong></span> 
     </span>
    </p>
   </div>
  </div>
 </body>
</html>
