1806 3181
379 147 464 187 776

773 147 1235 187 HERODOTI

378 252 433 298 τά
473 265 553 310 σφι
582 254 820 310 ἐκβαίνειν,
860 255 1051 310 φανερός
1080 256 1169 300 ἐστι
1197 260 1418 314 Λεωνίδης
1447 258 1637 315 ἀποπέμ-

351 329 492 374 Ξπων,
521 323 592 364 ἴνα
622 321 679 378 μή
711 322 1006 379 συναπόληταί
1027 334 1118 379 σφι.
1176 323 1200 368 ὁ
1232 326 1306 378 δὲ,
1340 325 1640 383 ἀποπεμπόμε-

380 406 478 442 νος,
528 387 660 440 αὐτὸς
689 390 767 446 μὲν
796 387 881 433 οὐκ
910 389 1112 435 ἀπέλιπε·

1181 391 1265 436 ,τὸν
1313 393 1358 437 δὲ
1402 397 1537 438 παῖδα
1569 401 1695 438 συ-75

221 473 319 519 222
380 455 737 512 στρατευόμενον,
768 457 894 502 ἐόντα
924 461 967 503 οἱ
995 459 1288 515 μουνογενέα,
1318 458 1552 518 ἀπέπεμψε.
1585 463 1640 506 Οἱ

50 534 117 562 Son
137 535 309 565 retinentur

53 568 256 603 Thespienses
281 575 327 599 at-

384 525 463 581 μέν
504 541 590 568 νυν
637 524 854 582 σύμμαχοι
891 528 936 570 οἱ
978 525 1332 584 ἀποπεμπόμενοι
1380 529 1551 584 οἴχοντό
1596 546 1640 574 τε

54 603 327 639 que'rhebani2hi
384 591 594 646 ἀπιόντες,
624 594 698 636 καὶ
737 593 964 639 ἐπείθοντο
993 598 1206 653 Λεωνίδῃ.
1268 595 1466 648 Θεσπιέες
1494 597 1540 641 δὲ
1566 599 1641 642 καὶ

354 664 578 717 ΞΘηβαῖοι
617 661 873 717 κατέμειναν
906 667 1069 718 μοῦνοι
1094 662 1211 717 παρά
1246 666 1638 720 Λακεδαιμονίοισι.

381 728 552 773 τούτων
589 729 660 780 δὲ,
712 731 897 785 Θηβαῖοι
933 731 1012 786 μὲν
1042 729 1238 782 ἀέκοντες
1269 732 1448 787 ἔμενον,
1479 732 1553 775 καὶ
1582 731 1639 775 ου’
1651 740 1696 774 80

381 795 668 854 βουλόμενοι·
709 802 874 853 κατεῖχε
902 797 987 854 γάρ
1019 809 1154 854 σφεας
1183 801 1426 856 Λεωνίδης,
1459 799 1506 843 έν
1538 798 1642 855 ὁμή-

382 880 472 918 ρων
500 863 615 922 λόγῳ
645 865 923 922 ποιεύμενος·
958 867 1159 918 Θεσπιέες
1178 867 1234 920 δὲ,
1258 866 1427 918 ἑκόντες
1444 866 1642 922 μάλιστα·

384 935 427 976 οἳ
485 930 568 976 οὐκ
616 932 784 988 ἔφασαν
830 931 1111 985 ἀπολιπόντες
1154 935 1379 989 Λεωνίδην
1417 935 1491 978 καὶ
1538 937 1642 987 τούς

52 637 175 672 quidem
192 638 291 668 inviti.

219 1206 319 1250 223

380 997 466 1057 μετ’
523 998 663 1043 αὐτοῦ
720 999 1074 1053 ἀπαλλάξεσθαι,

1144 1001 1250 1046 ἀλλά
1309 1004 1643 1058 καταμείναντες

381 1067 702 1112 συναπέθανον.
730 1068 983 1126 ἐστρατήγεε
1013 1069 1058 1113 δὲ
1089 1069 1236 1113 αὐτῶν
1263 1071 1518 1126 Δημόφιλος
1539 1076 1698 1115 Δια-85

379 1135 561 1192 δρόμεω.

465 1203 643 1260 Ξέρξης,
682 1204 746 1256 δὲ,
777 1204 866 1248 ἐπεὶ
894 1203 1021 1261 ἡλίου
1051 1203 1355 1257 ἀνατείλαντος
1385 1205 1576 1257 σπονδὰς
1605 1205 1642 1250 έ-
1710 1219 1717 1226 ’

51 1272 233 1300 Acerrimum
257 1270 322 1299 lou-

48 1306 141 1341 gique
156 1308 301 1340 temporis

52 1339 213 1375 proelium.

326 1414 396 1452 sul.
435 1414 483 1450 ob
540 1413 827 1451 coniunctivum
890 1425 986 1454 συν-

328 1465 536 1520 απόληται.

365 1563 441 1589 ουκ
452 1544 635 1597 ἀπέλιπε]
645 1548 701 1584 Ita
711 1546 986 1598 cumSchwgh.

329 1612 366 1643 et
397 1604 515 1643 Gaisf.
542 1617 612 1655 pro
645 1600 852 1644 ἀπελίπετο
875 1604 987 1641 exhi-

326 1663 414 1710 bui,
433 1662 631 1712 probante,
651 1662 898 1711 VVesseling„
919 1663 986 1713 qui

327 1720 416 1755 citat
435 1719 516 1764 VII,
547 1720 644 1758 222.
664 1718 763 1764 Vm,
785 1720 851 1757 63.
890 1719 986 1754 Plu-

326 1773 447 1812 tarch.
477 1775 514 1810 II
541 1787 579 1824 p.
611 1776 690 1814 261
722 1774 765 1812 C.
802 1773 985 1811 Matthiae

327 1833 392 1869 Gr.
414 1833 480 1868 Gr.
497 1832 533 1876 ξ.
563 1829 658 1873 496,
682 1832 702 1870 1
725 1844 763 1881 p.
783 1831 862 1871 933
884 1838 985 1868 recte

281 1890 287 1896 ’
327 1888 435 1925 affert
456 1883 532 1926 οὐκ
554 1881 731 1933 ἀπέλιπε,
753 1886 986 1938 quodiuter-

327 1951 516 1994 pretatur:
562 1955 598 1979 er
627 1944 735 1992 gieng
759 1944 856 1980 nicht
889 1956 984 1992 weg3

325 2004 400 2051 ipse
429 2014 495 2037 non
536 1999 708 2036 discessit.
774 1999 859 2036 vid.
888 2002 986 2037 Lex.

326 2056 578 2106 Xenophont.
598 2057 615 2091 I
635 2068 723 2106 pag.
745 2055 826 2097 347
854 2057 985 2108 ibique

327 2111 539 2164 Cyropaed.
560 2113 607 2157 ΙΙ,
630 2115 653 2152 3
676 2113 712 2157 ξ.
733 2111 801 2152 24.
826 2113 892 2152 Cr.
916 2127 987 2149 ex-

328 2172 417 2206 citat
437 2167 713 2218 VVyttenbach.
727 2168 774 2205 ad
792 2169 986 2207 Plutarch.

328 2228 385 2262 De
413 2226 558 2261 virtuts.
588 2225 756 2260 mulierr.
788 2226 852 2272 (ΙΙ,
877 2228 918 2275 1)
947 2241 986 2276 p.

334 2280 712 2330 l7etPlat.Sy1npos.
726 2294 762 2329 p.
776 2284 855 2321 209
868 2281 987 2331 p.441

331 2337 473 2384 Bekk.‚
494 2337 560 2372 ubi
582 2335 715 2372 eadem
726 2343 991 2386 poteo-tateme-

332 2395 584 2434 ταλείπουσιν
607 2400 643 2429 et
663 2394 898 2433 κατελίπετο.

508 2505 602 2555 Cap.
623 2505 810 2542 ccxxn.

389 2592 575 2640 Θεσπιέες
613 2592 655 2633 δέ
690 2594 756 2634 καὶ
790 2597 986 2646 Θηβαῖοι]

332 2652 452 2688 Affert
481 2649 674 2692 Plutarch,
705 2654 740 2688 ΙΙ
774 2666 812 2702 p.
838 2653 919 2693 865
939 2654 988 2690 A.

333 2711 394 2754 B„
416 2721 493 2759 quo
524 2706 723 2745 refutando
755 2708 892 2746 diutius
913 2710 989 2745 im-

334 2765 474 2801 morari
494 2777 572 2801 uon
594 2765 779 2803 lubet.——
799 2766 910 2803 Solos
928 2780 990 2804 se-

1043 1427 1133 1451 cum
1142 1412 1354 1451 Leonidam
1379 1414 1574 1450 retinuisse
1588 1412 1699 1451 The-

1042 1472 1207 1521 spienses
1227 1477 1354 1507 narrat
1382 1469 1540 1507 Diodor.
1560 1472 1630 1519 XI,
1654 1473 1697 1512 9.

1042 1526 1226 1564 Herodoti
1244 1526 1439 1564 Thebanis
1471 1528 1699 1578 Mycenaeus

1043 1586 1234 1634 octoginta
1253 1585 1443 1621 substituit
1462 1585 1624 1622 Pausan.
1646 1585 1699 1632 X,

1042 1643 1095 1681 20
1117 1642 1154 1685 ξ.
1176 1643 1201 1679 2
1222 1647 1259 1676 et
1276 1641 1325 1686 II,
1350 1643 1400 1680 16
1423 1641 1458 1685 ξ.
1479 1638 1546 1679 4.“
1594 1640 1699 1677 Val-

1041 1696 1185 1733 ckena
1198 1709 1251 1733 er.
1276 1696 1343 1733 Cr.
1365 1709 1518 1747 quoque
1538 1696 1700 1733 conferri

1041 1754 1123 1789 vult
1141 1752 1415 1803 VVyttenbach.
1437 1752 1485 1789 ad
1505 1751 1698 1793 Plutarch.

1040 1810 1175 1846 Moral.
1195 1810 1224 1857 Ι,
1245 1811 1271 1848 2
1291 1822 1328 1859 p.
1352 1811 1472 1849 1182.
1521 1810 1566 1844 In
1593 1822 1700 1860 seqq.

1041 1879 1110 1916 pro
1142 1863 1312 1904 τουτέων
1354 1872 1391 1901 et
1427 1859 1580 1903 αὐτέων
1612 1865 1700 1902 dedi

1040 1917 1193 1962 τούτων
1226 1928 1263 1958 et
1298 1916 1445 1960 αὐτῶν.
1501 1920 1563 1958 Ad
1591 1923 1700 1959 locu-
1731 1917 1733 1919 ¹

1041 1980 1188 2016 tionem
1223 1977 1265 2016 ἒν
1294 1975 1454 2028 ὁμήρων
1485 1974 1587 2030 λόγῳ
1609 1993 1702 2018 ποι-

1043 2039 1177 2074 εῖσθαι
1210 2035 1310 2072 conf.
1345 2041 1440 2071 nott.
1461 2033 1510 2072 ad
1530 2035 1596 2083 111,
1620 2037 1700 2076 120

1042 2093 1129 2129 coll.
1152 2091 1245 2132 125.

1212 2181 1301 2231 Cap.
1327 2180 1533 2218 CCXXIII.

1101 2257 1218 2309 ’ἡλίου
1258 2254 1560 2306 ἀνατείλαντος]
1616 2259 1700 2295 Hoc

1045 2317 1183 2352 retinui
1213 2327 1302 2351 cum
1322 2312 1554 2364 Schweigh.,
1583 2314 1699 2352 Gaisf.

1046 2379 1083 2408 et
1102 2370 1294 2408 Bekkero.
1352 2371 1384 2406 E
1411 2369 1557 2407 duobus
1587 2369 1702 2408 codd.

1046 2427 1240 2464 Schaefer.
1262 2434 1298 2463 et
1327 2425 1460 2464 Matth.
1493 2426 1701 2466 ἐπανατεί-

1045 2486 1198 2531 λαντος,
1211 2484 1321 2535 quale
1333 2484 1524 2520 invenitur
1542 2485 1590 2531 II,
1607 2481 1700 2524 142.

1045 2542 1108 2586 111,
1129 2539 1196 2581 84.
1261 2539 1338 2576 Sed
1359 2541 1520 2577 alterum
1547 2552 1700 2591 quoque

1045 2604 1164 2633 exstat
1185 2597 1247 2643 lv,
1268 2596 1334 2637 40.
1355 2595 1422 2637 45.
1461 2597 1701 2633 Libatiouem

1046 2661 1173 2690 autem
1196 2654 1285 2689 fecit
1313 2666 1381 2688 rex
1408 2666 1476 2703 pro
1497 2654 1701 2690 Persarum

1045 2723 1150 2746 more
1183 2710 1315 2746 Solem
1345 2710 1530 2746 orientem
1562 2709 1699 2746 saluta-

1047 2773 1164 2814 turus,
1187 2773 1228 2804 ut
1251 2766 1443 2804 Zoroastri
1458 2765 1600 2803 serebat
1621 2765 1697 2801 lex.
