1834 3258
66 578 133 627 57

599 201 631 236 E
661 200 824 237 RAT
854 200 898 237 O.
958 201 1031 237 VI.

1366 201 1450 240 299

195 313 300 366 δρας
327 306 514 364 λογάδας
544 308 612 351 ἐπὶ
641 312 844 363 στρατιῆς
866 309 1108 363 φυλάσσειν
1130 304 1304 358 αὐτούς.
1342 323 1449 361 προ-

164 378 363 435 3βάτοισι
393 377 438 420 δὲ
466 381 656 432 χρᾶσθαι
686 376 732 419 έν
769 380 866 432 τῇσι
895 376 1105 432 ἐξοδίῃσι,
1155 374 1354 420 ὁκόσοισι
1393 376 1450 418 ἂν

192 441 254 488 ὦν
283 444 486 487 ἐθέλωσι·
528 448 617 486 τῶν
656 445 700 487 δὲ
727 444 960 498 θυομένων
989 443 1192 486 ἁπάντων
1221 444 1273 486 τοὶ
1303 443 1505 498 δέρμα-45

192 511 244 555 τά
273 528 317 556 τε
345 512 418 555 καὶ
447 511 499 555 τὰ
519 516 636 555 νῶτα
664 511 902 566 λαυβάνειν
928 511 1072 566 σφέας.
1127 515 1261 555 ταῦτα
1289 511 1367 591 μὲν
1395 511 1449 553 τά

191 579 438 636 ἐμπολέμια.

503 580 565 623 To?
604 580 649 623 δε
682 577 811 629 α’λλα,
861 578 915 621 τα
948 580 1168 634 εἰρηναῖα,
1207 597 1316 622 κατα
1352 580 1452 622 τάδε
1508 611 1609 638 beau.

192 660 272 703 σφι
309 646 492 691 δέδοται.
550 647 605 704 ἣν
657 647 821 701 θυσίην
876 662 940 696 τις
985 648 1196 703 δημοτελη
1243 647 1451 704 ποιέηται,

191 716 391 768 πρώτους
428 716 496 759 ἐπὶ
535 716 584 759 τὸ
625 717 803 759 δεῖπνον
842 714 1076 766 ἵζειντούς
1114 716 1336 775 βασιλέας·
1379 717 1453 757 καὶ

181 781 267 828 ἀπὸ
308 782 481 827 τούτων
518 786 696 839 πρῶτον
733 781 959 838 ἄρχεσθαι,
999 782 1205 839 διπλήσια
1244 784 1509 839 νέμονταςὸο

191 998 432 1056 προβατοισι
458 1000 501 1042 δὲ
542 1003 715 1054 χρᾶσθαι
752 1001 796 1043 ἕν

135 1062 227 1115 τῇσι
249 1059 451 1115 ἐξοδίῃσι]
493 1060 573 1096 Tot
608 1073 696 1097 oves
725 1058 795 1097 diis

134 1118 336 1153 immolare
373 1123 549 1167 poterant
585 1116 796 1166 Spartano-

134 1187 223 1210 rum
242 1186 348 1224 reges
362 1179 580 1225 ,quotquot
600 1174 690 1223 ipsis
710 1174 796 1224 pla-

134 1238 264 1267 cuerat
288 1243 357 1281 pro
390 1229 619 1267 sacerdotali
650 1231 715 1266 illa
735 1229 796 1266 dj-

135 1289 300 1338 gnitate,
332 1300 406 1338 qua
427 1300 490 1324 eos
512 1293 663 1323 ornatos
681 1287 795 1324 fuisse

135 1343 252 1381 modo
272 1343 450 1381 vidimus.
510 1344 611 1389 Quos
640 1343 796 1380 eosdem

136 1413 295 1438 omnem
332 1413 527 1438 sacrorum
568 1413 700 1437 curam
730 1414 798 1451 per

138 1459 350 1494 exercitum
367 1471 519 1494 summo
539 1458 624 1494 loco
641 1456 798 1494 habuis-

77 1514 87 1525 ⁸
135 1527 199 1560 se,
232 1527 280 1550 ex
300 1513 403 1551 hisce
423 1516 555 1562 sacris,
585 1527 606 1550 e
634 1515 797 1564 pellibus

135 1572 318 1623 collisque
338 1578 590 1608 mactatarum
619 1572 797 1608 victima-

135 1641 222 1664 rum
242 1629 371 1678 colligi
398 1629 479 1665 vult
508 1628 551 1664 C.
581 1628 626 1666 O.
645 1628 795 1670 Muner.

132 1685 226 1722 Dor.
254 1686 291 1721 II
319 1697 407 1735 pag.
448 1686 515 1724 99.
545 1706 597 1711 --
646 1683 796 1732 ἕξοδίαι

133 1748 221 1778 sunt
235 1741 380 1778 bellicae
391 1741 633 1790 expeditiones,
644 1748 686 1777 ut
698 1742 796 1778 bene

134 1804 268 1834 monet
290 1799 456 1834 Wessel.
492 1799 609 1834 citans
639 1799 708 1845 IX,
726 1801 796 1839 26.

135 1852 328 1904 Aristoph.
359 1855 460 1890 Nub.
491 1855 585 1895 579.
617 1854 742 1891 Strab.
762 1855 797 1892 V

135 1923 174 1960 p.
197 1912 278 1950 382
296 1910 332 1945 A
351 1923 381 1946 s-
400 1909 482 1949 249
506 1910 551 1947 Β.
573 1909 797 1960 Schweigh.

136 1967 227 2004 citat
245 1967 377 2002 Lexic.
399 1966 535 2016 Polyb.
556 1978 644 2016 pag.
666 1970 764 2007 230.

192 2019 240 2061 τὰ
265 2022 399 2070 νῶτα]
433 2021 550 2069 „Vid.
579 2021 688 2059 Iliad.
715 2023 797 2070 VII,

136 2081 214 2120 321
240 2085 276 2116 et
297 2079 397 2116 conf.
418 2079 586 2115 Dammii
604 2081 701 2116 Lex.
712 2081 796 2117 Ho-

135 2148 232 2172 mer.
252 2137 270 2170 Ι
288 2148 366 2186 pag
388 2137 496 2176 1565
516 2148 642 2186 supra,
685 2137 796 2173 Plato

137 2193 196 2228 De
225 2193 387 2243 Republ.
417 2192 450 2228 V
478 2205 517 2242 p.
548 2191 629 2233 468
650 2206 688 2243 p.
712 2193 791 2233 251

135 2247 263 2286 Bekk.
303 2256 339 2286 et
364 2248 473 2285 Bake
513 2247 562 2285 ad
600 2248 795 2286 Posidonii

137 2306 289 2359 Reliqq.
310 2320 349 2358 p.
372 2307 451 2346 139
471 2318 551 2357 seq.
564 2306 587 2325 ‘⁶
629 2305 797 2344 Creuz.

357 2407 449 2459 cap.
464 2409 581 2446 [ΝΗ.

197 2470 249 2525 ἢν
261 2474 412 2525 θυσίην
423 2489 481 2522 τις
502 2475 699 2527 δημοτελῆ
708 2490 799 2515 ποι-

140 2529 279 2580 έηται]
311 2531 461 2582 θυσίην
483 2532 679 2583 δημοτελῆ
709 2545 800 2569 cum

141 2588 184 2624 C.
207 2588 252 2625 O.
273 2588 421 2624 Mtiller.
450 2589 540 2626 Dor.
563 2590 599 2624 II
618 2602 706 2639 pag.
721 2592 800 2630 106

139 2657 219 2696 seq.
241 2643 288 2681 de
306 2645 465 2695 publicis
484 2645 654 2695 intelligo
673 2647 798 2694 sacris,

142 2714 240 2753 quae
267 2703 349 2753 quis
368 2702 520 2751 publice
541 2701 590 2738 ad
609 2701 683 2739 hoc
703 2715 799 2739 con-

141 2759 291 2795 stitutus
305 2788 314 2806 ‚
336 2759 494 2796 civitatis
515 2759 623 2810 quasi
641 2760 798 2796 nomine

142 2817 301 2866 peragit.
377 2817 510 2868 Neque
550 2815 652 2852 enim
692 2815 796 2868 quod

853 999 1073 1053 Schweigh.
1094 1002 1255 1053 placuit,
1285 1000 1412 1052 θυσίη
1435 1001 1510 1052 δη-

855 1056 1019 1110 μοτελὴς
1038 1060 1175 1109 poterit
1208 1059 1367 1109 intelligi
1392 1060 1509 1096 sacri.

851 1116 982 1153 ficium
1003 1128 1024 1151 a
1044 1117 1189 1166 privato
1202 1114 1360 1152 homine
1375 1116 1427 1151 ita
1445 1116 1509 1151 in-

851 1174 1037 1219 stitutum,
1058 1179 1102 1209 ut
1120 1173 1320 1223 populares
1339 1172 1403 1208 ille
1422 1185 1509 1209 suos

851 1230 914 1268 vel
944 1230 1100 1266 curiales
1133 1228 1182 1265 ad
1202 1230 1420 1266 convivium
1439 1241 1510 1266 vo-

853 1294 925 1323 cet.
982 1287 1116 1336 Magis,
1146 1287 1292 1336 opinor,
1313 1284 1390 1322 huc
1420 1285 1511 1321 facit

851 1342 1118 1380 Demosthenis
1156 1344 1261 1380 locus
1292 1355 1314 1378 a
1350 1343 1512 1398 VVJesse-

852 1401 971 1451 lingio
994 1401 1167 1447 allatus‚'
1157 1413 1196 1436 m
1217 1401 1352 1436 Neaer.
1372 1413 1410 1449 p.
1428 1401 1513 1439 739

857 1430 1079 1508 [Ρῗ1374,
1106 1460 1132 1497 2
1160 1455 1348 1510 Reisk.],
1377 1456 1444 1492 ubi
1463 1451 1512 1493 τοὶ

856 1511 942 1564 ἷερα
960 1528 1008 1552 τα
1030 1513 1226 1564 δηιιοτελῆ
1243 1519 1331 1549 sunt
1353 1509 1400 1550 τοὶ
1425 1507 1512 1562 ἱεροὶ

853 1586 900 1609 τα
917 1572 989 1620 τῆς
1004 1566 1173 1615 πόλεως·
1165 1600 1175 1618 .,
1196 1572 1365 1621 itemque
1377 1568 1513 1605 Philo-

852 1629 911 1664 nis
939 1629 1034 1677 Leg,
1057 1626 1106 1663 ad
1120 1627 1198 1664 Cai.
1217 1640 1306 1678 pag.
1330 1627 1512 1672 lOsslD·‚

852 1685 918 1721 ubi
948 1683 1079 1735 ἑορταὶ
1102 1684 1325 1734 δημοτελεῖς
1337 1682 1429 1733 festi
1449 1680 1514 1719 Iu-

851 1741 1015 1778 daeorum
1036 1741 1109 1778 dies
1134 1741 1220 1778 coll.
1243 1741 1352 1777 Stob.
1387 1740 1514 1776 Serm.

851 1798 995 1835 LXXH
1019 1810 1108 1848 pag.
1136 1795 1217 1838 445
1239 1798 1290 1833 T.
1308 1797 1362 1832 111
1390 1809 1429 1846 p.
1458 1797 1515 1836 86

852 1854 970 1891 Gaisf.
996 1860 1032 1890 et
1051 1852 1216 1903 Hesych.
1237 1867 1267 1890 s·
1287 1866 1324 1890 v.
1346 1853 1514 1902 δημοτε-

853 1913 903 1960 λῆ
931 1910 1023 1960 ibiq.
1052 1910 1197 1946 Albert.
1226 1910 1276 1946 T.
1310 1910 1329 1944 I
1357 1922 1395 1959 p.
1418 1909 1512 1948 933.

852 1967 1023 2003 Verbum
1041 1969 1172 2005 ποιεῖν
1192 1968 1328 2002 Nostro
1338 1965 1515 2016 frequens

854 2025 895 2060 in
915 2035 1109 2060 sacrorum
1128 2025 1347 2068 mentione3
1377 2029 1420 2058 ut
1449 2021 1514 2067 VI,

857 2081 950 2120 108-
978 2080 1048 2125 IX,
1072 2080 1136 2125 19,
1169 2080 1234 2115 ubi
1263 2085 1390 2116 noster
1407 2079 1514 2115 locus

852 2150 932 2173 non
963 2135 1061 2186 fugit
1081 2133 1414 2186 ‘VVe-sselingium‚
1449 2134 1515 2180 IV,

853 2190 921 2241 60,
940 2193 1007 2229 ubi
1026 2190 1290 2229 eodemmodo
1313 2191 1512 2243 ἕρδεσθαι.

851 2271 909 2278 -
944 2250 1048 2294 Quae
1068 2256 1280 2300 sequantui·
1310 2251 1399 2286 citat
1431 2250 1515 2284 Eu·-

855 2304 967 2343 stath.
989 2305 1037 2343 ad
1069 2305 1202 2358 Odyss.
1223 2320 1262 2357 p·
1288 2307 1407 2352 1576,
1437 2305 1463 2345 4
1484 2319 1514 2341 s·

857 2365 951 2411 279,
974 2365 1026 2403 33
1048 2375 1136 2414 pag.
1163 2362 1283 2409 1482,
1299 2365 1352 2402 20
1367 2375 1397 2399 S.
1421 2359 1513 2404 148,

858 2422 924 2460 36.
955 2441 1011 2447 ——
1041 2418 1225 2471 βασιλέας
1256 2426 1294 2455 et
1323 2416 1517 2469 βασιλέων

858 2475 947 2512 dedi
967 2489 1035 2527 pro
1056 2477 1250 2527 βασιληας
1263 2482 1300 2512 et
1313 2471 1517 2526 βασιληων

858 2534 1037 2596 itemque
1051 2528 1204 2572 τούτων
1223 2545 1292 2583 plo
1313 2530 1499 2570 τουτέων.

916 2584 1105 2640 διπλησια
1133 2588 1324 2640 νέμοντας
1347 2586 1516 2640 ἑκατέρω

857 2661 905 2685 τα
924 2642 1054 2685 πάντα
1073 2661 1111 2685 κ.
1132 2661 1162 2685 τ.
1182 2646 1246 2694 λ.]
1274 2647 1356 2681 Ηοο
1377 2645 1428 2680 ita
1452 2644 1515 2679 in-

857 2702 1129 2753 telligendum,
1169 2709 1212 2739 ut
1242 2702 1393 2752 utrique
1434 2701 1513 2750 regi

856 2759 1049 2810 duplicem
1070 2771 1226 2804 eorum,
1257 2770 1356 2810 quae
1382 2758 1516 2805 siugu—

855 2817 901 2862 lis
921 2816 1117 2868 Spartanis
1137 2816 1353 2866 obtigeriut‚
1371 2815 1516 2866 portio-

1562 582 1653 610 mque
1695 575 1748 604 ha-
