1870 3249
0 660 64 707 18
130 653 202 697 ἐπὶ
231 653 309 710 τὴν
341 654 520 709 Καρίην.

381 202 1039 242 TERPSICHORE.
1098 201 1143 238 V.

1316 200 1397 240 221

134 314 380 371 Λάμψακον
409 313 478 356 καὶ
516 311 710 366 Παισόν·
738 310 898 361 ταύτας
917 311 995 366 μὲν
1025 308 1094 354 ἐπ’
1115 307 1273 367 ἡμέρης
1303 307 1398 351 ἑκά

106 391 239 439 Ξστης
268 383 394 435 αἵρεε.
437 379 522 424 ἀπό
558 381 603 424 δὲ
642 383 818 422 Παισοῦ
856 379 1086 423 ἐλαύνοντί
1126 380 1170 422 οἱ
1210 377 1277 421 ἐπὶ
1308 375 1398 420 Ποῖ-

130 467 229 505 ριον
257 448 405 502 πόλιν,
437 443 544 504 ἦλθε
565 447 758 504 ἀγγελίη,
803 447 906 498 τούς
937 450 1086 501 Κᾶρας
1115 445 1258 490 τώυτὸ
1275 443 1398 487 Ἴωσι

105 517 472 574 3φρονήσαντας,
512 514 748 560 ἀπεστάναι
789 514 873 558 οἷπὸ
914 517 1131 569 Περσέων.

1192 514 1399 567 ἀποστρὲ-
1412 519 1455 553 85

131 591 219 636 ψας
246 580 310 628 ὦν
337 585 386 628 ἐκ
414 587 496 629 τοῦ
519 582 863 640 Ἑλλησπόντου,
913 582 1075 639 ἤλαυνε
1103 582 1182 626 τόν
1211 580 1400 636 στρατὸν

580 654 667 695 Καί
695 669 782 703 κως
811 655 947 694 ταῦτα
972 655 1087 694 τοῖσι
1108 652 1251 704 Καρσὶ
1280 651 1399 706 ἐξαγ-

126 721 264 777 γέλθη
304 721 522 776 πρότερον
561 721 665 775 πρὶν
705 719 733 776 ἦ
769 719 848 764 τὸν
878 721 1109 775 Δαυρίσην
1150 718 1396 764 ἀπικέσθαι.

67 898 229 934 milliare
254 911 377 934 unum
406 904 594 934 remotam
614 898 733 934 meri-

68 953 172 991 diem
199 968 327 992 versus
362 953 411 991 ad
430 956 500 991 rivi
520 954 730 1002 cuiusdam,

70 1024 188 1063 quem
226 1013 385 1048 Homeri
422 1010 617 1048 Rhodium
653 1025 732 1048 esse

68 1068 226 1116 volunt,
277 1070 384 1107 ostia.
451 1070 562 1105 Nunc
600 1070 731 1105 vicum

69 1123 227 1173 Nagara
265 1126 305 1161 in
353 1126 587 1175 prominenti
622 1127 730 1176 apice

66 1188 303 1219 exstructum
323 1181 454 1218 dicunt
475 1183 609 1233 eoipso
630 1183 728 1231 loco,

65 1251 142 1290 quo
162 1246 270 1276 vetus
289 1237 450 1290 Abydus
471 1240 541 1275 fuit
561 1241 642 1276 sita.
671 1241 728 1276 Ita

61 1302 163 1332 certe
192 1297 315 1332 Kruse
345 1297 370 1332 l.
401 1296 427 1332 l.
455 1309 543 1347 pag.
569 1299 636 1337 72.
658 1300 726 1338 73,

18 1377 21 1378 ν
60 1352 178 1389 Plura
198 1351 428 1390 Tzschucke
450 1355 490 1389 in
511 1360 607 1390 nott.
631 1366 725 1390 exe—

60 1416 153 1459 gett.
184 1408 233 1446 ad
261 1411 350 1446 Mel.
381 1412 411 1457 Ι,
446 1412 494 1450 19
528 1411 564 1455 ξ.
590 1413 608 1449 1
632 1424 720 1461 pag,

60 1464 141 1507 548
163 1467 246 1503 Vol.
268 1469 321 1503 111
341 1468 385 1503 P.
397 1468 428 1503 I.
458 1468 647 1506 Mannert.
659 1469 722 1515 VI

60 1524 85 1562 3
114 1536 153 1573 Ρ.
185 1522 280 1564 512.
340 1525 444 1560 Intra
472 1523 657 1575 Abydum
679 1538 722 1561 ac

58 1580 316 1630 Lampsacum
325 1581 441 1631 vulgo
451 1583 606 1632 ponitur
614 1580 724 1633 Περ-

59 1631 192 1686 κοίτης
223 1645 260 1674 et
298 1637 487 1689 oppidum
515 1645 552 1675 et
571 1638 722 1687 fluvius,

60 1694 128 1745 qui
146 1694 193 1730 ab
216 1695 295 1731 aliis
312 1702 469 1733 vocatur
479 1692 720 1747 Περκῶπης.

59 1751 172 1789 Conf.
202 1752 360 1789 Homer.
388 1751 496 1789 Iliad.
530 1753 598 1800 XI,
639 1755 720 1793 229

57 1806 150 1858 ibiq.
169 1808 343 1847 Eustath.
366 1809 547 1846 strabon.
566 1811 659 1846 XIII
681 1823 720 1860 p.

59 1862 142 1904 590
169 1865 215 1900 B.
245 1878 275 1904 s.
306 1868 386 1906 883
417 1866 465 1902 A.
507 1866 721 1904 casaubon.

60 1925 98 1956 et
127 1918 480 1971 Schweighaeuser.
502 1922 551 1959 ad
576 1922 721 1960 Athen.

58 1976 343 2015 Animadverss.
375 1979 424 2014 Τ.
453 1980 471 2015 Ι
501 1992 589 2030 pag.
622 1982 719 2021 223.

57 2031 154 2073 499.
176 2035 366 2072 Mannert.
385 2035 449 2081 VI,
471 2039 495 2076 3
517 2049 604 2087 pag.
623 2037 718 2077 517.

56 2089 115 2125 De
124 2089 323 2141 Lampsaco
342 2099 470 2129 nostra
495 2101 618 2130 aetate
640 2092 719 2130 dis-

54 2148 204 2196 putavit
232 2148 432 2186 castellan.
470 2150 616 2187 Lettres
655 2163 720 2187 sur

53 2203 92 2239 la
112 2204 235 2241 Grece
257 2213 328 2242 etc.
349 2206 473 2255 (Paris
495 2207 619 2258 1811)
640 2208 659 2242 I
677 2221 717 2258 p.

53 2261 105 2299 71
132 2274 238 2314 seqq.
272 2264 353 2303 112
373 2276 480 2315 seqq.
512 2266 588 2304 119
609 2277 716 2316 seqq·

54 2315 161 2361 Quae
191 2319 279 2356 urbs
300 2319 349 2356 ad
369 2321 608 2371 Hellesponti
629 2323 715 2357 exi-

52 2378 136 2410 tum
156 2375 224 2411 sita
229 2389 313 2427 ‚aqu
305 2375 327 2412 a
345 2378 575 2429 pleiumque
588 2385 715 2416 trans-

49 2429 123 2467 itus
145 2444 193 2468 ex
204 2433 385 2484 Europa
374 2447 413 2471 m
434 2435 566 2471 Asiam
586 2434 713 2483 fiebat,

50 2487 143 2524 olim
164 2489 412 2527 celeberrima
423 2491 495 2528 fuit
516 2498 630 2543 atque
651 2494 713 2530 vel

48 2544 354 2595 Byzantinorum
375 2554 495 2585 aetate
520 2548 713 2586 florentis-

48 2602 157 2649 sima,
179 2603 218 2638 in
239 2604 346 2640 cuius
357 2604 487 2641 locum
503 2618 606 2644 nunc
627 2619 711 2643 ces-

47 2658 137 2695 sisse
148 2658 359 2710 Lampsaki,
371 2661 500 2698 vicum
515 2663 714 2712 exiguum,

49 2715 166 2765 vulgo
196 2716 373 2764 tradunt,
403 2718 496 2765 nisi,
531 2732 628 2769 quae
659 2727 714 2757 est

50 2771 266 2819 Castellanii
275 2775 474 2821 sententia,
485 2777 714 2812 vetusLam-

49 2840 184 2878 psacus
204 2843 248 2867 eo
269 2831 354 2869 loco
375 2832 501 2880 iacuit,
515 2844 591 2884 quo
608 2846 711 2870 nunc

789 897 893 932 vicus
914 894 1108 933 Tchardak
1130 892 1451 941 invenitur‚haud

787 954 921 1003 procul
941 966 961 988 a
980 951 1188 1003 Lampsaki
1208 953 1451 1003 septemtrio-

787 1023 879 1045 nem
895 1022 1024 1046 versus
1046 1009 1093 1046 acl
1114 1022 1232 1046 mare.
1290 1009 1376 1046 Vid.
1397 1009 1449 1047 ib.

786 1079 875 1116 pag.
901 1064 980 1106 134
1001 1079 1106 1118 seqq.
1166 1067 1232 1102 ubi
1253 1068 1367 1102 etiam
1389 1073 1449 1102 ta-

786 1123 876 1159 bula
897 1124 974 1158 aeri
992 1124 1123 1171 incisa,
1155 1136 1253 1174 quae
1273 1121 1373 1159 hanc
1385 1136 1449 1159 re-

785 1182 943 1230 gionem
964 1179 1132 1228 exhibet,
1146 1179 1309 1217 additur.
1331 1181 1449 1216 Plura

786 1236 931 1273 dabunt
951 1239 1082 1274 VVass.
1105 1237 1153 1274 ad
1180 1236 1360 1288 Thucyd.
1383 1238 1447 1285 Vl,

784 1294 837 1335 59
872 1295 1035 1345 (Poppo
1066 1293 1115 1331 ad
1145 1293 1327 1345 Thucyd.
1354 1296 1385 1342 Ι,
1421 1296 1448 1334 2

780 1364 820 1401 p.
841 1349 941 1403 436)
973 1351 1204 1389 Tzschucke
1235 1351 1282 1388 ad
1301 1353 1392 1389 Mel.
1413 1352 1442 1388 l.

780 1409 805 1445 l.
826 1421 913 1459 pag.
937 1407 1018 1449 549
1039 1410 1168 1461 ibique
1193 1416 1366 1446 veterum
1387 1416 1448 1446 te-

779 1466 971 1502 stimonia.
1037 1466 1152 1503 Haud
1183 1467 1318 1517 procul
1355 1465 1446 1503 inde

780 1523 966 1558 orientem
994 1537 1122 1561 versus
1153 1522 1289 1561 Paesus
1308 1523 1446 1560 fluvius

778 1580 820 1614 in
850 1592 958 1616 mare
985 1582 1087 1628 exit,
1120 1580 1169 1617 ad
1200 1594 1319 1633 quem
1353 1580 1446 1618 Pae-

779 1649 838 1673 sus
876 1637 965 1673 urbs
997 1651 1018 1674 a
1048 1638 1202 1675 Milesiis
1232 1637 1386 1675 condita
1407 1645 1445 1675 et

780 1692 870 1729 dein
889 1707 910 1730 a
931 1695 1202 1745 Lampsacenis
1223 1694 1359 1744 diruta,
1381 1697 1444 1732 in-

779 1751 870 1787 colis
890 1753 1146 1803 Lampsacum
1177 1753 1441 1803 migrantibus.

777 1806 865 1844 Vid.
895 1809 1085 1847 Mannert.
1105 1810 1168 1857 VI,
1191 1813 1214 1850 3
1236 1822 1323 1860 pag.
1346 1811 1442 1851 520.

778 1864 814 1899 A
835 1866 955 1902 Paeso
989 1868 1178 1903 orientem
1207 1879 1336 1903 versus
1367 1865 1443 1903 Pa-

776 1924 869 1958 rium
890 1922 1076 1972 oppidum
1096 1924 1281 1960 aMilesiis
1298 1935 1342 1959 eo
1363 1923 1442 1959 fere

777 1977 862 2014 loco
875 1986 1124 2027 exstructum,
1147 1993 1223 2031 quo
1235 1993 1337 2016 nunc
1348 1993 1441 2030 por-

775 2040 860 2071 tum
882 2049 961 2073 esse
983 2035 1115 2074 dicunt
1134 2038 1320 2075 Kamares.
1353 2035 1441 2074 Vid.

774 2093 966 2130 Mannert.
980 2095 1043 2142 VI,
1058 2097 1082 2135 3
1098 2107 1187 2145 pag.
1201 2094 1296 2135 521.
1319 2094 1441 2130 Creu-

776 2163 854 2187 zer.
873 2151 913 2186 in
944 2151 1167 2201 fragmentt.
1187 2149 1378 2192 historico.
1399 2165 1436 2202 p.

779 2208 872 2247 119.
894 2207 1115 2246 Tzschuck.
1136 2209 1162 2245 l.
1184 2209 1209 2245 l.
1231 2221 1319 2259 pag.
1342 2208 1439 2250 551.

830 2259 978 2312 ταύτας
1001 2263 1074 2316 μὲν
1090 2260 1148 2305 ἐπ’
1171 2263 1323 2316 ’ἡμέρης
1342 2261 1439 2304 ἑκά-

774 2331 867 2371 στης
887 2321 1020 2371 αἵρεε]
1053 2323 1160 2368 Quae
1180 2330 1282 2359 recte
1301 2323 1354 2359 sic
1371 2334 1437 2358 ac-

771 2379 872 2428 cepit
893 2377 1249 2431 Schweighaeuser.
1279 2380 1320 2416 in
1340 2380 1436 2415 Lex.

770 2434 914 2472 Herod.
945 2436 1070 2474 harum
1098 2437 1237 2475 urbium
1271 2436 1438 2485 singulas

769 2492 924 2541 singulis
941 2496 1031 2544 cepit
1053 2494 1187 2532 diebus.
1208 2515 1265 2521 —
1293 2493 1356 2530 Ad
1376 2494 1437 2529 lo-

771 2551 968 2587 cutionem
1001 2547 1129 2590 ταῖυτὸ
1157 2555 1327 2602 φρονεῖν
1359 2547 1437 2600 (ea-

771 2605 848 2643 dem
885 2607 1035 2645 consdz‘a
1067 2620 1199 2658 capere,
1243 2609 1436 2644 consentire

770 2675 848 2700 cum
867 2664 967 2713 alio)
998 2665 1101 2702 conf.
1123 2666 1173 2709 V,
1195 2667 1262 2705 72-

960 2721 1051 2772 Cap.
1074 2722 1245 2758 CXVIII.

824 2773 1021 2830 πρότερον
1045 2777 1141 2829 πρὶν
1183 2794 1276 2828 η-
1296 2772 1435 2817 α’πικέ-

769 2833 896 2885 σθαι]
937 2833 1034 2887 πρὶν
1060 2835 1164 2871 abest
1196 2847 1217 2871 a
1246 2833 1434 2883 Mediceo,

1457 311 1565 340 ditioni
1588 313 1734 341 restItue-

1455 356 1493 407 ἑῇ
1499 356 1517 406 (1Ι
1519 347 1568 407 iiai
1573 347 1716 409 [igal-:gd

1456 414 1638 454 rebellione.
1651 416 1691 448 [e.

1457 448 1515 474 103.
1519 449 1545 482 ],
1566 448 1596 474 in
1609 449 1731 476 Cariam

1457 481 1602 509 deflectit.
