1815 3181
276 633 336 676 13

62 1307 144 1335 Situs
163 1308 330 1336 Paeoniae:

61 1341 199 1369 Paeones
218 1343 297 1369 Teu-

61 1384 176 1403 crorum
198 1376 302 1405 coloni.

403 191 459 230 20

803 187 1264 223 HERODOTI

405 296 591 340 ὄπισθεν
623 296 810 337 εἵποντο.
852 293 879 349 ἡ
910 293 955 337 δὲ
984 292 1076 337 ἐπεί
1104 310 1147 336 τε
1177 293 1353 337 α’πίκετο
1387 294 1455 338 ἐπὶ
1483 294 1562 338 τόν
1581 311 1657 338 πο-

399 363 563 418 ταμὸν,

597 357 701 417 ἦρσε
730 360 806 403 τὸν
835 362 990 404 ἵππον·
1032 361 1204 415 ἄρσασα
1234 362 1303 412 δὲ,
1343 363 1416 406 καὶ
1445 361 1494 405 τὸ
1526 362 1657 418 ἄγγος

402 435 483 474 τοῦ
507 431 666 479 {maros
686 428 1011 485 ἐμπλησαμένη,
1041 430 1120 484 τὴν
1144 428 1284 485 αὐτήν
1307 428 1416 473 ὁδόν
1437 429 1653 486 παρεξήϊε,

397 499 593 553 φέρουσα
623 496 671 539 τό
702 494 823 550 ὕδωρ
856 497 925 540 ἐπὶ
954 500 1029 552 τῆς
1059 501 1276 553 κεφαλῆς,
1315 498 1387 540 καὶ
1419 497 1658 541 ἐπέλκουσα

396 567 443 609 ἐκ
483 568 562 608 τοῦ
602 565 834 619 βραχίονος
870 563 949 607 τόν
989 565 1144 614 ἵππον,
1183 565 1255 608 καὶ
1294 566 1545 621 στρέφουσα
1585 564 1716 608 τὸν4ο

395 631 620 685 ἄτρακτον.

394 700 439 743 ἐκ
469 703 552 742 τῶν
582 698 870 742 κατασκόπων
881 731 892 750 ,

684 628 938 685 Θωυμᾶζων
969 631 1015 675 δὲ
1046 631 1069 675 6
1105 636 1293 687 Δαρεῖος
1321 632 1373 675 τά
1414 649 1458 675 τε
1498 631 1657 689 ἤκουσε

933 699 1006 742 καὶ
1035 699 1086 743 τὰ
1118 699 1247 750 αὐτὸς
1279 695 1393 753 ὅρα,

1434 698 1554 754 ἄγειν
1584 697 1657 742 αὖ·

393 765 468 821 τὴν
498 766 662 809 ἐκέλευε
692 766 841 824 ἑωυτῷ
871 766 914 817 ές
942 765 1059 819 ὄψιν.
1096 767 1158 818 ὥς
1198 768 1244 811 δὲ
1276 763 1417 825 ἄχθη,
1451 771 1654 823 παρῆσαν

364 834 469 876 Quod
501 835 543 875 οἱ
562 831 767 889 ἀδελφεοὶ
798 832 942 890 αὐτῆς,
973 835 1028 879 οὔ
1049 853 1123 896 κῃ
1127 833 1652 918 uQQ'xov-

390 917 457 951 τες
484 899 662 943 τούτων.
715 902 1006 955 εἰρωτέωντος
1037 904 1082 947 δὲ
1111 907 1192 947 τοῦ
1221 905 1410 957 Δαρείου
1451 902 1708 958 ὁποδαπὴζιῧ

363 969 471 1023 3είη,
503 967 673 1022 ἔφασαν
694 971 737 1012 οἱ
758 971 979 1025 νεηνίσκοι
1010 969 1121 1013 εἶναι
1149 974 1351 1023 Παίονες,
1383 972 1456 1013 καὶ
1486 971 1652 1023 ἐκείνην

387 1034 499 1078 εἶναι
530 1036 678 1091 σφέων
709 1036 936 1094 οἷδελφεὴν.
979 1037 1002 1081 6
1033 1037 1075 1082 δ’
1107 1037 1328 1094 ἀμείβετο·
1361 1041 1501 1089 ,,τίνες
1531 1039 1578 1082 δὲ
1608 1040 1652 1081 οἱ

388 1108 604 1158 ,,Παίονες
645 1103 882 1159 ἄνθρωποί
921 1108 1026 1157 εἰσι,
1063 1107 1136 1149 καὶ
1179 1111 1262 1149 κοῦ
1290 1110 1370 1162 γῆς
1413 1106 1648 1162 οἰκημένοι,

359 1175 494 1226 4,,καὶ
523 1177 564 1217 τί
593 1178 728 1217 κεῖνοι
755 1174 978 1224 ἐθέλοντες
1009 1173 1182 1217 ἔλθοιεν
1212 1174 1254 1225 ἐς
1283 1172 1494 1228 Σάρδις.“
1534 1176 1577 1217 οἱ
1604 1176 1650 1217 δέ

388 1243 432 1284 οἱ
454 1242 654 1296 ἔφραζον,
689 1239 746 1293 ὥς
775 1242 979 1293 ,,έ’λθοιεν
1008 1241 1087 1296 μὲν
1110 1242 1258 1300 ἐκείνῳ
1279 1242 1493 1291 δώσοντες
1514 1241 1650 1297 σφέας

389 1308 581 1361 ,,αυ’του’ς
599 1324 605 1331 ·

387 1381 535 1436 „vaitei
566 1376 854 1434 πεπολισμένη
869 1391 879 1400 ·

329 1549 499 1587 Eustath.
511 1550 559 1588 ad
567 1549 673 1588 mad.
685 1565 723 1601 p.
737 1553 831 1597 707,
842 1554 890 1592 31
907 1565 936 1588 S·
949 1566 987 1602 p·

331 1607 424 1653 591,
443 1610 494 1648 36
509 1606 663 1644 exhibet
678 1603 788 1657 ἦρδε,
800 1607 903 1659 quod
919 1621 989 1644 ex-

329 1663 443 1713 plicat
456 1660 639 1711 ἒπότιζεν,
659 1663 839 1715 quodque
860 1666 988 1715 ipsum

330 1721 480 1769 vulgato
517 1734 596 1757 nou
629 1719 792 1757 deterius
843 1720 988 1758 iudicat

328 1775 527 1824 Vale-ken„
563 1790 685 1829 quum
706 1774 840 1827 ἐίρὸειν
863 1778 986 1826 (cuius

328 1832 410 1869 loco
431 1834 580 1870 Aeliau.
608 1834 633 1870 1.
655 1834 680 1870 1.
701 1832 817 1870 habet
839 1834 893 1880 εἰς
916 1831 986 1883 ἆρ-

330 1889 438 1927 δείαν
453 1887 561 1941 ἄγειν
577 1894 700 1940 potum
719 1890 840 1939 agere)
862 1891 985 1926 multo

329 1946 374 1980 sit
394 1947 563 1982 usitatius
585 1959 701 1997 quam
724 1944 857 1995 ἅρσαι.
905 1948 984 1983 Nec

329 1999 498 2051 displicet
519 2000 590 2038 hoc
607 2001 984 2052 Schweighaeusero.

330 2057 380 2092 Ut
408 2064 535 2093 autem
562 2057 599 2094 h.
632 2059 657 2095 l.
687 2055 822 2109 ἄρδειν
863 2061 985 2096 activa

330 2113 605 2161 significatione
619 2114 715 2150 valet
731 2118 850 2164 potum
868 2128 985 2164 agere,

331 2169 381 2204 ita
403 2166 597 2220 ἄρδεσθαι
618 2170 727 2206 bibere
745 2171 827 2217 VII,
853 2174 947 2211 109,

549 2226 639 2276 Cap.
662 2227 766 2263 XIII.

390 2277 616 2330 Θωυμάζων
654 2279 696 2320 δὲ
729 2280 753 2321 6
788 2284 981 2333 Δαρεῖος]

331 2337 488 2372 Restitui
508 2335 744 2386 θωυμάζων,
767 2351 786 2374 a
802 2339 982 2390 Schwgh.

331 2399 366 2427 et
379 2392 493 2428 Gaisf.
514 2400 702 2429 mutatum
722 2396 759 2429 in
773 2393 985 2445 θωμάζων.

331 2449 375 2483 In
395 2461 500 2500 seqq.
536 2462 555 2484 e
578 2450 794 2516 Florentino
816 2465 902 2488 cum
924 2466 986 2488 re-

333 2511 447 2541 ceutt.
476 2505 623 2556 scripsi.
665 2522 684 2544 ο
698 2503 723 2545 ὕ
759 2522 781 2545 κ
797 2522 818 2560 ῃ
849 2506 984 2559 πρόσω

333 2558 503 2610 σκοπιήν
539 2561 690 2611 ἔχοντες
716 2558 891 2610 τούτων,
919 2565 985 2601 ubi

333 2617 605 2667 Wesselingius
626 2617 779 2654 dederat
804 2635 823 2657 ο
836 2615 862 2657 v’
873 2635 895 2658 κ
909 2619 922 2658 ὶ
946 2628 981 2657 et

329 2686 397 2710 ῑου
410 2688 428 2711 τ
440 2672 457 2711 έ
467 2689 496 2712 ω
510 2689 543 2720 ν,
556 2686 727 2720 monens,
744 2673 861 2711 videri
874 2677 982 2712 locu-

331 2729 473 2765 tionem
510 2728 558 2766 ad
588 2731 833 2766 Homericum
861 2731 979 2768 illud:

323 2783 470 2831 Ἠέλιος
502 2781 578 2837 γάρ
618 2785 659 2825 οἷ
688 2784 859 2838 σκοπιὴν
896 2787 980 2838 ἔχεν

649 1311 713 1365 εἰή
750 1309 795 1353 δὲ
835 1309 862 1365 ἡ
896 1311 1085 1366 Παιονίη
1119 1310 1188 1353 ἐπὶ
1226 1314 1286 1367 τῷ
1317 1307 1544 1364 Στρυμόνι
1571 1315 1707 1351 azo-50

921 1376 944 1420 6
976 1378 1021 1422 δὲ
1050 1377 1272 1433 Στρυμών
1302 1376 1356 1420 οὐ
1387 1377 1539 1432 πρόσω
1568 1380 1651 1420 τοῦ

1046 1550 1179 1603 Odyss.
1193 1552 1292 1598 VIII,
1307 1554 1388 1591 302
1399 1558 1628 1602 expressam.
1638 1552 1704 1588 Iti-

1046 1607 1136 1644 dem
1147 1608 1284 1644 refinxi
1295 1605 1492 1658 ὁποδαπή,
1504 1621 1593 1645 cum
1603 1607 1705 1659 apud

1046 1663 1296 1701 Schaeferum
1337 1672 1431 1700 esset
1463 1662 1665 1731 οποδαπῄ.

1100 1721 1203 1767 τίνες
1227 1719 1269 1759 δὲ
1294 1720 1335 1760 οἱ
1350 1721 1481 1759 Παίοι
1474 1735 1524 1766 ες
1544 1718 1705 1773 ἅνθρω-

1043 1777 1114 1816 ποί
1145 1777 1220 1816 εἰσι
1248 1793 1315 1816 και
1340 1780 1415 1816 κοῦ
1441 1779 1514 1827 γῆς
1542 1776 1703 1826 οἰκημέ-

1043 1849 1108 1872 νοι
1130 1833 1198 1872 καὶ
1225 1835 1262 1872 τί
1275 1848 1398 1872 κεινοι
1412 1848 1446 1871 κ.
1462 1848 1493 1871 τ.
1507 1834 1559 1881 λ.]
1582 1834 1703 1870 Simi-

1041 1890 1095 1926 les
1116 1890 1195 1926 fere
1214 1891 1529 1939 interrogationes
1551 1896 1701 1927 exstant

1039 1948 1069 1994 1,
1091 1947 1158 1987 35.
1178 1947 1244 1992 ΠΙ,
1270 1947 1362 1993 156,
1384 1947 1448 1982 ubi
1478 1946 1580 1983 conf.
1604 1953 1700 1983 nott.

1099 2002 1159 2053 εἴη
1196 2000 1238 2041 δὲ
1276 2001 1304 2053 ἦ
1345 2003 1520 2052 Παιονίη
1553 2001 1618 2042 ε’πὶ
1645 2004 1702 2055 τῷ

1043 2055 1245 2110 Στρυμόνι
1275 2061 1443 2112 ποταμῷ
1467 2058 1702 2109 πεπολισμέ-

1043 2116 1123 2165 νη]
1176 2115 1274 2152 Citat
1312 2113 1407 2151 haec
1446 2114 1620 2151 Eustath.
1651 2114 1700 2152 ad

1041 2171 1149 2208 Iliad.
1179 2185 1218 2222 p.
1249 2171 1342 2217 359,
1376 2174 1429 2212 37
1458 2184 1487 2207 S.
1509 2174 1602 2218 272,
1631 2174 1700 2213 22.

1040 2229 1271 2277 VVesseling.
1304 2225 1365 2264 hic
1397 2234 1498 2263 recte
1523 2228 1700 2278 iutelligit

1040 2285 1250 2321 Paeoniam
1270 2283 1533 2335 Strymoniam
1555 2285 1700 2322 urbibus

1040 2343 1250 2378 instructam
1270 2344 1302 2377 et
1326 2341 1550 2386 distinctam,
1580 2342 1698 2378 citans

1041 2393 1175 2447 χώραν
1193 2397 1365 2442 πολίζειν
1395 2395 1498 2447 apud
1517 2397 1697 2434 Strabon.

1040 2455 1128 2490 VIII
1147 2468 1186 2504 p.
1208 2452 1286 2494 364
1301 2454 1346 2489 D.
1359 2466 1388 2489 s·
1399 2465 1486 2504 pag.
1507 2453 1602 2494 560.
1631 2455 1698 2490 Tu

1040 2509 1118 2547 vid.
1140 2517 1236 2546 nott.
1259 2508 1306 2545 ad
1327 2508 1509 2546 Herodot.
1529 2509 1592 2557 IV,
1617 2511 1695 2550 108

1043 2574 1079 2603 et
1100 2565 1196 2603 adde
1216 2567 1264 2602 sis
1283 2565 1328 2611 V,
1342 2566 1408 2606 52·
1429 2564 1588 2614 VII‚59,
1603 2567 1694 2612 108,

1043 2624 1134 2662 199.
1201 2624 1334 2673 Neque
1364 2620 1439 2659 huc
1467 2621 1555 2658 facit
1591 2620 1695 2688 quod

1037 2679 1234 2728 Appianus
1255 2679 1357 2729 Illyr.
1381 2681 1434 2719 22
1458 2677 1609 2714 scribit:
1642 2672 1693 2716 ου’

1037 2730 1172 2780 πόλεις
1193 2731 1333 2802 ᾠκουν
1351 2734 1392 2773 οἱ
1412 2733 1599 2780 Παίονες,
1613 2727 1695 2771 αλλ’

1035 2785 1183 2841 ἄγρους
1210 2788 1238 2841 ἢ
1275 2786 1411 2841 κώμας
1432 2804 1531 2828 κατα
1556 2787 1693 2841 συγγέ-

1711 428 1793 468 377
