1851 3181
89 333 224 361 Athenas
235 336 348 375 tyran-

88 368 160 395 nide
178 367 231 394 Pis
219 368 258 395 is
246 369 348 396 atrati-

88 401 194 428 darum
217 401 348 429 liberan-

89 435 144 461 alas
167 436 361 465 contulerint.

89 468 132 504 [5,
151 468 191 497 62.
210 469 269 505 ua]

78 1286 279 1378 Nobilissim}
287 1286 352 1332 24

80 1384 216 1420 Athenis,

423 229 510 270 398

825 229 1290 268 HERODOTI

418 336 752 394 Ἀλκμαιωνίδαι
776 334 959 392 ὁμοίως,
989 338 1019 394 ἢ
1049 337 1181 383 οὐδὲν
1208 335 1345 396 ἧσσον
1372 339 1545 391 τούτου,
1574 334 1688 396 ἦσαν

420 404 750 462 μισοτύραννοι.
806 409 968 462 θῶυμα
999 408 1062 450 ὠν
1096 423 1190 462 μοι,
1232 408 1307 451 καὶ
1364 408 1418 452 οὐ
1453 410 1742 464 προσίεμαι85

416 472 497 529 τὴν
534 472 761 529 διαβολὴν,
793 472 979 525 τούτους
1006 490 1054 530 γε
1084 473 1287 528 ἀναδέξαι
1320 474 1494 528 οἷσπίδα,
1530 477 1687 528 οἵτινες

419 538 610 596 ἔφευγόν
644 556 690 583 τε
718 540 797 584 τὸν
825 540 967 585 πάντα
994 541 1159 598 χρόνον
1196 542 1302 594 τούς
1331 543 1598 598 τυράννους,
1638 543 1687 587 ἐκ

417 611 611 664 μηχανῆς
638 624 684 651 τε
713 612 789 664 τῆς
818 609 990 652 τούτων
1019 609 1216 661 ἐξέλιπον
1256 613 1300 654 οἱ
1330 613 1685 667 Πεισιστρατίδαι

388 674 508 732 Ξτήν
536 678 788 730 τυραννίδα.
826 678 900 720 καὶ
929 677 1044 721 οὕτω
1081 677 1157 729 τὰς
1191 676 1379 734 Ἀθήνας
1418 674 1543 723 οὗτοι
1571 675 1686 736 ἦσαν

417 745 462 786 οἱ
488 742 858 798 ἐλευθερώσαντες
873 748 1021 801 πολλῷ
1051 749 1217 801 μᾶλλον
1248 745 1356 803 ἥπερ
1381 743 1610 802 Ἁρμόδιός
1637 751 1740 790 τε9ο

385 811 494 855 3καὶ
521 809 860 869 Ἀριστογείτων,
892 812 951 865 ὦς
980 814 1063 870 ἐγώ
1090 816 1240 869 κρίνω.
1291 816 1335 858 οἱ
1374 815 1453 869 μὲν
1479 813 1563 870 γάρ
1593 813 1683 870 ἐξη-

413 881 609 936 γρίωσαν
636 880 740 932 τούς
767 880 1039 933 ὑπολοίπους
1070 883 1479 936 Πεισιστρατιδέων,
1499 881 1683 937 Ἵππαρ-

413 964 494 1004 χον
536 946 886 1002 ἄποκτείναντες,
928 950 1033 994 ου’δέ
1070 968 1112 994 τι
1160 955 1324 1007 μᾶλλον
1355 951 1549 993 ἔπαυσαν
1577 949 1683 1000 τοὺς

413 1015 597 1068 λοιπούς
625 1017 1001 1071 τυραννεύοντας·
1034 1017 1366 1075 Ἀλκμαιωνίδαι
1386 1018 1432 1061 δὲ
1455 1017 1681 1075 ἐμφανέως

411 1084 735 1140 ἐλευθέρωσαν,
778 1087 814 1128 εἰ
844 1088 897 1142 δὴ
929 1082 1052 1131 οὗτοί
1082 1104 1130 1143 γε
1162 1085 1357 1143 ἀληθέως
1386 1080 1499 1142 ἦσαν
1529 1088 1573 1130 οἱ
1599 1084 1737 1142 τὴν95

411 1154 591 1210 Πυθίην
620 1152 927 1206 ἀναπείσαντες
955 1146 1271 1211 προσημαίνειν
1296 1155 1681 1210 Λακεδαιμονίοισι

412 1221 681 1275 ἐλευθεροῦν
709 1221 785 1272 τὰς
812 1220 1018 1278 Ἀθήνας,
1057 1221 1116 1274 ὥς
1143 1239 1219 1278 μοι
1249 1221 1465 1277 πρότερον
1495 1220 1681 1276 δεδήλω-

408 1307 494 1334 ται.

410 1361 472 1414 τῷ
513 1357 635 1417 δήμῳ
674 1360 969 1413 προεδίδοσαν
1005 1358 1087 1414 τὴν
1125 1359 1333 1412 πατρίδας

549 1287 674 1333 ’Λλλὰ
711 1289 795 1345 γὰρ
835 1292 940 1342 ἴσως
975 1307 1017 1333 τι
1057 1289 1403 1345 ἐπιμεμφόμενοι
1430 1288 1679 1345 Ἀθηναίων

1396 1354 1462 1400 Οὐ
1506 1357 1585 1412 μὲν
1615 1351 1680 1400 ὧν

410 1421 524 1482 ἦσάν
563 1437 712 1482 σφεων
751 1426 876 1470 ἄλλοι
913 1426 1199 1482 δοκιμώτεροι
1237 1425 1286 1469 ἐν
1326 1441 1373 1482 γε
1407 1423 1680 1481 Ἀθηναίοισι

385 1492 600 1549 Ξῦἔνδρες,
633 1493 733 1539 οὐδ’
771 1498 814 1538 οἳ
835 1499 1003 1550 μᾶλλον
1033 1494 1286 1550 ἐτετιμέατο.
1337 1493 1454 1537 οὕτω
1478 1491 1581 1537 οὐδὲ
1609 1493 1705 1537 λό-1

407 1578 486 1617 γος
530 1561 684 1616 αἱρέει,
722 1561 1021 1620 ἀναδεχθῆναι
1061 1563 1108 1606 ἐκ
1136 1579 1184 1619 γε
1224 1561 1278 1605 ἂν
1315 1562 1485 1605 τούτων
1513 1560 1677 1605 ἀσπίδα

407 1629 475 1673 ἐπὶ
511 1628 697 1688 τοιούτῳ
734 1629 865 1687 λόγῳ.

534 1773 627 1823 Cap.
648 1771 825 1808 CXXIII.

407 1823 564 1881 ἧσσον]
597 1831 654 1866 Ita
684 1828 830 1864 restitui
855 1840 962 1878 pro
947 1825 1012 1866 ἔσ-

352 1897 437 1925 σον.
486 1885 560 1923 Vid
579 1892 672 1925 nott.
697 1883 746 1921 ad
765 1884 810 1932 V,
824 1887 849 1924 7
853 1888 879 1925 2
896 1885 1012 1921 item-

351 1956 427 1994 que
455 1944 561 1994 ησαν
580 1956 650 1994 pro
682 1940 775 1981 ἕσαν
796 1947 833 1978 et
862 1943 1012 1993 θῶυμα

349 2012 418 2050 pro
439 2002 575 2050 θωμα.

406 2055 450 2095 ἐκ
475 2057 656 2106 μηχανῆς
674 2069 714 2094 τε
735 2069 807 2105 της
836 2049 1009 2102 τούτων]

348 2111 411 2148 Ad
440 2125 553 2149 usum
581 2113 817 2163 pronominis
847 2110 1011 2147 demon-

347 2170 491 2205 strativi
523 2170 624 2205 conf.
662 2181 759 2220 quae
791 2166 839 2203 ad
865 2169 932 2215 111,
956 2166 1009 2206 34

346 2232 477 2262 notata
497 2233 596 2262 sunt.
611 2227 668 2261 De
685 2226 1007 2277 locisargumento

347 2281 426 2318 vid.
455 2282 500 2325 V,
536 2284 590 2321 62
623 2294 729 2332 seqq.
794 2282 888 2316 Mox
918 2292 1007 2316 cum

348 2336 570 2387 Schweigh.
609 2345 644 2373 et
684 2337 800 2373 Gaisf.
831 2336 1006 2372 revocavi

345 2393 592 2440 ’ὑπολοίπους
611 2407 660 2430 ex
689 2392 828 2429 Aldina
849 2393 1005 2443 aliisque

346 2452 449 2488 libris
469 2463 537 2502 pro
558 2451 662 2501 vulg.
684 2446 870 2495 λοιπούς,
899 2447 1004 2499 quod

345 2509 526 2556 Florem„
565 2506 719 2554 Medic„
751 2506 814 2542 alii
852 2511 998 2541 tenent.

346 2564 459 2610 Quod
495 2565 663 2616 sequitur
702 2559 796 2609 τούς
838 2558 1003 2607 λοιπούς

348 2618 437 2658 ante
465 2616 780 2672 τυραννεύοντας
805 2619 912 2655 uncis
939 2619 1003 2654 in-

347 2679 456 2714 clusit
472 2676 690 2728 Schweigh.
712 2683 754 2713 ut
772 2682 1003 2726 suspectum.

346 2733 517 2773 Bekker.
539 2735 694 2771 retinuit
713 2729 805 2778 τούς
825 2728 1002 2777 λοιπούς.

405 2787 460 2837 ὥς
482 2806 548 2841 μοι
559 2786 748 2844 πρότερον
768 2783 1003 2842 δεδήλωται]

346 2845 431 2887 vid.
453 2847 498 2896 V,
519 2850 587 2889 63.

917 1629 1145 1688 Ἀνεδέχθη
1181 1631 1262 1688 μὲν
1296 1629 1380 1687 γάρ
1412 1629 1563 1682 ἀσπίς·
1601 1630 1678 1674 καὶ

1257 1769 1350 1819 Gap.
1373 1768 1548 1807 CXXIV.

1124 1822 1437 1877 ἐπιμεμφόμενοι
1493 1821 1732 1892 Ἀθηναίων

1068 1884 1123 1935 τῷ
1144 1881 1195 1932 δη
1198 1883 1285 1936 μω]
1308 1883 1527 1919 Articulum
1545 1897 1626 1922 των
1642 1889 1731 1920 ante

1065 1924 1298 1990 ’Ᾰθηναίων
1316 1940 1454 1987 abieci,
1475 1940 1666 1991 plerisque
1680 1940 1731 1976 li-

1067 1996 1141 2033 b1is
1165 1998 1217 2033 ita
1243 1996 1475 2033 iubentibus.
1505 1995 1660 2033 Verbi’
1642 2011 1730 2035 επι-

1068 2052 1298 2104 μέμφεσθαι
1341 2059 1526 2090 structura
1580 2051 1729 2102 eadem,

1067 2123 1165 2161 quae
1185 2110 1248 2157 IV,
1274 2110 1327 2150 88
1347 2110 1454 2146 verbi
1484 2107 1729 2160 μέμφεσθαι.

1064 2166 1128 2202 Ad
1170 2166 1406 2203 locutionem
1445 2161 1564 2217 λόγος
1603 2165 1728 2216 αἱρέει

1067 2224 1169 2262 conf.
1202 2221 1251 2258 ad
1279 2223 1308 2268 Ι,
1335 2225 1414 2262 132
1436 2229 1473 2258 et
1493 2220 1580 2258 add.
1602 2223 1727 2258 Usteri

1065 2279 1113 2315 ad
1133 2280 1233 2315 Plut.
1264 2278 1454 2314 consolat.
1476 2276 1524 2314 ad
1542 2279 1725 2328 Apollon.

1064 2349 1124 2385 cp.
1151 2338 1204 2375 22
1226 2348 1263 2384 p.
1286 2337 1353 2374 67.
1410 2336 1467 2370 Ac
1495 2335 1577 2370 iure
1597 2336 1724 2372 Hero—

1064 2390 1153 2427 doto
1173 2396 1357 2428 vocantur
1377 2387 1635 2443 δοκιμώτεροι
1651 2389 1724 2430 ἄν-

1063 2448 1164 2499 δρες,
1206 2460 1372 2498 quorum
1411 2460 1504 2497 gens
1545 2449 1724 2486 maximis

1059 2503 1234 2541 laudibus
1256 2503 1410 2541 effertur
1428 2517 1450 2540 a
1462 2503 1628 2541 Pindaro
1640 2505 1722 2556 Py·-

1059 2559 1162 2597 thico
1199 2562 1367 2597 camnine
1393 2562 1577 2612 septimo,
1614 2559 1720 2614 quod

1058 2624 1185 2655 totum
1203 2616 1280 2655 huc
1301 2617 1464 2655 conferri
1481 2616 1606 2654 debet.

1114 2725 1335 2781 Ἀνεδέχθη
1358 2726 1464 2781 γοῖρ]
1491 2729 1599 2766 Conf.
1621 2728 1717 2764 Plu-

1059 2786 1179 2824 tarch.
1193 2789 1230 2823 11
1246 2801 1285 2838 p.
1310 2789 1392 2827 862
1409 2788 1456 2824 E.
1513 2787 1608 2822 Mox
1627 2782 1715 2821 dedi

1059 2840 1212 2883 τούτων
1230 2856 1299 2895 pro
1313 2842 1496 2883 τουτέων.
