1851 3181
98 324 164 346 rum
185 317 311 346 familia.

97 351 284 379 Proditionis
297 352 356 379 cri-

96 394 166 413 men
182 385 252 412 huic
267 386 356 412 fami-

97 419 161 446 liae
179 419 198 445 il
207 420 233 445 lo
255 424 373 456 tempo-

96 460 131 479 re
145 456 261 479 motam
281 455 320 485 [c.

96 484 173 518 115.]
198 486 372 513 Herodotus

97 518 263 551 diligenter
283 520 372 548 diluit

98 552 352 588 [3121111211

34 616 35 619 ,
97 587 335 614 Alcmaeonidae

119 620 235 653 erinde,
256 629 290 646 ac
301 621 371 648 Cal-

110 653 154 680 ias
160 674 173 693 ⁷.
190 658 344 693 tyrannos·

96 695 223 716 maxime
240 695 354 723 peroSI.

264 939 364 984 122

95 1001 214 1030 Calliae
232 1002 263 1030 in
282 1003 361 1030 Pici-

95 1040 225 1066 εῖτ-3111111
243 1037 306 1065 odii
317 1037 369 1065 do-

427 211 512 252 396
828 207 1287 246 HERODOTI

426 316 765 374 Ἀλκμαιωνίδας
797 314 852 360 ὂίν
881 332 979 360 κοτε
999 314 1203 368 ἀναδέξαι
1224 317 1418 372 Πέρσῃσι
1448 316 1495 360 ἐκ
1525 317 1691 373 συνθή-

430 403 566 443 ματος
605 383 784 435 ἀσπίδα,
822 384 1119 440 βουλομένους
1157 384 1245 428 ὑπὸ
1275 383 1537 440 βαρβάροισί
1567 401 1611 427 τε
1638 384 1746 428 εἷ-δό

430 472 504 499 ναι
545 452 800 508 Ἀθηναίους
839 452 912 494 καὶ
953 450 1038 495 ὑπὸ
1064 450 1227 509 Ἱππίῃ·
1266 453 1418 502 οἵτινες
1447 456 1634 506 μᾶλλον,
1663 450 1691 508 ἢ

428 521 591 577 ὁμοίως
621 521 789 576 Καλλίῃ
833 522 893 576 τῷ
929 520 1206 572 Φαινίππου,
1246 520 1500 563 Ἱππονίκου
1538 519 1584 563 δὲ
1611 535 1692 563 πα-

399 589 520 644 Ξτρὶ,
565 590 800 643 φαίνονται
829 586 1151 642 ’μισοτύραννοι
1182 586 1336 637 ἐόντες.
1413 589 1602 643 Καλλίης
1645 603 1690 632 τε

429 657 513 713 γάρ
543 660 705 712 μοῦνος
730 654 978 710 Ἀθηναίων
1008 653 1211 697 ἁπάντων
1240 653 1413 710 ἐτόλμα,
1455 655 1565 705 ὅκως
1588 659 1690 699 Πει-

429 727 655 778 σίστρατος
695 723 867 766 ἐκπέσοι
909 722 958 766 ἐκ
993 726 1080 765 τῶν
1116 721 1355 779 Ἀθηνέων,
1401 720 1454 764 τά
1493 723 1689 780 χρήματα

430 792 571 838 αὐτοῦ
612 791 918 847 κηρυσσόμενα
959 789 1046 833 15πὸ
1094 794 1174 833 τοῦ
1213 791 1427 846 δημοσίου
1465 789 1745 844 ω’νέεσθαι,70

428 862 502 906 καὶ
529 859 583 904 τά
613 859 722 903 ἄλλα
749 858 801 901 τὰ
832 859 1006 914 ἔχθιστα
1036 858 1078 908 ἐς
1107 855 1244 901 αὐτὸν
1267 857 1407 901 πάντα
1435 857 1689 916 ἐμηχανᾶτο.

426 930 620 972 Καλλίεω
657 927 704 971 δὲ
746 926 907 970 τούτου
958 925 1081 978 ἄξιον
1119 929 1339 982 πολλαχοῦ
1385 926 1558 983 μνήμην
1600 928 1688 971 ἐστὶ

426 996 568 1041 πάντα
595 995 694 1040 τινὰ
715 995 838 1052 ἔχειν.
868 998 1000 1039 τοῦτο
1026 995 1104 1050 μὲν
1130 994 1242 1051 γὰρ,
1270 994 1323 1038 τοὶ
1355 995 1689 1053 προλελεγμένα,
1745 992 1828 1037 495

370 1183 515 1221 sissima
533 1183 600 1219 ubi
621 1183 823 1233 agebatur,
854 1195 899 1219 ea
927 1183 1030 1219 cele-

374 1239 511 1277 brandi
542 1247 580 1276 et
608 1241 654 1276 ab
682 1241 821 1276 iniusta
849 1241 1030 1275 crimina-

374 1298 477 1333 tione
505 1295 651 1333 tuendi.
711 1296 821 1333 Conf.
849 1303 946 1332 nott.
980 1294 1028 1332 ad

368 1354 432 1400 VI,
457 1356 549 1394 108.
606 1352 765 1390 Videtur
785 1359 913 1389 autem
932 1351 1028 1389 haec

372 1411 584 1446 criminatio
615 1410 783 1445 multum
811 1408 912 1459 apud
939 1410 1028 1446 vul-

370 1479 440 1516 gus
468 1474 676 1516 propagata
704 1467 817 1502 fuisse
844 1467 1027 1516 gentique

367 1524 623 1560 nobilissimae
643 1522 828 1560 invidiam
849 1523 1027 1569 attulisse,

369 1593 488 1630 quam
517 1579 699 1627 eandem,
721 1581 877 1629 opinor,
906 1581 1029 1629 tangit

367 1635 556 1673 Pindarus
592 1635 708 1688 Pyth.
731 1637 801 1673 VII
830 1636 895 1673 fin.
925 1633 969 1674 τό
994 1631 1026 1674 δ’

370 1690 565 1743 ἄχνυμαι,
610 1688 774 1741 φθόνον
814 1688 1028 1743 ἀμειβόμε-

367 1764 443 1788 νον
462 1747 509 1787 vo}
532 1747 633 1788 καλιὶ
659 1749 750 1800 ἔργα
769 1764 805 1787 κ.
827 1764 860 1787 τ.
880 1752 913 1787 λ.
946 1751 1028 1784 He-

367 1805 548 1842 rodoteae
560 1805 607 1842 de
618 1805 675 1842 his
696 1807 903 1842 narrationi
913 1804 1028 1842 Thu-

371 1862 577 1913 cydideam
589 1861 880 1914 praeferendam
899 1868 1028 1898 censet

368 1918 602 1957 Dahlmann.
641 1918 785 1956 Herod.
830 1931 919 1970 pag.
960 1918 1026 1966 58,

369 1990 461 2013 cum
480 1976 694 2013 Herodotus
723 1976 829 2025 vulgi
857 1974 1030 2012 traditio-

369 2046 462 2069 nem
480 2040 679 2084 sequatur,
709 2034 947 2070 Pisistratum
966 2033 1029 2068 in-

368 2088 472 2126 vidia
507 2091 726 2140 prementis.
791 2088 888 2126 Mihi
921 2101 1029 2127 secus

368 2145 533 2183 videtur.

425 2198 611 2248 ἀναδέξαι
621 2223 676 2229 —-
688 2197 866 2250 ἀσπίδα]
891 2202 1029 2252 Respi-

369 2259 421 2295 cit
451 2258 499 2295 ad
527 2259 590 2306 VI,
621 2258 699 2298 115
728 2258 794 2295 fin.
835 2255 1026 2304 ἀναδέξαι

369 2314 417 2351 de
436 2316 544 2365 signo
562 2344 572 2362 ,
603 2313 708 2365 quod
728 2315 892 2360 tollitur,
913 2315 1026 2351 inve-

365 2372 469 2408 nitur
497 2384 650 2423 quoque
684 2371 764 2417 VII,
809 2373 900 2411 128.
966 2372 1025 2406 De

366 2428 561 2465 locutione
582 2427 624 2466 ἐκ
641 2422 902 2476 συνθήματος
921 2427 1023 2462 conf.

367 2486 413 2532 V,
436 2484 488 2525 74
510 2492 545 2521 et
565 2483 613 2520 ad
634 2497 697 2529 ea,
730 2495 827 2534 quae
854 2496 1026 2534 sequun-

366 2548 455 2578 tur:
494 2538 574 2580 v‘mi
602 2536 843 2592 βαρβάροισί
859 2554 898 2577 τε
924 2535 1026 2578 εἶναι

365 2598 469 2635 conf.
497 2604 594 2635 nott.
614 2595 662 2633 ad
680 2598 746 2644 111,
767 2594 832 2636 45.
853 2596 899 2643 V,
921 2597 989 2636 30.

422 2652 657 2694 Ἰππονίκου
688 2650 730 2692 ὂὲ
761 2651 908 2701 πατρὶ]
939 2653 1025 2688 cri-

367 2711 535 2748 minatur
545 2707 836 2748 haecPlutarch.
847 2710 901 2745 l.l.
915 2710 1025 2759 quip-

368 2781 416 2818 pe
446 2781 469 2804 a
498 2775 604 2818 patre
624 2766 799 2804 historiae
819 2765 964 2802 adiecta
985 2767 1024 2801 in

367 2825 528 2874 gratiam
570 2824 797 2876 Hipponici,
854 2822 1026 2860 ditissimi

1087 1181 1264 1218 omnium
1309 1178 1617 1218 Atheniensium.
1694 1181 1747 1218 At

1085 1239 1150 1274 illa
1171 1244 1292 1274 aetate
1313 1250 1434 1288 quum
1451 1239 1550 1274 inter
1580 1235 1747 1274 Atheni-

1086 1308 1194 1331 enses
1216 1293 1352 1330 divitiis
1375 1301 1412 1330 et
1443 1295 1577 1344 opibus
1598 1294 1747 1330 emine-

1085 1358 1143 1387 ret
1170 1352 1406 1401 Hipponicus
1454 1350 1530 1398 (de
1559 1364 1635 1401 quo
1665 1350 1746 1388 vid.

1084 1414 1181 1444 nott.
1213 1407 1262 1443 ad
1290 1405 1482 1445 Plutarch.
1511 1407 1636 1445 Alcib.
1656 1420 1747 1457 pag.

1084 1467 1152 1504 99.
1185 1464 1304 1512 100),
1342 1462 1509 1515 indeque
1529 1465 1747 1501 notissimus

1085 1527 1179 1557 esset
1195 1549 1205 1567 ,
1235 1521 1381 1571 optima
1401 1518 1491 1557 hinc
1512 1522 1591 1557 eius
1617 1522 1747 1557 nomi-

1083 1576 1203 1613 nandi
1223 1578 1380 1624 occasio,
1394 1578 1548 1629 qualem
1565 1579 1744 1629 nuspiam

1083 1635 1288 1684 praeterire
1298 1635 1393 1670 solet
1404 1633 1632 1671 Herodotus.
1664 1635 1744 1671 Cu-

1084 1691 1142 1726 ius
1164 1691 1370 1740 Hipponici
1389 1690 1507 1737 filius,
1539 1692 1601 1727 cui
1621 1697 1658 1727 et
1671 1691 1743 1741 ipsi

1083 1760 1227 1783 nomen
1260 1747 1426 1795 Callias,
1457 1753 1563 1797 patre
1593 1760 1744 1798 avoque

1082 1804 1261 1840 illustrior
1288 1804 1373 1839 fuit.
1429 1802 1517 1842 vid.
1553 1802 1602 1839 ad
1635 1804 1743 1840 Alci-

1083 1859 1184 1898 biad.
1207 1866 1303 1896 nott.
1324 1860 1350 1896 l.
1371 1860 1396 1896 l.
1410 1866 1447 1896 et
1467 1858 1553 1896 add.
1568 1858 1742 1898 Schultz.

1083 1918 1267 1968 Apparat.
1288 1917 1369 1953 crit.
1388 1929 1477 1968 pag.
1500 1919 1553 1958 38
1572 1923 1654 1956 not.
1675 1916 1743 1958 64.

1282 2019 1375 2070 cap.
1396 2019 1556 2057 CXXII.

1142 2086 1323 2126 Καλλίεω
1351 2084 1394 2125 δὲ
1408 2083 1552 2126 τούτου
1571 2101 1608 2125 κ.
1625 2101 1659 2127 τ.
1684 2088 1740 2135 λ.]

1086 2144 1345 2195 Quaecunque
1372 2141 1446 2180 hoc
1475 2144 1597 2193 capite
1616 2144 1742 2180 conti-

1084 2207 1235 2248 nentur,
1257 2213 1279 2236 a
1299 2198 1491 2247 Mediceo,
1521 2200 1740 2236 Florentino

1086 2269 1130 2293 ac
1147 2257 1265 2293 tribus
1278 2257 1355 2292 altis
1377 2254 1487 2294 codd.
1500 2256 1647 2303 absunt,
1667 2269 1740 2292 ne-

1083 2326 1157 2364 que
1168 2312 1389 2349 narrationis
1400 2325 1546 2348 nexum
1553 2310 1609 2349 his
1621 2313 1741 2350 omis-

1081 2371 1130 2406 sis
1159 2370 1302 2405 turbari
1330 2370 1481 2405 monuit
1511 2369 1739 2417 Gronovius,

1083 2427 1256 2477 quamvis
1275 2424 1369 2462 haec
1383 2454 1393 2473 ‚
1413 2426 1444 2462 si
1463 2425 1656 2463 Herodoto
1670 2426 1740 2463 ab-

1079 2481 1317 2529 iudkentur,
1350 2494 1430 2519 non
1460 2481 1605 2519 indocti
1636 2488 1739 2519 certe

1080 2537 1258 2586 hominis,
1279 2537 1490 2575 admodum
1507 2537 1664 2589 quidem
1675 2551 1740 2575 re-

1082 2597 1200 2633 centis
1211 2594 1277 2632 sed
1295 2596 1465 2645 apprime
1476 2596 1658 2632 inCalliae
1666 2608 1739 2631 ne-

1081 2654 1192 2702 gotiis
1211 2658 1247 2689 et
1258 2652 1400 2688 familia
1412 2652 1580 2688 callentis
1590 2650 1738 2687 haben-

1082 2709 1132 2745 da
1162 2722 1240 2746 esse
1271 2710 1353 2745 iure
1382 2721 1539 2745 monere
1566 2706 1737 2744 videatur

1080 2766 1246 2803 wessel.
1277 2766 1419 2802 Contra
1437 2762 1631 2801 Herodoto
1649 2775 1738 2799 ma-

1081 2823 1186 2860 xime
1205 2821 1364 2874 indigua
1382 2819 1478 2859 haec
1498 2820 1613 2860 verba
1631 2818 1737 2857 inde-
