1870 3249
374 216 1135 256 TERPSICHORE.V.
1342 219 1395 258 51

131 330 190 381 ὦς
205 329 407 373 ἐνθεῦτεν
421 326 555 382 βορέῃ
577 323 722 384 α’νὲμῳ
746 326 788 377 ἐς
804 324 882 381 τὴν
896 326 1050 378 Νάξον
1068 325 1296 381 διαβάλοι·
1318 328 1391 371 καὶ
1450 338 1599 373 exulibus,
1619 339 1726 380 Mega-

1449 371 1548 407 bates‚
1567 376 1602 400 ut
1623 374 1726 401 Naxhs

133 397 188 442 οὐ
213 395 297 452 γάρ
337 396 426 439 ἔδεε
463 395 603 451 τούτῳ
643 397 706 450 τῷ
744 391 883 452 στόλῳ
913 396 1108 446 Ναξίους
1137 393 1393 446 ἀπολέσθαι,
1450 413 1542 433 causa
1564 408 1687 443 expedi-

1449 439 1542 466 tionis
1560 441 1686 476 lateret,

100 468 308 520 3πρῆγμα
355 462 528 506 τοιόνδε
573 462 837 517 συνηνείχθη
877 462 1098 517 γενέσθαι.
1141 462 1391 515 περιϊόντος
1448 473 1545 512 primo
1569 479 1692 510 septen-

125 530 393 588 Μεγαβάτεω
423 530 501 582 τοὶς
538 531 610 574 ἐπὶ
642 533 887 573 τῶννεῶν
924 529 1147 586 φυλακάς,
1184 529 1254 573 ἐπὶ
1295 530 1394 582 νεός
1450 547 1571 568 cursum
1592 541 1709 577 dirigit,

1450 510 1579 535 tnonem
1602 517 1710 536 versus

1449 574 1641 612 classemque
1662 578 1692 604 in

123 601 327 655 Μυνδίης
358 599 476 655 ἔτυχε
507 596 652 649 οὐδεὶς
686 596 949 654 φυλάσσων·
1002 597 1026 642 ὁ
1059 599 1126 650 δὲ,
1166 597 1319 642 δεινόν
1347 615 1390 641 τι
1402 606 1558 647 850131um
1585 611 1723 646 appemt.

1446 641 1491 670 1b1
1516 652 1583 670 cum
1603 646 1726 674 boream

121 666 439 725 ποιησάμενος,
474 667 669 710 ἐκέλευσε
688 665 796 716 τούς
826 665 1107 722 δορυφόρους
1136 664 1391 734 ἐξευρόντας
1447 678 1706 715 praestolaretur,

1450 719 1517 738 cum
1529 712 1707 747 Aristagora

120 736 201 780 τὸν
230 736 422 792 ἄρχοντα
451 733 611 791 ταύτης
638 738 715 790 τῆς
744 733 865 786 νεὸς,
895 737 957 791 τῷ
988 732 1159 790 οὔνομα
1187 735 1244 790 ἦν
1272 733 1390 778 Σκύ-
1449 744 1575 781 rixatus,
1594 755 1659 774 rem

1449 786 1567 807 omnem
1580 779 1689 808 Naxiis

120 804 222 856 λαξ,
253 807 412 848 τοῦτον
443 805 573 859 δῆσαι
605 801 678 847 διοὶ
705 803 924 859 θαλαμίης
946 801 1168 854 διελόντας
1195 806 1270 858 τῆς
1290 803 1389 856 νεὸς
1447 812 1515 848 ipse
1539 813 1647 848 prodit-

121 871 233 916 κατὰ
261 876 416 920 τοῦτο,
460 872 540 924 ἔξω
573 871 653 927 μὲν
692 869 891 927 κεφαλὴν
918 873 1177 923 ποιεῦντας,
1217 871 1302 915 ἔσω
1343 871 1391 915 δὲ

62 1022 225 1074 ἐγίνετο,
247 1021 352 1074 quod
363 1023 517 1059 retinuit
526 1021 723 1070 Matthiae,
774 1034 839 1072 per
856 1020 1052 1070 infimorum
1070 1022 1174 1057 navis
1200 1033 1368 1058 remorum
1380 1021 1443 1071 fo-

64 1078 154 1116 dedi
185 1092 274 1116 cum
305 1078 526 1130 Schweigh.
548 1086 585 1116 et
606 1079 723 1117 Gaisf.

64 1150 85 1173 e
113 1137 354 1182 Florentino,
376 1137 470 1173 aliis.
525 1137 585 1172 De
612 1137 725 1174 locu-

62 1194 166 1230 tione
188 1192 288 1244 ἔχειν
307 1190 378 1239 τάς
396 1195 497 1239 ναῦς
519 1193 577 1238 εἰς
594 1189 723 1232 τόπον

38 1247 151 1289 ’τινά
192 1250 294 1287 conf.
334 1256 432 1286 nott.
473 1248 521 1286 ad
557 1250 622 1297 IV,
653 1252 722 1291 76.

65 1305 227 1344 Caucasa
266 1319 366 1358 quae
396 1306 538 1343 fuerint
569 1313 606 1344 et
634 1307 723 1343 ubi-

62 1376 154 1400 nam
169 1392 180 1411 ,
200 1362 304 1400 haud
322 1364 463 1415 liquet3
491 1364 598 1400 nulla
619 1365 722 1400 enim

61 1420 136 1456 alia
151 1450 161 1467 ⁷
192 1427 379 1471 quantum
400 1421 490 1467 scio,
519 1419 632 1457 hujus
647 1421 723 1457 loci

59 1477 205 1513 mentio
225 1475 328 1527 apud
358 1483 518 1514 veteres.
557 1478 720 1514 Portum

60 1540 127 1570 aut
145 1533 275 1570 vicum
295 1533 410 1570 fuisse
434 1534 630 1584 probabile
651 1540 719 1571 est.

56 1588 120 1626 Ad
146 1602 259 1627 voces
293 1588 416 1643 βορέῃ
449 1586 582 1643 άνέμῳ
615 1591 717 1628 conf.

55 1653 152 1684 nott.
164 1645 212 1683 ad
222 1646 286 1695 IV,
298 1650 336 1688 7.
356 1647 526 1684 Verbum
548 1643 719 1699 διαβάλ-

55 1705 138 1742 λειν
175 1703 314 1741 eodem
353 1704 564 1742 traiiciendi
605 1718 719 1742 sensu

53 1760 100 1806 V,
129 1758 197 1800 34.
227 1759 297 1801 44.
333 1761 404 1808 ΙΧ,
427 1760 521 1802 114.
540 1761 716 1814 Euripid-

56 1816 193 1868 Suppl.
211 1818 293 1859 930
308 1817 409 1854 alibi.

113 1868 163 1911 οὕ
181 1869 257 1925 γάρ
292 1872 374 1912 ἔδεε
391 1894 447 1901 -
471 1867 715 1922 άπολέσθαι]

54 1929 253 1965 Pertinent
298 1928 396 1966 haec
444 1928 493 1965 ad
531 1929 719 1966 Herodoti

55 1986 284 2022 sententiam
305 1984 352 2021 de
373 1985 465 2033 fato,
487 1998 564 2037 quo
586 1987 718 2023 omnia

53 2040 144 2078 inde
175 2042 221 2078 ab
251 2043 359 2079 initio
388 2043 441 2078 ita
467 2048 556 2078 sunt
575 2043 719 2079 consti-

51 2104 152 2145 tuta,
182 2104 226 2135 ut
254 2111 470 2151 numquam
490 2099 569 2135 ullo
598 2098 717 2136 modo

50 2155 247 2191 immutari
288 2162 353 2192 aut
390 2156 510 2193 averti
559 2157 716 2206 possint.

54 2211 178 2260 Confi,
215 2224 265 2248 ne
293 2213 423 2263 plura,
453 2218 549 2251 nott.
581 2211 630 2249 ad
669 2213 715 2261 V,

55 2270 110 2310 92
130 2269 168 2314 §.
189 2267 229 2308 4.
245 2289 301 2296 ——·
331 2270 376 2305 In
395 2282 501 2321 seqq.
524 2265 657 2309 δεινόν
677 2285 715 2309 τι

51 2322 326 2375 ποιησάμενος
341 2327 420 2362 noli
432 2325 559 2363 delere
576 2341 624 2365 τι.
647 2327 714 2363 Tu

51 2382 184 2418 confer
203 2381 251 2418 de
269 2383 476 2431 locutione,
487 2384 527 2419 iu
546 2396 622 2436 qua
634 2385 716 2420 He-

51 2437 206 2475 rodotus
248 2440 464 2490 promiscue
513 2447 552 2477 et
591 2442 714 2478 activo

50 2495 168 2532 verbo
199 2501 237 2531 et
267 2495 396 2534 medio
417 2497 547 2543 utitur,
576 2497 622 2544 V,
645 2496 713 2538 41.

48 2553 116 2593 82.
137 2550 205 2592 42.
223 2552 290 2599 III,
319 2553 412 2594 155.
437 2552 488 2594 14
509 2553 711 2605 ibiq.nott.

104 2610 248 2647 τοῦτον
275 2609 398 2659 δῆσαι
419 2606 486 2648 διά
505 2611 711 2661 θαλαμίης

48 2659 250 2711 διελόντας
265 2667 338 2716 τῆς
357 2663 443 2713 νεός
469 2663 569 2705 κατά
592 2669 709 2707 τοῦτο

47 2734 87 2759 κ.
123 2736 156 2762 τ.
190 2722 255 2770 λ.]
298 2723 324 2758 i.
346 2735 380 2759 e.
403 2723 623 2772 praesectum
645 2737 711 2761 na-

49 2779 103 2816 vis
123 2778 265 2828 quando
277 2778 589 2828 deprehendissent,
601 2782 710 2818 iussit

50 2834 217 2873 satellites
241 2837 375 2874 vincire
392 2848 536 2887 eumque
554 2837 703 2891 medium

780 1081 921 1115 ramz‘na
952 1078 1009 1113 ita
1030 1076 1208 1125 alligare,
1246 1082 1288 1115 ut
1307 1081 1442 1114 extror-

780 1147 857 1172 sum
895 1137 1003 1183 caput
1032 1136 1243 1183 promineret
1256 1164 1266 1184 ‚
1315 1136 1445 1171 intror-

780 1204 858 1228 sum
891 1203 1018 1240 corpus
1032 1190 1219 1240 reliquum.
1269 1191 1344 1227 Ubi
1365 1190 1443 1228 dis-
1490 1216 1493 1219 -

779 1249 896 1299 plicet
937 1247 1187 1298 ersselingii
1225 1249 1458 1293 coniectura,

780 1305 993 1350 διελώντας
1020 1305 1239 1355 reponentis
1266 1318 1337 1355 pro
1359 1305 1441 1344 διε-

778 1359 927 1408 λόντας.
968 1362 1068 1397 Nam
1086 1362 1197 1398 illum
1215 1363 1360 1399 vincire
1379 1363 1443 1398 iu-

778 1419 918 1455 bentur
947 1419 1148 1466 satellites,
1179 1418 1334 1471 quando
1355 1432 1442 1455 me-

779 1475 887 1512 dium
897 1476 1187 1525 intercepissent
1200 1476 1440 1526 alligassent-

777 1545 853 1585 que
881 1532 1133 1568 foraminibus
1150 1561 1160 1579 ‚
1199 1545 1359 1583 corpore
1387 1533 1442 1569 ita

777 1589 886 1642 quasi
907 1587 1046 1634 diviso,
1066 1595 1110 1625 ut
1131 1589 1249 1626 altera
1268 1602 1354 1640 pars
1366 1602 1439 1626 ex—

775 1653 941 1697 trorsum
971 1652 1192 1697 appareret,
1228 1647 1346 1683 altera
1375 1646 1440 1682 in—

775 1710 924 1740 torsum
943 1710 1040 1740 esset
1051 1701 1218 1740 condita.
1275 1702 1339 1740 Ad
1359 1706 1440 1741 θα-

757 1760 920 1812 ’λαμίης
957 1758 1267 1797 subaudiendum
1317 1755 1439 1810 ὀπῆς,

775 1816 824 1854 de
846 1830 922 1868 qua
936 1829 1032 1853 voce
1051 1817 1104 1853 ita
1115 1814 1274 1853 Brunck
1286 1815 1334 1852 ad
1347 1816 1440 1852 Ari-

774 1872 901 1924 stoph.
922 1874 1013 1909 Pac.
1038 1875 1170 1913 1232:
1215 1872 1439 1922 „satamon

776 1925 874 1968 ὄπαὶ
911 1929 1149 1965 vocabantur
1186 1929 1229 1964 in
1257 1928 1438 1965 inferiore

773 1986 865 2021 navi
893 1985 1105 2031 foramina,
1144 1997 1214 2035 per
1244 1998 1343 2036 quae
1365 1998 1437 2022 ex-

774 2042 996 2078 serebantur
1015 2042 1154 2078 remi.“
1184 2040 1288 2079 Add.
1309 2044 1436 2079 Inter-

773 2105 887 2149 prett.
908 2097 957 2135 ad
975 2095 1170 2148 Aristoph.
1191 2099 1288 2135 Ran.
1313 2101 1436 2140 1013.

773 2177 830 2182 —-
848 2151 949 2194 κατὰ
967 2157 1098 2203 τοῦτο,
1122 2154 1227 2207 quod
1247 2153 1435 2205 Schwgh.

771 2210 897 2250 reddit
923 2225 1000 2249 eam
1031 2213 1071 2249 ob
1099 2225 1267 2260 causam,
1297 2213 1434 2249 malim

771 2268 953 2321 equidem
968 2267 1149 2305 reddere:
1172 2282 1209 2306 eo
1228 2269 1339 2317 modo,
1360 2282 1433 2306 nec

769 2338 900 2363 moror
932 2324 1036 2378 quod
1071 2327 1241 2377 sequitur
1267 2328 1433 2364 ποιεῦν-

771 2395 860 2429 ταςε
876 2396 996 2435 quum
1003 2383 1198 2434 participia
1211 2383 1351 2433 passim
1361 2381 1432 2419 ad-

771 2437 986 2486 hibeantur,
998 2440 1064 2476 ubi
1073 2439 1434 2490 infinitivumffirae-

769 2498 891 2547 posita
902 2497 1087 2548 particula
1099 2492 1208 2543 ὥστε,
1231 2502 1433 2546 exspecta-

769 2553 848 2590 bas.
879 2555 916 2590 T
918 2567 945 2590 u
964 2552 1056 2600 vid„
1075 2566 1125 2589 ne
1145 2553 1267 2604 plura,
1294 2550 1432 2589 Matth.

769 2610 836 2647 Gr.
866 2611 933 2648 Gr.
953 2622 1041 2661 pag.
1060 2612 1249 2650 1091.-
1269 2607 1332 2645 Ad
1343 2621 1431 2645 ver-

767 2666 862 2703 bum
883 2665 1113 2718 παραιτέετο
1145 2666 1245 2702 conf.
1266 2671 1361 2702 nott.
1379 2663 1428 2702 ad

765 2725 832 2771 III,
858 2726 949 2764 132.
977 2744 1035 2751 —
1071 2724 1116 2758 In
1145 2735 1253 2774 seqq.
1293 2719 1428 2773 ἕσπέρ-

767 2794 852 2831 χετο
890 2787 963 2817 est:
1003 2781 1211 2817 succensuit.
1268 2779 1327 2814 De
1348 2791 1425 2829 quo

766 2837 885 2875 verbo
895 2836 1130 2885 Wesseling.
1142 2836 1233 2872 citat
1241 2834 1423 2886 Apollon-

1071 2890 1097 2930 4
1119 2887 1146 2912 *r
