1815 3181
37 319 143 347 ferens
155 314 298 346 Doriens,

36 353 160 380 colonos
185 350 215 376 in
234 348 314 375 Afri-

37 395 104 414 cam
120 384 159 412 ad
176 383 268 424 Ciny-

32 428 107 482 {em
119 419 159 458 [4‚
169 417 225 444 175.
237 415 311 451 198]

61 438 176 482 educit·
202 451 258 478 sed

33 488 109 517 inde
125 486 241 513 eiectus
250 487 311 512 ter-

33 523 79 550 lio
110 523 178 556 post
202 526 293 552 anno,

33 557 69 585 in
82 555 271 593 Peloponne-

34 598 104 618 sum
117 587 297 617 revertitur.

368 193 425 233 64

768 187 1231 225 HERODOTI

370 300 534 357 ἡλίκων
569 296 746 341 πάντων
783 300 978 352 πρῶτος·
1021 292 1070 341 εὗ
1109 307 1154 341 τε
1191 297 1391 341 ἐπίστατο
1420 295 1518 341 κατ’
1559 296 1630 340 ἆν-

373 367 619 422 δραγαθίην
651 363 783 416 αὐτός
822 365 992 421 σχήσων
1019 364 1101 422 τὴν
1130 367 1373 422 βασιληίην.

1427 365 1534 409 ὥστε
1567 359 1631 408 ὧν
1641 370 1698 416 35,

343 433 493 478 Ξοῦτω
519 432 737 490 φρονέων,
765 431 910 489 ἐπειδὴ
941 431 967 476 ὅ
995 448 1040 476 τε
1065 432 1401 488 Ἀναξανδρίδης
1421 431 1629 481 ἀπέθανε,

370 503 444 547 καὶ
475 503 518 545 οἱ
546 499 887 556 Λακεδαιμόνιοι
916 501 1155 556 χρεώμενοι
1181 504 1244 558 τῷ
1268 501 1404 559 νόμῳ,
1435 499 1631 557 ἐστήσαν-

373 588 422 614 το
453 568 631 626 βασιλέα
659 568 738 612 τὸν
769 567 1067 622 πρεσβύτατον
1096 569 1350 624 Κλεομένεα,
1380 568 1403 612 ὁ
1434 567 1632 622 Δωριεὺς

371 638 518 684 δεινόν
548 653 591 679 τε
620 635 903 691 ποιεύμενος,
941 637 1014 680 καὶ
1044 635 1127 680 οὐκ
1158 637 1291 690 ἀξιῶν
1329 635 1414 679 ὑπὸ
1444 636 1687 691 Κλεομέ-40

369 723 467 757 νεος
496 705 827 761 βασιλεύεσθαι,
863 704 1040 760 αἰτήσας
1068 705 1175 761 ληόν
1205 704 1505 761 Σπαρτιήτας,
1552 702 1630 759 ἄγε

371 775 413 826 ἐς
443 772 668 830 ἀποικίην·
708 772 808 817 οὔτε
835 777 895 832 τῷ
927 774 973 817 ἐν
1001 778 1214 830 Δελφοῖσι
1249 774 1493 830 χρηστηρίῳ
1522 788 1631 828 χρη-
1688 781 1770 822 392

315 950 411 974 num
441 950 483 974 ac
510 936 698 973 furiosum
727 948 766 972 se
786 934 973 985 praebuit.

316 995 440 1040 Quem
468 992 571 1045 quod
599 991 816 1029 Herodotus
842 992 905 1039 VJ,
919 989 973 1031 75

315 1053 356 1087 in
375 1051 543 1087 furorem
557 1048 731 1086 incidisse
749 1047 864 1085 tradit
882 1060 975 1098 pro-

316 1121 446 1158 gressu
480 1107 681 1157 temporis,
723 1119 845 1157 quum
864 1111 975 1141 antea

315 1178 396 1201 non
416 1165 487 1201 nisi
520 1159 841 1215 ὑπομαργότερος
878 1159 919 1212 (i.
941 1174 974 1197 e.

315 1225 424 1259 mente
434 1220 598 1270 hebetior)
620 1220 760 1267 fuisset,
774 1217 975 1267 Schweig-

316 1276 500 1315 haeusero
522 1276 760 1314 commodius
769 1277 894 1313 visum
907 1281 973 1322 est,

316 1336 379 1372 vel
405 1336 566 1371 retinere
587 1334 716 1370 Vallae
744 1334 974 1383 interpreta-

318 1392 484 1428 tionem:
515 1393 638 1428 mentis
667 1392 797 1440 inopem
829 1390 891 1426 vel
911 1401 972 1424 re-

318 1461 461 1499 ponere
474 1447 673 1498 furz’osum‚
704 1446 974 1497 semffuriosum,

317 1506 551 1542 subinsanum.
607 1506 708 1541 Nam
739 1516 824 1539 eam
851 1504 914 1538 ille
933 1504 975 1538 in

317 1575 412 1599 voce
433 1559 564 1612 ἄκρος,
587 1574 753 1613 quacum
768 1560 976 1610 composita

319 1626 373 1655 est
393 1631 470 1655 vox
490 1614 738 1669 α’κρομανὴς,
758 1619 879 1671 inesse
899 1622 977 1653 sta-

318 1676 391 1711 tuit
410 1677 511 1723 vim,
541 1682 583 1711 ut
604 1688 738 1711 eorum
757 1674 975 1720 verborum,

320 1732 455 1783 quibus
475 1733 689 1782 praeposita
699 1738 734 1767 et
747 1731 975 1782 quibuscum

319 1789 523 1825 coniuncta
553 1795 629 1835 est,
658 1789 807 1824 minuat
825 1788 906 1824 vim
934 1799 976 1822 ao

317 1852 558 1895 potestatem.
597 1845 649 1881 At
669 1843 765 1881 mihi
786 1857 830 1879 ea
850 1844 975 1894 potius

318 1903 358 1937 in
379 1900 450 1939 hac
471 1915 564 1939 voce
584 1902 705 1938 inesse
739 1899 889 1938 videtur
908 1901 976 1947 vis,

323 1958 399 2010 quit
419 1972 553 1995 eorum
571 1958 867 2004 vocabulorum,
889 1957 978 2008 qui-

318 2015 481 2051 buscum
501 2017 710 2065 composita
731 2021 785 2051 est
801 2043 810 2061 ‚
848 2014 979 2050 notio-

320 2084 414 2107 nem
440 2078 576 2121 augeat
606 2079 718 2123 atque
739 2071 915 2121 ampliet,
936 2077 979 2106 ut

323 2142 358 2164 v.
371 2142 404 2165 c.
423 2126 464 2164 in
486 2123 701 2179 οἷκρόχολος
721 2127 823 2178 apud
835 2125 978 2163 Athen.

322 2186 362 2221 X
391 2198 429 2235 p.
459 2183 542 2225 432
573 2185 627 2230 C.‚
660 2179 919 2235 οἷκροπενθής
938 2184 979 2218 in

323 2239 501 2292 Aeschyl.
552 2242 656 2276 Pers.
707 2239 799 2280 140.
876 2238 979 2276 Add.

323 2296 539 2334 Blomfield.
569 2299 608 2333 in
639 2298 802 2333 Glossar.
833 2294 881 2332 ad
901 2296 980 2331 Ae—

323 2353 443 2406 schyl.
464 2356 568 2391 Pers.
591 2352 671 2395 547
695 2353 802 2401 [514
823 2351 978 2399 Both.],

324 2412 389 2448 ubi
428 2412 490 2447 ille
530 2424 619 2447 cum
656 2411 814 2446 Pauwio
863 2408 980 2445 edidit

325 2462 511 2521 οἷκρογόοι
526 2481 613 2504 cum
625 2468 739 2517 vulgo
751 2473 844 2503 esset
857 2464 981 2516 ἁβρο-

323 2521 423 2577 γόοι.
480 2526 530 2561 Et
561 2524 661 2561 conf.
694 2523 857 2575 denique
887 2523 982 2558 Pol-

324 2582 392 2618 lux
421 2582 482 2629 VI,
515 2580 607 2628 125,
639 2581 704 2632 qui
724 2579 981 2615 Herodoteam

324 2651 461 2675 vocem
486 2638 585 2674 inter
603 2638 691 2675 vilia
720 2637 845 2673 retulit
864 2648 981 2672 voca-

325 2695 428 2731 bula.
519 2695 564 2730 In
622 2692 808 2744 Stephani
857 2691 975 2729 Thes.

326 2750 403 2800 (T.
441 2752 472 2788 V
510 2765 549 2802 p.
588 2750 725 2800 5896)
777 2750 980 2801 exponitur

327 2819 457 2844 summo
490 2807 613 2857 furore
659 2810 835 2858 correptus
857 2835 868 2854 ,
919 2818 980 2844 ex-

1030 939 1140 973 trema
1179 937 1322 973 insania
1358 934 1533 971 laborans.
1612 933 1687 969 Ubi

1029 994 1139 1044 plura
1178 994 1250 1029 alia
1281 993 1490 1042 composita
1526 996 1689 1040 cognata

1031 1049 1253 1086 afferuntur.
1281 1071 1338 1076 ——
1384 1047 1448 1084 Ad
1477 1059 1688 1097 argumen-

1030 1113 1115 1143 tum
1131 1107 1206 1143 loci
1218 1106 1320 1143 conf.
1340 1103 1482 1153 Herod.
1495 1105 1576 1152 VII,
1589 1102 1688 1144 205.

1030 1185 1086 1190 -—
1106 1163 1168 1200 Ad
1178 1164 1293 1200 verba
1311 1157 1392 1200 κατ’
1407 1157 1688 1214 ἀνδραγαθίην

1031 1220 1131 1258 οο11Γ.
1153 1227 1250 1257 nott.
1271 1219 1320 1256 ad
1338 1220 1384 1266 V,
1406 1219 1473 1258 39.

1086 1272 1303 1327 χρεώμενοι
1333 1277 1389 1328 τῷ
1409 1270 1544 1328 νόμῳ]
1586 1272 1689 1310 Suc-

1031 1335 1206 1370 cessionis
1241 1333 1418 1382 intelligit
1453 1332 1614 1380 legeln,·
1640 1328 1689 1367 de

1031 1390 1107 1441 qu&
1137 1390 1238 1426 conf.
1271 1391 1314 1427 (3.
1344 1390 1389 1426 Ο.
1417 1387 1567 1424 Mifller.
1594 1388 1689 1427 Dor.

1028 1448 1066 1483 II
1097 1460 1185 1497 pag.
1216 1449 1308 1487 101.
1375 1446 1452 1481 Pro
1482 1439 1611 1484 δεινόν
1648 1457 1690 1481 τε

1030 1501 1268 1555 ποιεύμενος
1312 1502 1574 1549 Florentium,
1627 1500 1692 1536 alii

1033 1556 1162 1600 δεινόν
1201 1574 1248 1598 τι
1289 1555 1546 1608 ποιεύμενος,
1587 1555 1692 1608 quod

1032 1616 1136 1654 haud
1157 1616 1341 1667 displicet.
1392 1615 1450 1652 Cf.
1469 1615 1535 1661 ΠΙ,
1557 1616 1624 1654 33.
1633 1635 1692 1641 --

1031 1675 1125 1711 Mox
1145 1671 1244 1723 ληον
1274 1672 1457 1724 exhibent
1481 1669 1691 1718 Mediceus,

1031 1731 1283 1777 Florentinus,
1305 1730 1390 1776 aliit,
1429 1727 1620 1765 Sancrofti
1642 1728 1692 1763 li-

1033 1788 1200 1825 bereum
1221 1787 1300 1823 aliis
1322 1782 1431 1833 λαόν,
1453 1797 1550 1836 quae
1567 1783 1692 1820 forma

1033 1845 1121 1881 alibi
1135 1857 1286 1895 quoque
1297 1843 1693 1894 frequentatur,quum

1031 1903 1210 1952 nuspiam
1239 1899 1341 1952 apud
1363 1897 1603 1935 Herodotum
1622 1909 1694 1933 ex·

1033 1965 1104 1995 stet
1135 1950 1246 2007 ληὸς,
1278 1955 1383 2008 quod
1402 1963 1533 1992 tamen
1552 1956 1693 2006 ipsum,

1033 2021 1074 2051 ut
1097 2021 1254 2051 annotat
1272 2012 1471 2060 Valcken.‚
1492 2023 1694 2050 commen-

1036 2071 1146 2108 datur
1154 2072 1268 2107 simili
1281 2071 1405 2106 forma
1420 2066 1531 2118 νηός,
1548 2081 1591 2105 ac
1604 2066 1694 2104 dein

1035 2126 1216 2177 Hesychii
1236 2128 1304 2175 (T.
1324 2128 1361 2161 II
1381 2124 1531 2176 p.467)
1555 2131 1592 2160 et
1611 2125 1693 2160 He-

1036 2183 1203 2220 raclidis
1225 2183 1445 2219 auctoritate
1481 2179 1583 2232 apud
1608 2181 1694 2216 Eu-

1034 2239 1146 2277 stath.
1166 2241 1207 2275 in
1229 2238 1362 2291 Odyss.
1388 2240 1425 2274 H
1444 2252 1483 2289 p.
1504 2240 1569 2285 93,
1588 2239 1642 2278 32
1662 2249 1693 2273 S·

1038 2295 1168 2348 14433
1216 2297 1289 2333 nisi
1316 2297 1460 2346 potius,
1492 2307 1589 2346 quae
1638 2298 1694 2330 est

1034 2351 1216 2388 Matthiae
1238 2352 1286 2390 ad
1301 2351 1339 2389 h.
1351 2351 1591 2398 l.‘sententia,
1610 2350 1693 2386 for-

1035 2422 1141 2445 mam
1168 2406 1261 2459 ληὸν
1285 2410 1333 2446 ob
1353 2409 1518 2445 nimium
1543 2406 1694 2444 dialecti

1034 2468 1186 2503 Ionicae
1205 2465 1374 2503 studium
1394 2478 1416 2502 a
1443 2463 1692 2531 grammatico

1037 2522 1086 2558 ad
1125 2522 1416 2560 similitudinem
1453 2522 1557 2559 vocis
1591 2515 1692 2570 νηὸν

1037 2579 1150 2615 efflet
1141 2593 1203 2616 nn
1243 2593 1322 2616 esse
1355 2585 1508 2616 statuas.
1536 2599 1593 2604 —
1646 2576 1692 2612 In

1035 2649 1141 2687 seqq.
1175 2633 1245 2687 ἄγε
1276 2649 1366 2673 cum
1394 2631 1614 2684 Schweigh.
1655 2638 1693 2669 et

1037 2693 1154 2729 Gaiss.
1174 2693 1312 2729 retinui
1331 2705 1399 2743 pro
1419 2706 1501 2743 ηγε.

1093 2746 1183 2788 ούτε
1192 2765 1244 2803 τῳ
1232 2748 1300 2789 ἐν
1320 2751 1513 2797 Δελφοῖσι
1523 2756 1692 2797 χρηστη-

1036 2806 1108 2861 ρίω
1128 2802 1401 2858 χρησαμενος]
1433 2805 1515 2841 Hoc
1537 2815 1581 2840 eo
1601 2814 1691 2853 per-
