1834 3258
536 240 838 277 ERATO.
898 242 967 278 vl.

1301 246 1385 285 323

90 358 113 392 3
122 366 272 405 ‚‚vov9‚
305 347 382 399 οὓς
411 346 518 405 εἶχε,
550 349 642 404 ἐμοὶ
670 351 920 404 περιετίθει.
963 352 1037 395 καὶ
1063 352 1110 396 τὸ
1156 353 1236 408 μὲν
1260 353 1382 409 οἰχώ-
1394 362 1440 396 55

118 433 232 470 ,,κεε,
262 411 339 473 ἧκε
375 416 421 460 δὲ
457 416 563 472 μετά
591 421 727 461 ταῦτα
761 418 980 472 Ἀρίστων.
1041 436 1100 471 ως
1143 421 1189 464 δέ
1217 436 1269 476 με
1297 419 1383 465 εἶδε

118 486 330 541 ,ἔχουσαν
370 484 629 541 στεφάνους,
674 486 831 540 εἰρώτα
876 489 941 538 τίς
981 488 1046 543 εἴη
1086 486 1112 531 ὅ
1140 504 1216 543 μοι
1252 487 1379 542 δούς·

116 551 225 606 „5705
265 552 311 595 δὲ
351 553 548 611 ἐφάμην,
604 555 785 598 ἐκεῖνον.
845 554 868 599 ὁ
919 555 964 599 δὲ
1004 554 1088 599 οὐκ
1126 554 1379 602 ὑπεδέκετο·

85 618 226 675 4,,ἐγώ
267 621 314 664 δὲ
361 622 676 679 κατωμνύμην,
732 623 904 679 φαμένη
957 621 1094 667 αὐτόν
1138 623 1193 667 ου’
1238 629 1381 678 καλῶς

111 690 308 740 ,,ποιέειν
355 689 711 747 άπαρνεύμενον·
764 691 915 747 ὀλίγον
953 691 1039 748 γάρ
1078 708 1119 735 τι
1156 691 1375 747 πρότερον
1391 701 1436 734 60

112 755 327 808 ,ἐλθόντα
356 760 429 802 καὶ
460 758 808 816 συνευνηθέντα,
848 761 1006 803 δοῦναί
1046 777 1121 816 μοι
1151 760 1256 811 τούς
1288 773 1380 804 στε-

85 824 326 881 5,,φάνους.
385 827 526 882 ὁρέων
556 829 602 871 δέ
641 845 692 885 με
723 829 1056 885 κατομνυμένην
1096 826 1119 871 ὁ
1158 828 1378 884 Ἀρίστων,

111 895 273 950 ,,ἔμαθε
303 894 363 947 ὥς
391 902 517 940 θεῖον
544 898 608 953 εἴη
637 896 686 940 τό
716 900 906 953 πρῆγμα.
946 897 1019 941 καὶ
1048 900 1182 940 τοῦτο
1213 898 1304 953 μὲν,
1336 899 1380 941 οἱ

110 962 349 1019 ,,στέφανοι
399 964 626 1022 ἐφάνησαν
676 964 819 1016 ἐόντες
868 967 915 1008 ἐκ
972 968 1053 1008 τοῦ
1091 962 1261 1022 ἡρωίου
1297 969 1380 1009 τοῦ

54 1159 103 1198 ad
143 1157 286 1212 φάσμα
323 1159 569 1198 referendum
616 1161 716 1210 est].

53 1220 136 1256 Hoc
156 1213 364 1270 φάσματος
378 1231 522 1255 nomen
542 1219 583 1254 in
602 1231 717 1254 men—

52 1276 156 1312 tione
189 1289 342 1327 pugnae
373 1276 630 1324 Salaminiae,
674 1276 714 1312 in

52 1344 128 1384 qua
143 1333 258 1384 ipsius
274 1334 467 1369 Demarati
485 1339 610 1383 partes
627 1333 715 1369 fue-

37 1386 161 1437 runt,
193 1390 411 1442 frequentat
438 1388 610 1427 Aristidis
641 1390 713 1427 So-

48 1444 191 1497 phista,
252 1449 357 1484 cuius
396 1447 499 1484 locos
540 1445 714 1484 exhibuit

49 1501 236 1542 Valcken.
259 1503 307 1541 ad
338 1503 482 1541 Herod.
511 1504 612 1552 VIII,
644 1504 711 1546 65.

50 1560 121 1608 [T.
154 1562 281 1611 [pag.
305 1560 370 1601 55.
400 1560 494 1601 248.
526 1560 622 1601 451.
660 1562 712 1598 Τ.

47 1618 100 1653 III
119 1630 207 1668 pag.
230 1618 345 1667 350]
406 1619 510 1654 Haec
530 1616 708 1654 Herodo-

46 1680 107 1710 tea
137 1675 339 1725 respiciens
368 1674 549 1712 Aristides
579 1675 709 1727 loqui—

47 1730 166 1768 turde
177 1735 260 1778 τοῖς
283 1726 350 1770 εἶπ’
368 1727 593 1778 Ἐλευσῖνος
607 1728 710 1779 φάσ-

47 1800 156 1838 μασι.
204 1790 270 1825 Tu
291 1787 378 1825 add.
401 1787 533 1826 Schol.
553 1788 710 1826 Aristid.

45 1857 134 1895 pag.
157 1847 211 1886 66
232 1847 440 1882 Frommel.
463 1846 556 1894 (ubi
575 1845 711 1882 itidem

48 1899 228 1952 δαίμων)
267 1903 354 1938 coll.
384 1901 515 1939 Schol.
542 1903 640 1939 Plat.
663 1901 712 1938 ad

49 1955 251 1994 Theaetet.
271 1970 360 2008 pag.
383 1961 433 1998 19
446 1957 618 2006 Puhnk
647 1959 713 2010 qui

50 2008 241 2063 φάσματα
272 2028 320 2050 ex
340 2022 470 2051 mente
491 1987 710 2066 philosophi

48 2070 221 2106 illustrat.
278 2071 416 2106 Plato
407 2084 446 2106 m
468 2071 648 2122 Sympos.
670 2085 708 2121 p.

51 2128 143 2173 179,
173 2140 211 2177 p.
242 2129 322 2168 383
355 2126 416 2162 ed.
449 2126 619 2166 Bekker.
661 2127 710 2164 de

48 2181 201 2234 Orpheo
223 2190 260 2220 et
281 2183 495 2235 Eurydice:
529 2199 559 2234 φ
574 2179 599 2222 ά
613 2195 708 2234 σμα

46 2239 243 2287 δείξαντες
285 2243 356 2291 τῆς
402 2238 592 2291 γυναικός
621 2241 707 2278 coll.

46 2296 199 2347 Origen.
221 2310 254 2334 c.
276 2298 372 2334 Cels.
394 2298 457 2345 VI,
479 2300 518 2339 8.
568 2299 710 2335 Gram-

46 2355 208 2390 maticus
252 2354 301 2391 ad
353 2355 499 2391 calcem
536 2355 707 2406 Etymol.

48 2409 149 2447 Gud.
170 2411 261 2460 np.
282 2413 363 2452 638
383 2412 486 2462 Lips.
517 2407 709 2480 φάσματα

47 2479 94 2504 τα
116 2466 158 2505 ἐν
177 2463 292 2518 ν’ττνῳ
315 2465 535 2518 φαινόμενα
551 2467 618 2507 καὶ
632 2464 708 2508 όσα

50 2519 297 2569 φαντάζουσι
325 2521 372 2562 τά
414 2519 600 2574 δαιμόνια
636 2521 707 2564 νύ-

48 2591 148 2630 κτωρ
167 2575 196 2629 ἢ
208 2579 439 2630 μεθημέραν
459 2580 502 2619 ἐν
514 2586 599 2626 ταῖς
615 2577 706 2633 ἐρή-

50 2649 139 2683 μαις
156 2631 235 2675 άττὸ
251 2637 325 2675 τοῦ
340 2631 456 2685 α’έρος
473 2635 707 2687 λαμβάνον-

49 2705 95 2729 τα
109 2688 177 2739 τάς
202 2689 361 2743 μορφάς
379 2692 465 2738 οἵας
486 2689 536 2731 ἂν
559 2691 708 2732 ἐθέλω-

52 2758 102 2786 σι.
132 2769 186 2776 —
214 2751 272 2785 De
302 2750 511 2786 simulacris
547 2748 708 2786 daemo-

50 2815 164 2853 num,
204 2807 424 2856 praesertim
446 2806 708 2842 Venereorum

52 2855 238 2912 φάσματα
258 2863 400 2909 κακίας
417 2863 496 2900 sive
518 2858 708 2914 φάσματα

771 1162 924 1199 κακιῶν
933 1166 1090 1211 usurpat
1109 1159 1296 1196 Eusebius
1316 1160 1436 1196 Pam-

771 1217 879 1268 phil„
901 1216 1063 1254 docente
1080 1217 1359 1253 Henr.Va1esi0
1385 1216 1434 1254 ad

771 1275 870 1312 illius
892 1275 994 1312 Orat.
1015 1276 1072 1311 De
1093 1273 1224 1311 laudd.
1237 1274 1433 1311 Constant.

772 1345 831 1383 Cp-
853 1333 878 1372 8
899 1345 936 1383 p.
956 1335 1039 1373 672
1060 1331 1119 1370 ed.
1140 1332 1299 1368 Taurin.
1330 1332 1436 1367 Iam-

770 1387 921 1426 blichus
952 1390 1073 1441 Syrus
1111 1390 1152 1425 in
1192 1389 1436 1439 Babylonicis

772 1459 833 1497 ap.
860 1445 974 1483 Phot.
1008 1445 1093 1483 cod.
1125 1444 1190 1485 94.
1212 1459 1251 1497 p.
1275 1447 1351 1485 131
1372 1444 1436 1483 ed.

771 1501 974 1540 Hoeschel.
1014 1505 1120 1544 1601
1164 1501 1212 1538 de
1245 1501 1436 1538 dae-mone

769 1559 972 1611 pulchram
980 1560 1167 1596 feminam
1178 1558 1432 1610 depereunte:

769 1617 836 1657 καὶ
850 1616 996 1670 τράγου
1017 1632 1055 1655 τι
1076 1632 1106 1666 φ
1119 1613 1145 1655 α’
1158 1628 1180 1655 σ
1191 1632 1217 1667 μ
1231 1632 1255 1654 α
1277 1614 1350 1670 ἐρᾷ
1361 1618 1434 1655 Σι-

768 1671 954 1722 νώνιόος.
984 1676 1135 1710 Locum
1154 1674 1320 1724 respexit
1341 1673 1435 1710 Sui-

769 1731 834 1769 das
864 1733 904 1768 iu
935 1728 1077 1782 φάσμα
1112 1732 1161 1768 Τ.
1180 1731 1235 1767 III
1264 1743 1304 1780 p.
1325 1727 1431 1771 548:

767 1787 836 1827 καὶ
867 1788 976 1836 ἔδοξε
1008 1784 1152 1840 τράγος
1200 1784 1323 1833 εἶναι,
1376 1782 1433 1836 μή

768 1847 916 1896 ταῦρος
937 1845 1066 1884 ἐκεῖνο
1101 1840 1146 1883 τό
1170 1840 1323 1893 φάσμα.
1382 1842 1434 1878 Ηί

769 1902 931 1938 extremi
956 1901 1032 1937 loci
1063 1913 1179 1952 quam
1199 1899 1340 1937 similes
1360 1899 1434 1935 sint

767 1956 857 1994 huic
872 1958 944 2008 ipsi
964 1956 1198 2003 Herodoteo‚
1230 1955 1353 2004 magis
1374 1961 1433 1991 et-

767 2015 846 2050 iam
886 2015 1084 2065 sequentia
1115 2011 1346 2049 docebunt.“
1378 2033 1429 2040 -—-

766 2071 829 2107 Ad
873 2071 1040 2107 formam
1078 2068 1296 2119 περιετίθει
1328 2067 1432 2105 conf.

765 2125 900 2164 Matth.
923 2127 989 2163 Gr.
1011 2127 1077 2162 Gr.
1096 2137 1185 2176 pag.
1208 2123 1303 2165 394.

823 2179 896 2223 οὐκ
913 2181 1154 2231 ὑπεδέκετο]
1184 2182 1210 2218 i.
1232 2194 1265 2220 e.
1287 2193 1354 2218 non
1371 2192 1429 2217 re-

765 2242 874 2290 cepa,
923 2253 993 2277 non
1011 2239 1154 2276 admisit
1180 2239 1256 2276 hoc.
1315 2237 1429 2274 Conf.

765 2298 831 2345 111,
855 2299 934 2338 130
954 2298 1084 2348 ibique
1104 2302 1201 2332 nott.
1258 2293 1321 2331 Ad
1340 2307 1430 2332 ver-

766 2355 862 2390 bum
882 2349 1087 2403 κατωμνύς.
1090 2368 1154 2403 ην
1175 2354 1215 2388 in
1227 2364 1333 2404 seqq.
1350 2349 1429 2389 vid.

765 2418 862 2447 nott.
885 2410 933 2447 ad
953 2411 1016 2456 VI,
1038 2409 1092 2451 65
1114 2417 1150 2446 et
1170 2408 1218 2446 ad
1238 2410 1354 2446 verba
1377 2403 1430 2448 ου’

763 2470 896 2513 καλως
935 2465 1085 2506 ποιέειν
1125 2461 1431 2517 άπαρνεῦμενον

763 2523 902 2561 Matth.
926 2525 991 2560 Gr.
1015 2525 1080 2560 Gr.
1101 2536 1190 2574 pag.
1216 2524 1336 2563 1087.

822 2580 947 2632 ἔμαθε
965 2578 1020 2626 ὦς
1041 2583 1156 2618 θεῖον
1181 2578 1242 2628 εἴη
1266 2575 1311 2617 vo*
1324 2578 1428 2628 πρῆ-

764 2639 870 2689 γμα]
912 2638 938 2674 i.
972 2650 1006 2672 e.
1042 2636 1216 2673 netelleccit
1256 2634 1428 2671 divi'mtus

763 2694 850 2744 quid
878 2693 1060 2730 accz'classe.
1121 2692 1230 2728 Conf.
1251 2691 1297 2737 ΙΙ,
1321 2691 1388 2730 66.

819 2750 861 2789 οἱ
878 2749 1069 2799 στέφανοι
1081 2745 1292 2798 ἐφάνησαν
1302 2741 1429 2792 ἐόντες

763 2804 806 2844 ἐκ
827 2809 900 2845 τοῦ
917 2805 1072 2858 ηρωΐου
1093 2819 1129 2842 κ.
1157 2818 1189 2841 τ.
1213 2806 1244 2841 λ.
1256 2803 1273 2850 ]
1307 2802 1428 2840 Simi-

763 2863 877 2899 liter
867 2876 907 2899 ιιι
926 2874 1068 2913 pompa
1080 2861 1178 2897 Iovis
1201 2866 1237 2896 et
1257 2860 1427 2896 Alexan-

1044 2914 1145 2957 21*
