1870 3249
0 380 53 426 38

358 263 1013 302 TERPSICHORE.
1070 261 1112 299 V.
1293 262 1378 303 163

110 375 318 430 περόνῃσι
343 373 402 428 μή
433 374 655 428 χρέωνται.
699 373 788 416 ἔστι
819 373 884 425 δὲ,
917 369 1072 427 ἀληθέι·
1101 369 1218 426 λόγῳ
1249 378 1434 426 zoam-85

109 444 300 499 μένοισι,
342 440 424 484 οὐκ
460 440 544 492 Ἰὰς
576 441 684 496 αὕτη
712 440 740 497 ἡ
771 441 903 496 ἐσθὴς
932 457 981 483 το
1015 438 1228 491 παλαιὸν,
1269 436 1378 481 ἀλλὰ

110 510 299 587 Κάειρα·
332 509 420 552 ἐπεὶ
450 508 478 564 ἥ
507 524 554 563 γε
579 507 806 565 Ελληνικη
848 507 981 563 ἐσθης
1010 511 1127 551 πᾶσα
1157 505 1184 563 ἡ
1225 504 1379 561 ἀρχαίη

108 579 197 622 τῶν
216 580 460 634 γυναικῶν,
501 575 528 631 ἡ
563 576 671 633 αὐτὴ
702 580 758 631 ἠν
789 577 867 632 τὴν
896 579 983 618 νῦν
1013 576 1194 629 Δωρίδα
1222 574 1378 618 καλέο-

78 653 199 702 Ξμεν.
262 650 383 688 Τοῖσι
423 645 469 688 δὲ
502 643 733 701 Ἀργείοισι
762 646 835 689 καὶ
874 650 987 687 τοῖσι
1016 642 1277 700 Αἰγινήτῃσι
1305 641 1378 686 καὶ
1438 641 1712 678 seupotinscari-

1438 683 1505 702 cum
1523 679 1668 704 mutatus.

110 712 222 768 πρός
251 718 388 758 ταῦτα
418 713 481 756 ἔτι
507 713 607 757 τόδε
635 717 817 770 ποιῆσαι
847 713 987 768 νόμον
1016 710 1132 762 εἶναι
1159 711 1278 767 παρὰ
1302 710 1380 767 σφὶ
1439 710 1521 749 ‘2⁰⁰⁸
1539 719 1638 738 ¹¹³⁰‘22
1659 713 1713 737 Af·

1437 743 1489 778 giv
1491 743 1501 770 i
1519 747 1549 771 et
1581 743 1711 780 Aegine-

111 781 377 837 ἑκατέροισι·
434 779 512 831 τὰς
558 780 747 836 περόνας
782 779 986 837 ἡμιολίας
1035 780 1264 824 ποιέεσθαι
1302 777 1687 823 10590⁶³90¹¹¹¹de³d·

110 848 206 894 τότε
236 853 523 900 κατεστεῶτος
553 850 738 904 μέτρου,

1439 819 1504 839 serv
1508 811 1597 840 erint.

770 849 845 892 καὶ
874 850 917 900 ἐς
945 847 995 892 τὸ
1025 845 1125 901 ἱρὸν
1154 851 1243 890 τῶν
1260 846 1381 890 θεῶν

110 919 302 961 τουτέων
330 917 521 971 περόνας
549 917 735 974 μάλιστα
756 915 1013 962 ἀνατιθέναι
1041 915 1118 965 τὰς
1145 920 1378 970 γυναῖκας·

107 983 302 1030 Ἀττικόν
331 987 375 1031 δὲ
403 985 508 1042 μήτε
534 1004 574 1030 τι
605 985 710 1030 ἄλλο
741 985 1013 1042 προσφέρειν
1043 983 1154 1040 πρὸς
1182 982 1231 1027 τὸ
1266 981 1377 1036 ἱρὸν,

206 1174 569 1225 cap.1.xxxvn1.

112 1225 261 1279 οἷληθέϊ
291 1226 394 1285 λόγῳ
435 1244 583 1282 χρεωμε
567 1227 716 1298 έ,νοισι]

36 1286 202 1323 'Eadem
233 1288 375 1324 locutio
403 1288 433 1335 Ι,
458 1287 531 1335 143
562 1288 651 1323 alias
673 1283 719 1325 α’-

56 1345 208 1397 ληθηΐῃ
248 1341 447 1394 χρήσομαι
487 1345 578 1391 VII,
622 1347 716 1384 101-

60 1400 136 1441 104
157 1401 243 1437 coll.
263 1402 327 1449 VI,
349 1401 431 1442 53¹
461 1395 581 1453 ὀρθῷ
609 1395 714 1454 λόγῳ

55 1456 273 1511 χρεωμένῳ.

111 1527 278 1564 ποιησαι
293 1509 415 1564 νόμον
434 1509 554 1562 εἰναι]
571 1514 632 1550 Ex
645 1526 717 1549 an-

57 1571 263 1608 tecedentis
285 1585 367 1622 cap.
395 1572 503 1607 initio
531 1571 718 1621 supplen-

57 1627 152 1664 dum
179 1627 340 1679 λέγεται.
400 1629 458 1664 Ac
486 1640 602 1664 nemo
637 1640 718 1664 11011

56 1685 242 1735 iutelligit,
264 1684 362 1721 hanc
382 1685 527 1735 legem,
560 1683 720 1736 (111·Ξ1Αῖ-

57 1743 153 1778 ticae
179 1755 324 1779 merces
367 1741 580 1792 prohibitae
618 1748 717 1788 sunt,

59 1811 191 1834 earum
228 1812 277 1835 ex
306 1811 446 1849 genere
478 1811 576 1846 esse,
621 1810 718 1850 quae

58 1856 194 1891 nostris
224 1856 457 1906 temporibus
492 1868 560 1905 per
585 1867 718 1891 omues

59 1911 137 1947 fere
159 1912 326 1948 civitates
347 1910 585 1948 introductae
609 1912 717 1947 inve-

58 1967 240 2011 niuntur,
287 1968 492 2018 referrique
522 1980 631 2017 posse
671 1966 720 2003 ad

59 2023 129 2060 ista
149 2025 329 2070 instituta,
348 2037 452 2059 1111110
473 2023 630 2075 quidem
651 2036 720 2059 co·-

59 2081 165 2130 gnita
185 2081 296 2116 variis
320 2080 551 2117 nominibus.
571 2079 720 2127 ῙΙῙαιιέΙι,

62 2136 169 2184 Zall,
199 2136 348 2181 Daune,
380 2137 515 2188 quibus
535 2136 597 2173 vel
617 2135 721 2174 redi-

60 2199 118 2229 tus
149 2194 306 2229 civitatis
340 2195 471 2244 augeri
490 2194 551 2230 vel
569 2205 721 2230 merca-

58 2247 184 2286 turam
231 2249 453 2300 indigenam
502 2251 721 2301 promoveri

59 2305 245 2343 dictitant.
304 2307 419 2344 Cuius
455 2307 602 2344 inventi
631 2308 718 2344 lau-

61 2362 148 2400 dem
169 2376 217 2399 ne
234 2364 316 2415 quis
346 2364 617 2401 recentioribus
648 2365 718 2401 tri-

59 2420 171 2467 buat,
201 2421 280 2470 ipse
299 2419 361 2457 hic
382 2421 636 2472 antiquissimi
654 2419 718 2456 hi-

60 2478 186 2513 storici
206 2477 309 2523 locus
329 2479 415 2514 satis
437 2476 560 2526 docet,
578 2491 629 2514 ne
649 2491 718 2514 ve-

61 2541 158 2570 teres
181 2532 336 2584 quidem
354 2535 444 2571 talia
463 2534 614 2572 latuisse
639 2535 720 2571 cla-

61 2603 179 2642 reque
195 2597 495 2637 commonstrant
503 2590 721 2628 Athenien-

62 2647 161 2683 sium
186 2647 288 2696 leges
317 2648 551 2698 complures,
584 2648 720 2700 quibus

59 2703 178 2740 libero
236 2704 424 2740 mercium
481 2703 722 2755 quarundam

63 2761 292 2797 commercio
313 2759 588 2807 interdixerint,
608 2773 721 2797 suum

64 2817 232 2867 ipsorum
249 2817 524 2853 commercium
535 2815 624 2853 inde
634 2829 721 2853 ma-

63 2874 260 2924 ximopere
281 2874 413 2924 augeri
431 2874 514 2911 rati.
557 2874 634 2910 Nec
647 2874 720 2910 alia

777 1185 868 1209 sane
896 1172 1173 1222 Aeginetarum
1196 1170 1309 1207 fuisse
1328 1168 1439 1207 vide-

775 1235 839 1266 tur
869 1231 987 1278 ratio,
1038 1229 1101 1265 cui
1119 1240 1274 1265 causam
1306 1240 1327 1263 a
1347 1227 1439 1263 reli—

774 1287 890 1336 gione
919 1293 963 1322 ut
991 1285 1034 1322 fit
1066 1286 1268 1336 repetitam
1286 1290 1440 1335 praete-

772 1344 913 1379 xerint.
985 1343 1042 1379 Ac
1083 1354 1295 1393 sanequam
1334 1339 1438 1377 haud

771 1401 849 1437 scio
866 1412 916 1436 an
937 1412 981 1435 ea
1000 1400 1081 1450 ipsa
1099 1400 1164 1436 lex
1181 1405 1440 1435 mercaturam

773 1463 811 1494 et
845 1457 1054 1493 sollertiam
1086 1457 1366 1506 Aeginetarum
1398 1456 1438 1491 in

773 1514 950 1564 operibus
970 1512 1110 1563 figlinis
1140 1512 1252 1549 valde
1279 1525 1440 1562 promo-

773 1572 870 1607 verit
891 1577 928 1607 et
948 1571 1116 1617 auxerit,
1139 1583 1230 1606 cum
1251 1571 1330 1606 eius
1341 1581 1440 1619 gen-

775 1628 823 1664 tis
863 1628 1049 1678 opzficinae
1082 1627 1243 1677 figlinae
1274 1627 1440 1678 antiqui-

776 1691 837 1721 tus
859 1685 1070 1721 celebratae
1091 1684 1204 1720 fuisse
1218 1682 1438 1720 videantur.

774 1743 874 1778 Nam
883 1743 981 1778 inter
990 1741 1202 1789 notissima,
1217 1747 1260 1776 ut
1278 1738 1441 1787 videtur,

773 1797 988 1835 istiusmodi
1008 1811 1121 1849 opera
1142 1796 1166 1837 ό
1186 1795 1357 1848 κέραμος
1369 1796 1443 1835 Αἰ-

775 1859 928 1906 γιναῖος
949 1855 1051 1905 apud
1082 1853 1323 1905 Stephanum
1343 1854 1441 1904 Byz.

775 1925 805 1948 s.
827 1925 864 1948 v.
886 1910 1053 1962 Αἴγιναι
1072 1924 1162 1961 pag.
1183 1911 1237 1951 53
1260 1910 1346 1946 coll.
1363 1923 1442 1947 s.V.

779 1962 885 2013 Γάζα
914 1981 952 2017 p.
990 1968 1087 2008 257.
1148 1968 1214 2003 Tu
1238 1965 1315 2003 vid.
1348 1978 1443 2017 quo-

778 2036 852 2075 que
871 2024 1022 2060 Miiller.
1051 2024 1244 2073 Aeginett.
1277 2035 1366 2074 pag.
1387 2024 1441 2063 79

776 2093 856 2131 seq.
882 2087 918 2116 et
937 2079 1102 2117 Boeckh
1123 2077 1440 2118 Staatshaushalt.

776 2138 795 2174 Ι
813 2149 903 2187 pag.
925 2139 991 2177 63.

833 2195 892 2230 De
912 2194 1045 2230 Atticis
1055 2205 1170 2243 opere
1184 2191 1291 2229 fictili
1312 2193 1440 2230 omni—

777 2263 854 2302 que
884 2263 1063 2288 vasortun
1082 2250 1257 2289 fictilium
1285 2262 1438 2300 genere,

775 2320 845 2358 per
885 2320 1043 2344 omnem
1087 2308 1286 2349 Graeciam
1327 2313 1440 2358 atque

772 2364 922 2404 Italiam
944 2363 1037 2406 hinc¹
1053 2362 1228 2405 traducto
1244 2364 1440 2400 excellen-

773 2421 892 2468 tibus,
925 2423 976 2457 ita
999 2427 1059 2467 ut,
1092 2428 1185 2457 teste
1208 2420 1439 2466 Quintiliano

771 2478 890 2514 Instit.
915 2480 979 2514 Or.
1004 2479 1051 2524 II,
1071 2480 1133 2523 17,
1157 2479 1236 2527 ipsa
1264 2476 1359 2513 haec
1380 2490 1438 2513 ars

775 2547 795 2571 e
833 2535 914 2572 luto
944 2546 1033 2571 vasa
1071 2532 1238 2571 ducendi
1265 2534 1438 2571 Atticum

775 2598 994 2629 censeretur
1003 2592 1217 2637 inventum,
1228 2591 1337 2640 plura
1350 2603 1439 2627 mo-

777 2661 869 2686 nere
889 2649 956 2685 vix
975 2649 1119 2686 attinet.
1142 2649 1206 2684 Tu
1231 2646 1304 2684 vid.
1319 2645 1438 2683 modo

779 2704 822 2741 C.
853 2705 897 2742 O.
927 2705 1076 2742 Miiller.
1106 2703 1259 2740 Handb.
1288 2702 1327 2740 d.
1360 2703 1439 2739 Ar-

777 2759 974 2811 chaeolog.
1006 2762 1042 2806 §.
1074 2763 1140 2800 652.
1170 2783 1220 2788 —
1261 2761 1306 2795 In
1330 2772 1436 2811 seqq.

777 2815 884 2868 παρά
909 2816 981 2866 σφὶ
1003 2814 1236 2854 emmunim.
1258 2814 1347 2852 dedi
1367 2828 1437 2866 pro

776 2870 883 2924 παρά
905 2886 998 2923 σφι,
1019 2882 1061 2909 ut
1082 2872 1198 2909 Gaisf.
1220 2870 1388 2908 exhibet.

1058 2932 1104 2968 11
1130 2925 1156 2948 ᾗ
