1851 3181
438 261 522 301 484
835 234 1308 295 iiER'onoTl

440 371 523 412 τοῦ
551 369 747 423 Σιληνοῦ
772 365 997 420 Μαρσύεω
1030 364 1162 417 ἀσκὸς
1190 366 1239 409 ἐν
1256 368 1313 423 τῇ
1342 365 1443 409 πόλι
1472 363 1713 421 ἀνακρέμα-

442 453 536 486 ται,
582 434 662 478 τὸν
691 431 783 477 ’ὑπὸ
817 437 1009 489 Φρυγῶν
1039 432 1169 489 λόγος
1199 434 1282 490 ἔχει
1322 432 1410 477 ὑπὸ
1436 431 1713 483 ’Λπόλλωνος

311 513 377 560 23
437 503 674 558 ἐκδαρέντα
712 500 1115 556 ἀνακρεμασθῆναι.
1170 499 1244 545 Ἐν
1273 501 1411 558 ταύτῃ
1441 506 1496 558 τῇ
1525 499 1630 544 πόλι
1659 499 1739 542 ὐ·ι

106 566 384 640 ἶοὲζξιῑξζῃξιέἓὲζ
440 570 742 627 ποκατήμενος
779 569 956 620 Πύθιος
984 567 1009 612 ὁ
1028 567 1210 620 Ἄτυος,
1254 569 1365 626 ἀνὴρ
1397 569 1572 622 Λυδὸς,
1613 567 1714 619 ἐξεί-

106 645 384 707 {ffigffigssffiadciflm
440 652 534 686 νισε
573 639 653 694 τὴν
691 637 892 694 βασιλέος
933 636 1140 693 στρατιὴν
1181 640 1329 680 πᾶσαν
1369 638 1562 689 ξεινίοισι
1602 636 1714 691 μεγί-

106 700 365 781 ffgguffiigcgggi-
446 720 599 755 στοισι,
631 706 707 749 καὶ
735 701 874 748 αὐτὸν
903 705 1084 759 Ξέρξεα·
1125 704 1324 761 χρήματά
1353 722 1397 748 τε
1419 703 1741 760 ἐπαγγέλλετο,5

107 780 386 849 ξίἰῐῐίῑὲξΙ-ΠΘΡὲῇῐῐῖιὲξ
416 774 722 832 Ξβουλόμενος
762 772 805 824 ἐς
835 772 914 816 τὸν
943 773 1136 831 πόλεμον
1164 774 1379 830 παρέχειν.
1409 769 1714 829 ἐπαγγελλομέ·

107 847 384 911 ῗέἔὲῗηωᾶῗηιῗῖε.
402 910 445 916 ,s
472 910 486 913 ,.

385 992 428 1034 ἐν
458 995 528 1048 τῇ,
569 1005 682 1030 voces
713 992 757 1033 ἓν
790 996 841 1049 τῇ
861 990 953 1034 πόλι
984 1000 1050 1030 aut

384 1063 537 1101 prorsus
587 1049 787 1098 delendas,
846 1052 987 1102 quippe
1027 1063 1049 1086 e

382 1107 585 1156 marginali
604 1107 727 1156 glossa
755 1108 796 1144 in
815 1114 967 1144 textum
988 1120 1051 1143 re-

384 1171 523 1214 ceptas,
546 1170 610 1199 aut
637 1176 706 1214 pro
729 1162 771 1202 ἐν
791 1166 842 1217 τῇ
872 1159 1052 1215 ‹inpomi-

385 1224 442 1258 λει
463 1220 701 1270 accipiendas
719 1221 865 1257 censuit
884 1219 1053 1256 Valcke—

385 1278 552 1322 naerius,
579 1277 619 1312 in
635 1290 712 1328 quo
739 1279 820 1327 ipso
842 1278 1053 1313 assentien-

383 1340 462 1370 tem
491 1339 623 1369 nactus
645 1340 700 1370 est
729 1332 965 1369 Lat-cherum
992 1340 1052 1369 at-

388 1403 463 1441 que
479 1387 888 1439 Schweighaeuserum
903 1420 910 1437 ‚
934 1388 1051 1441 quiid

383 1447 512 1496 ipsum
531 1447 571 1482 in
600 1452 712 1482 textu
730 1446 886 1483 forsitan
915 1447 1051 1496 reponi

383 1516 493 1553 posse
549 1504 773 1553 suspicatur.
854 1502 1050 1553 Equidem

383 1560 501 1596 verba
521 1557 564 1597 ἒν
580 1561 631 1612 τῇ
660 1556 751 1598 πόλι
775 1561 948 1610 quamvis
968 1560 1050 1609 ipsa

384 1629 454 1666 per
473 1628 512 1652 se
527 1616 592 1652 vix
604 1617 824 1663 necessaria,
847 1615 895 1652 ad
915 1617 1050 1652 melio-

384 1685 468 1708 rem
496 1679 627 1708 tamen
656 1673 730 1709 loci
768 1674 997 1709 seutentiam
1029 1684 1052 1708 a

384 1730 564 1779 scriptore
576 1729 781 1765 verborum
792 1730 952 1765 minime
961 1741 1052 1779 par-

387 1798 433 1822 co
455 1784 602 1822 adiecta
623 1784 791 1822 credam.
850 1785 924 1830 Qui
943 1786 1052 1822 Mar-

385 1855 477 1893 syae
499 1841 620 1879 Sileni
641 1837 766 1888 οἷσκὸς
781 1840 894 1890 (uter)
917 1842 1053 1893 appel-

386 1900 498 1942 latur,
520 1896 772 1949 Xenophonti
793 1897 938 1946 (Anab.
958 1900 987 1946 Ι,
1011 1902 1050 1946 2,

387 1956 431 2001 8)
453 1961 509 1991 est
530 1953 654 2004 δέρμα
684 1954 859 2005 (pellis),
890 1956 1052 1991 Aeliano

387 2012 451 2058 (V.
474 2013 523 2048 H.
540 2012 645 2058 XIII,
668 2013 737 2059 21)
759 2009 871 2061 δορα,
892 2012 958 2048 ubi
975 2010 1053 2051 vid.

387 2068 579 2104 Perizonii
606 2074 740 2104 notam
759 2080 824 2104 eos
844 2067 1056 2119 reprehen-

389 2123 524 2171 dentis,
547 2124 614 2175 qui
632 2125 781 2160 Vallam
805 2126 923 2161 secuti
942 2124 1053 2162 Mar-

389 2193 474 2230 syae
493 2180 615 2231 pellem
635 2182 728 2217 utris
748 2181 871 2217 forma
891 2194 1053 2232 suspen-

389 2249 471 2273 sam
491 2250 520 2273 s.
546 2238 586 2272 iu
613 2243 740 2273 utrem
766 2238 971 2274 formatam
1007 2250 1052 2274 ac

388 2305 609 2343 suspensam
622 2306 700 2330 esse
710 2293 950 2341 credideriut,
962 2306 1051 2330 cum

391 2344 515 2394 οἷσκός
545 2348 646 2398 apud
693 2349 932 2386 Herodotum
969 2351 1051 2400 ipsa

389 2406 436 2443 sit
471 2405 590 2455 pellis.
647 2406 698 2442 At
728 2406 857 2442 Vallae
886 2407 1054 2456 patroci-

389 2468 502 2498 natur
521 2462 687 2498 Platonis
708 2462 812 2499 locus
833 2464 871 2498 in
884 2461 1052 2513 Euthyd.

390 2532 428 2569 p.
446 2517 525 2558 285
547 2519 595 2554 D.
624 2531 663 2567 p.
694 2517 776 2558 420
805 2517 930 2555 Bekk.
961 2519 1054 2567 (ibi-

392 2588 467 2626 que
485 2573 687 2611 Scholiast.
707 2586 796 2624 pag.
817 2577 870 2616 96
896 2573 1051 2613 Ruhnk.

391 2638 429 2668 et
458 2630 659 2667 Heindorf.
696 2643 783 2681 pag.
808 2631 933 2680 346.)
966 2644 1052 2683 pro-

392 2688 506 2725 bante
534 2687 778 2738 Wesseling.‚
799 2686 983 2726 Valcken.
1014 2694 1052 2724 et

393 2742 768 2794 Schweigliaeusero.
779 2744 837 2780 De
849 2744 929 2794 ipso
944 2743 1053 2781 Mar-

393 2814 473 2850 sya,
512 2799 723 2851 Hyagnidis
752 2798 909 2851 Phrygii
926 2829 935 2847 ,
986 2801 1053 2852 qui

394 2857 528 2894 tibiam
545 2858 732 2896 iuvenisse
751 2856 880 2907 fertur,
900 2856 977 2894 filio
989 2869 1052 2895 eo-

1108 992 1275 1046 demque
1314 995 1468 1031 tibicine
1509 992 1769 1038 celeberrimo,

1107 1053 1275 1103 quicum
1285 1052 1462 1101 Apolline
1477 1057 1622 1087 certans
1633 1061 1771 1085 succu-

1107 1109 1233 1145 buisse
1263 1109 1402 1155 fertur,
1441 1107 1542 1144 conf.
1575 1104 1769 1142 Plutarch.

1108 1166 1145 1201 II
1165 1178 1255 1216 pag.
1280 1168 1388 1205 1132
1409 1166 1449 1201 F.
1475 1165 1579 1204 1133
1593 1164 1639 1199 Ε.
1659 1161 1769 1199 Diod.

1111 1222 1190 1259 Sic.
1215 1223 1280 1268 ΙΙΙ,
1303 1222 1368 1262 59.
1392 1222 1536 1271 Hygin.
1556 1219 1634 1256 fab.
1659 1220 1750 1259 165.

1165 1273 1278 1330 λόγος
1289 1277 1381 1328 ἔχει]
1396 1276 1579 1315 vid.n0tt.
1595 1274 1643 1312 ad
1656 1275 1770 1323 V,66.

1307 1367 1401 1418 Cap.
1421 1366 1584 1403 XXVIL

1165 1443 1189 1485 ὁ
1205 1442 1387 1494 ”Ατυος]
1418 1447 1553 1482 Plures
1572 1445 1660 1482 libri
1681 1457 1771 1481 cum

1105 1502 1305 1539 Eustathio
1337 1501 1431 1539 haec
1467 1503 1605 1539 citante
1642 1500 1690 1538 ad
1726 1502 1771 1537 ΙΙ.

1105 1562 1141 1596 ΙΙ
1161 1572 1249 1610 pag.
1272 1562 1367 1607 366,
1389 1561 1444 1600 22
1471 1572 1501 1600 S.
1523 1561 1620 1606 277,
1651 1561 1716 1599 30.
1749 1555 1773 1597 ὅ

1105 1612 1272 1667 Ἀτρέος,
1292 1616 1470 1653 nonnulli
1490 1617 1605 1652 etiam
1625 1615 1772 1651 abiecta

1107 1673 1244 1710 vocula
1265 1670 1302 1711 ὁ.
1363 1674 1415 1709 At
1435 1673 1541 1723 Atyis
1567 1684 1710 1708 nomen
1730 1672 1772 1707 in

1106 1728 1321 1781 Lydioriun
1358 1729 1470 1765 rebus
1509 1727 1614 1765 haud
1651 1728 1774 1764 infre-

1107 1798 1256 1838 quens,
1305 1785 1406 1822 conf.
1444 1791 1540 1822 nott.
1571 1783 1621 1821 ad
1655 1786 1688 1831 I,
1731 1787 1773 1825 7.

1108 1843 1182 1888 Qui
1205 1837 1370 1888 Πύθιος
1389 1848 1546 1879 vocatur
1573 1839 1769 1878 Herodoto

1109 1899 1248 1951 (quem
1267 1904 1478 1950 sequuntur
1491 1898 1632 1935 Senec.
1651 1898 1710 1933 De
1725 1898 1771 1936 ir.

1108 1957 1175 2003 ΙΙΙ,
1220 1958 1286 1996 17.
1318 1956 1451 1992 Tzetz.
1483 1952 1581 1992 Chil.
1623 1955 1654 2002 I,
1676 1953 1771 1995 925.

1111 2011 1250 2051 suidas
1280 2025 1310 2049 s.
1334 2025 1370 2049 v.
1398 2007 1621 2062 Ἀτταρτίαν
1640 2012 1659 2046 Ι
1682 2023 1771 2060 pag.

1111 2069 1207 2110 248.
1236 2069 1383 2105 Plinius
1413 2069 1462 2106 H.
1497 2069 1545 2104 N.
1587 2068 1772 2114 xxxm,

1113 2128 1185 2172 10,
1217 2125 1283 2161 ubi
1312 2124 1466 2175 Pythius
1494 2123 1720 2174 Bithynius),
1741 2124 1773 2161 is

1111 2182 1322 2232 appellatur
1350 2177 1496 2231 Πύθης
1516 2193 1538 2216 a
1563 2177 1773 2217 Plutarcho

1107 2239 1144 2274 ΙΙ
1163 2252 1200 2288 p.
1223 2240 1306 2278 262
1318 2239 1365 2276 D.
1381 2250 1459 2288 seq.
1471 2237 1656 2288 Polyaen.
1671 2237 1773 2285 VIII,

1107 2293 1175 2335 42.
1198 2292 1383 2344 Stephan.
1403 2295 1499 2344 Byz.
1518 2305 1548 2330 s.
1568 2307 1607 2331 v.
1629 2289 1773 2333 Πυθό-
1827 2327 1831 2329 a

1110 2354 1225 2396 πολις
1245 2364 1284 2399 p.
1313 2351 1392 2390 649
1415 2350 1499 2398 (ubi
1522 2345 1703 2400 Πυθής).
1725 2351 1772 2387 Ιιι

1109 2405 1282 2443 Aristidis
1312 2404 1444 2443 scholl.
1474 2419 1562 2457 pag.
1595 2405 1648 2446 55
1688 2418 1768 2458 seq.
1820 2409 1823 2411 ’

1110 2463 1318 2499 Frommel.
1349 2469 1470 2499 exstat
1492 2460 1673 2509 Πυθέας.

1167 2518 1332 2585 ἐξείνισε
1359 2519 1614 2566 -ξεινίοισι
1663 2517 1768 2570 μεγί-

1110 2576 1262 2624 στοισι]
1293 2572 1341 2614 τοὶ
1373 2574 1500 2623 ξείνια
1528 2574 1591 2612 hic
1621 2574 1769 2625 potissi-

1107 2644 1219 2669 mum
1247 2645 1326 2669 esse
1345 2631 1522 2669 videntur
1541 2631 1675 2683 epulae
1694 2629 1768 2667 ho·-

1107 2689 1278 2739 spitales,
1314 2688 1449 2740 quibus
1479 2686 1596 2725 homo
1624 2685 1768 2738 Lydius

1107 2758 1239 2795 regem
1270 2746 1424 2796 eiusque
1445 2745 1571 2796 copias
1604 2743 1767 2792 excepit.

1108 2802 1220 2839 Conf.
1241 2808 1335 2838 nott.
1367 2800 1416 2838 ad
1437 2802 1480 2848 V,
1505 2803 1567 2842 18.
1622 2801 1665 2836 lu
1686 2799 1765 2848 ipsa

1108 2871 1149 2895 re
1170 2858 1348 2897 convenit
1365 2856 1522 2896 Diodor.
1541 2856 1610 2905 xl,
1631 2854 1698 2896 56.
