1815 3181
421 196 476 234 02
825 190 1283 228 HERODOTl

422 306 524 358 ,μιῆς
565 301 669 357 ἔχεις
706 297 937 355 γυναικὸς,
977 299 1032 342 σὺ
1069 300 1115 344 δὲ
1155 303 1291 344 ταῦτα
1316 302 1467 352 ποίεε,
1510 302 1582 346 καὶ
1619 303 1678 359 μή

421 368 669 424 ,,ἆντίβαινε
705 366 919 420 τούτοισι,
959 369 1033 410 ἵνα
1071 367 1130 424 μή
1171 385 1211 412 τι
1248 367 1427 423 ἀλλοῖον
1465 370 1564 424 περὶ
1600 373 1679 413 σεῦ

385 439 493 490 2,,οἰ
521 439 794 491 Σπαρτιῆται
831 435 1167 491 βουλεύσωνται.
1228 437 1440 492 γυναικός
1477 438 1556 492 μὲν
1603 441 1732 494 τῆς1ο

420 506 556 560 „gygas
581 503 634 547 οὐ
656 503 962 558 προσδεόμεθά
984 518 1061 548 σευ
1082 509 1157 561 τῆς
1177 505 1356 557 ἐξέσιος·
1396 505 1451 548 σύ
1473 506 1518 549 δὲ
1539 505 1675 563 ταύτῃ

420 589 488 627 ,,τε
508 570 648 616 πάντα
670 571 752 615 ὅσα
782 571 867 616 νῦν
889 573 1087 629 παρέχεις
1106 572 1282 629 πάρεχε,
1314 575 1388 617 καὶ
1412 572 1546 629 ἄλλην
1563 573 1676 627 πρὸς

419 640 582 697 ,,ταύτῃ
623 639 805 697 ἐσάγαγε
841 647 1031 697 γυναῖκα
1071 641 1370 686 τεκνοποιόν.“
1433 640 1581 685 Ταῦτά
1620 658 1675 698 κη

389 708 656 764 3λεγόντων.
701 709 972 766 συνεχώρησε
1015 707 1038 753 ὁ
1078 708 1435 767 Ἀναξανδρίδης·
1476 708 1581 767 μετὰ
1617 709 1732 759 δὲ,15

415 781 628 832 γυναῖκας
655 775 763 833 ἔχων
796 778 901 830 δύο,
933 778 1052 830 διξοὲς
1080 779 1216 829 ἱστίας
1246 781 1380 828 οἴκεε,
1410 779 1573 822 ποιέων
1602 775 1677 821 οὐ·

289 852 352 897 41
418 845 565 899 δαμῶς
585 846 899 902 Σπαρτιητικά.
939 846 1121 901 Χρόνου
1143 847 1189 890 δὲ
1209 845 1265 889 οὕ
1290 850 1459 890 πολλοῦ
1479 845 1672 890 διελθόν-

417 929 508 962 τος,
544 911 570 967 ἡ
603 911 646 964 ἐς
685 913 873 968 ὕστερον
909 915 1158 967 ἐπελθοῦσα
1195 913 1306 971 γυνὴ
1345 916 1474 958 τίκτει
1504 913 1582 957 τὸν
1620 913 1674 969 δή

419 979 663 1034 Κλεομένεα
702 987 873 1026 τοῦτον.
931 983 1006 1026 καὶ
1045 982 1156 1036 αὕτη
1195 998 1239 1026 τε
1281 982 1468 1039 ἔφεδρον
1497 981 1675 1040 βασιλέα

86 912 174 943 Nova
191 918 283 951 nupta

86 947 296 983 Cleomenem

107 986 154 1010 ost
172 983 252 1017 prior
267 993 344 1011 uxor

113 1017 227 1045 oricum
237 1038 246 1052 ,
266 1022 342 1046 tum-

362 1109 471 1146 affert
482 1111 651 1147 Elmslei.
677 1109 725 1147 ad
747 1108 928 1160 Sophoel.
941 1111 1017 1147 Oe—

361 1166 438 1217 dip.
470 1168 551 1204 Col.
573 1181 627 1204 vs.
649 1167 743 1207 507.
772 1166 915 1208 Herod,
936 1168 1017 1214 VII,

361 1225 440 1265 159
462 1224 528 1260 fin.
549 1225 614 1272 lv,
639 1226 731 1263 126.

415 1279 482 1318 ἵνα
515 1276 569 1331 μή
604 1296 640 1319 τι
664 1275 823 1319 α’λλοῖον
844 1300 897 1307 -—
918 1279 1018 1331 βου-

357 1332 592 1385 λεύσωνται]
623 1338 648 1374 i.
681 1350 713 1373 e.
741 1349 782 1373 ne
801 1335 904 1373 aliud
931 1337 1018 1386 quid

359 1392 469 1441 (mali
506 1395 584 1431 scil.
623 1408 651 1430 s.
682 1391 944 1443 incommodi)
976 1393 1017 1430 de

358 1454 390 1487 te
412 1449 593 1500 Spartani
607 1452 832 1497 constituant,
851 1463 1015 1501 quortun

357 1507 437 1543 scil.
459 1519 576 1558 quam
596 1508 765 1543 maxime
786 1506 826 1543 id
845 1508 1012 1554 interest,

357 1576 407 1599 ne
438 1565 542 1614 regia
580 1563 869 1600 Heraclidarmn
904 1565 1013 1614 stirps

357 1620 537 1668 intereat,
583 1620 649 1657 sed
677 1627 720 1657 ut
746 1620 854 1656 firma
885 1633 927 1656 ac
948 1634 1013 1657 ro-

357 1676 466 1713 busta
488 1684 730 1714 conservetur
760 1684 1014 1728 propagetur-

357 1745 443 1784 que.
501 1733 564 1770 Ad
593 1735 708 1771 verba
750 1729 798 1773 οὗ
819 1730 1014 1785 προσδεό-

358 1785 465 1839 μεθά
508 1802 575 1829 σευ
612 1793 684 1840 τῆς
728 1789 874 1838 ἐξέσιος
911 1791 1012 1828 conf.

356 1845 492 1883 Matth.
522 1848 588 1884 Gr.
620 1849 686 1884 Gr.
707 1860 795 1899 pag.
817 1849 911 1888 669.
933 1846 1016 1895 ἐξέ-

357 1915 442 1950 σιος
478 1905 586 1940 tenui
624 1918 714 1941 cum
752 1903 925 1940 Eustath.
966 1903 1013 1941 ad

357 1959 429 1996 Od.
459 1973 547 2011 pag.
581 1964 701 2009 1667,
733 1963 786 2001 32
815 1974 844 1997 s.
865 1961 964 2008 410,
988 1964 1012 2003 6

358 2023 395 2052 et
433 2028 521 2066 pag.
556 2019 674 2064 1900,
703 2020 728 2057 2
758 2030 785 2053 s.
818 2016 914 2064 746,
945 2021 1013 2058 22.

356 2074 414 2108 De
452 2074 532 2123 ipsa
562 2085 657 2109 voce
693 2073 858 2110 diximus
891 2072 938 2109 ad
966 2074 1012 2120 V,

358 2130 433 2175 393
465 2128 512 2165 de
531 2141 625 2165 voce
653 2127 884 2175 τεκνοποιός
912 2129 1014 2166 conf.

356 2192 451 2222 nott.
474 2184 522 2222 ad
541 2187 570 2231 I,
592 2185 658 2226 59.

413 2239 523 2289 διξοὶς
543 2242 670 2289 ἱστίας
689 2241 808 2289 οἴκεε]
831 2241 855 2277 i.
870 2255 902 2281 e.
922 2240 1014 2279 duas

355 2296 537 2335 habitavit
556 2298 670 2335 domos
703 2312 729 2335 s.
751 2298 923 2348 duplicem
948 2299 1014 2348 fa-

355 2355 492 2392 miliam
520 2357 710 2404 constituit.
786 2355 860 2391 Ubi
892 2355 1017 2402 ἱστίας

358 2411 484 2451 οἰκεῖν
504 2411 641 2448 eodem
660 2413 739 2449 fere
766 2410 882 2447 modo
896 2441 905 2456 ‚
937 2425 1012 2463 quo

357 2469 445 2505 alibi
466 2468 595 2515 οἰκίας
611 2468 756 2516 οἰκεῖν,
787 2469 858 2504 alia
883 2467 922 2504 id
942 2481 1012 2518 ge-

356 2538 448 2573 nus3
480 2524 528 2562 de
557 2526 692 2577 quibus
723 2525 823 2562 conf.
852 2525 1013 2562 Wesse-

355 2582 450 2633 ling.
475 2582 522 2619 ad
542 2581 697 2619 Diodor.
720 2583 838 2620 Sicul.
859 2581 922 2628 IV,
943 2581 1010 2622 24.

357 2639 468 2676 Conf.
508 2641 622 2676 etiam
662 2638 803 2676 Herod.
836 2639 908 2685 VI,
956 2640 1010 2679 86

357 2697 395 2741 §.
427 2695 465 2742 4,
497 2697 544 2733 de
572 2709 666 2733 voce
694 2696 807 2743 ἱστίη.
866 2696 1012 2731 Pausa-

355 2753 437 2789 nias
456 2754 521 2800 111,
543 2756 567 2793 3
590 2754 626 2798 §.
647 2756 672 2794 7
693 2752 765 2790 hoc
786 2754 836 2789 ita
857 2765 1012 2803 expres—

356 2809 427 2846 sit:
479 2805 596 2860 μόνος
629 2805 823 2862 γυναῖκάς
861 2823 901 2848 τε
936 2802 1010 2848 δυό

1076 1106 1158 1158 ἷὲμα
1180 1109 1287 1161 ἔσχεν
1307 1108 1374 1148 καὶ
1403 1109 1532 1156 οἰκίας
1551 1105 1626 1154 δύο
1648 1105 1731 1161 ἅμα

1077 1164 1215 1218 ᾤκησε,
1256 1168 1391 1218 Neque
1412 1168 1515 1203 enim
1535 1166 1610 1203 hoc
1630 1166 1733 1217 apud

1075 1225 1239 1260 Graecos
1250 1236 1438 1275 umquam
1456 1225 1498 1260 in
1517 1236 1626 1260 more
1645 1224 1732 1271 fuit,

1074 1287 1116 1316 ut
1138 1279 1229 1316 duas
1250 1282 1331 1332 qujs
1352 1281 1466 1316 simul
1492 1293 1631 1316 uxores
1660 1278 1734 1317 ha—

1075 1338 1191 1385 beret,
1220 1339 1293 1374 nisi
1324 1344 1443 1373 certas
1463 1335 1660 1373 interdum
1680 1338 1729 1374 ob

1074 1395 1250 1440 rationes,
1272 1395 1303 1430 si
1321 1394 1508 1444 permissu
1527 1394 1731 1444 magistra-

1071 1457 1182 1487 tuum
1226 1451 1289 1487 vel
1326 1451 1459 1502 populi
1494 1449 1567 1488 hoc
1601 1450 1731 1499 fiebat,

1071 1508 1292 1558 praesertim
1306 1505 1371 1546 διὰ
1393 1502 1542 1546 σπάνιν
1564 1502 1731 1558 οἷνθρώ-

1071 1579 1180 1611 πων,
1213 1563 1318 1616 quod
1337 1565 1456 1601 semel
1476 1562 1654 1601 accidisse
1667 1577 1730 1601 ac-

1071 1622 1255 1672 cepimus.
1295 1622 1395 1657 Hinc
1415 1627 1528 1668 recte,
1549 1627 1592 1657 ut
1612 1619 1661 1657 ad
1687 1619 1730 1658 h.

1067 1678 1094 1714 l.
1138 1678 1290 1715 monuit
1328 1676 1537 1726 Valcken.‚
1586 1679 1731 1723 VNoster

1070 1735 1142 1771 ait:
1176 1732 1324 1774 ποιέων
1343 1729 1528 1784 ου’δαμῶς
1548 1731 1616 1784 (ita
1627 1735 1732 1771 enim

1071 1805 1092 1828 e
1138 1792 1324 1828 librorum
1361 1797 1600 1828 vetustorum
1634 1803 1732 1827 con-

1071 1861 1183 1885 sensu
1221 1847 1395 1884 dedimus
1425 1860 1493 1898 pro
1533 1843 1730 1898 ου’δαμᾶ.)

1073 1901 1446 1955 Σπαρτιητικά,
1465 1916 1624 1956 quaeue
1641 1902 1730 1942 Ἑλ,-

1071 1965 1092 2000 λ
1104 1977 1129 2012 η
1141 1977 1163 2000 ν
1175 1977 1188 2000 ι
1200 1977 1223 2000 κ
1235 1958 1260 1999 οἳ
1289 1960 1447 2013 quidem
1469 1967 1587 1997 erant.
1627 1960 1728 1997 Sunt

1069 2031 1160 2055 vero
1196 2019 1285 2055 talia
1314 2016 1557 2055 diiudicanda
1595 2030 1645 2053 ex
1683 2029 1729 2054 ea

1069 2082 1245 2112 veterum
1262 2075 1517 2111 sGraeconun
1529 2105 1539 2121 ,
1578 2075 1729 2110 Dorum

1070 2132 1258 2181 imprimis
1279 2129 1476 2177 sententist,
1499 2129 1576 2182 quit
1594 2131 1728 2166 civita-

1070 2188 1116 2223 tis
1137 2188 1234 2223 salus
1249 2216 1258 2233 ,
1290 2199 1388 2238 quae
1406 2187 1447 2222 in
1468 2185 1750 2224 conservanda‘

1071 2256 1114 2280 ac
1133 2242 1380 2294 propaganda
1399 2244 1582 2294 progenie
1599 2244 1728 2280 maxi-

1071 2313 1134 2337 me
1151 2301 1327 2350 qernitur,
1340 2301 1513 2336 omnium
1524 2301 1647 2351 prima
1655 2297 1727 2336 ha*

1072 2358 1223 2393 beretur
1242 2357 1318 2404 lex,
1369 2358 1431 2394 cui
1449 2364 1727 2408 postponeren-

1068 2420 1131 2450 tur
1158 2414 1219 2450 vel
1250 2426 1347 2465 quae
1376 2415 1465 2451 alias
1493 2414 1727 2451 sanctissima

1071 2477 1193 2506 essent
1222 2477 1259 2506 et
1287 2471 1433 2521 legibus
1473 2471 1728 2522 institutisque

1070 2527 1282 2563 firmissime
1313 2529 1528 2564 constituta.
1614 2526 1726 2563 Conf.

1069 2584 1111 2620 C.
1142 2584 1186 2620 Ο.
1215 2584 1364 2621 Mffller.
1403 2585 1537 2621 Dorer.
1570 2584 1607 2620 Π
1635 2594 1726 2634 pag.

1067 2640 1164 2682 285.

1289 2696 1382 2747 Cap.
1403 2697 1506 2733 XLI.

1123 2750 1190 2790 καὶ
1210 2747 1309 2803 αὕτη
1329 2768 1369 2794 τε
1395 2752 1620 2803 ἔφεδρον
1650 2751 1725 2802 βα-

1069 2807 1177 2848 σιλέα
1204 2805 1479 2862 Σπαρτιήτῃσι
1507 2803 1723 2857 ἀπέφαινε]
