1870 3249
0 812 63 856 15

549 165 852 203 ERATO.
912 167 986 203 V1.

1321 167 1405 205 245

137 276 278 329 τάξιος
309 277 351 326 ἐς
379 276 458 331 τήν
489 273 666 329 Σάμον,
709 273 823 329 πλὴν
864 274 1019 317 ἕνδεκα
1048 276 1175 316 νει-ὄν.
1214 273 1462 317 τουτέων9ο

108 346 187 390 3δὲ
217 345 262 387 οἱ
288 341 544 398 τριήραρχοι
573 342 820 396 παρέμενον
858 343 933 386 καὶ
970 340 1264 397 ἐναυμάχεον,
1304 340 1404 397 ἀνη-

134 409 449 465 κουστήσαντες
478 413 590 453 τοῖσι
622 409 924 466 στρατηγοῖσι*
957 410 1030 452 καί
1061 419 1139 464 σφι
1170 407 1220 452 τό
1251 408 1405 452 κοινόν

134 479 432 535 τῶνΣαμίων
462 477 594 522 ἔδωκε
636 478 708 521 διὰ
737 481 867 521 τοῦτο
898 476 947 520 τὸ
977 479 1153 532 πρῆγμα
1193 475 1240 519 ἐν
1270 473 1404 533 στήλη

133 546 443 603 ἀναγραφῆναι
473 545 710 601 πατρόθεν,
743 545 802 597 ὠς
831 543 1020 602 ἀνδράσι
1050 542 1258 599 ἀγαθοῖσι
1287 552 1460 600 γενο-95

103 621 124 656 4
135 613 326 672 μένοισι·
366 614 437 658 καὶ
469 613 556 657 ἔστι
587 612 697 671 αὕτη
735 612 764 670 ἡ
795 612 928 671 στήλη
959 613 1005 657 έν
1035 616 1088 669 τῇ
1119 610 1274 669 ἀγορῇ.
1301 609 1405 655 Ἰδό-

128 698 256 738 μενοι
297 682 344 725 δὲ
393 683 466 724 καὶ
505 684 687 738 Λέσβιοι
730 681 835 733 τούς
871 675 1107 737 προσεχέας
1145 678 1405 735 φεύγοντας,

135 748 276 794 τώυτό
309 748 484 793 ἐποίευν
513 755 626 794 τοῖσι
655 751 884 806 Σαμίοισι·

133 834 203 869 νες
232 821 321 861 τῶν
359 817 523 862 Ἰώνων
560 818 736 864 ἐποίευν
776 818 828 862 τὰ
867 817 978 862 αὐτοὶ
1014 819 1162 860 ταῦτα.

942 748 1001 800 (ὃς
1032 748 1077 792 δὲ
1106 749 1180 791 καὶ
1210 750 1253 791 οἷ
1281 752 1406 791 πλεῦ-

1232 819 1330 859 Τῶν
1361 817 1406 859 δὲ

128 883 496 943 παραμεινάντων
537 885 584 930 ἓν
615 889 669 943 τῇ
710 883 928 944 ναυμαχίη
967 884 1274 940 περιέφθησαν
1308 900 1403 940 τρη

125 953 289 1010 χύτατα
330 956 456 1004 Χῖοι,
505 952 564 1004 ὥς
603 953 972 1010 ἀποδεικνύμενοί
1003 969 1047 996 τε
1087 952 1191 1009 ἔργα
1229 953 1406 1008 λαμπρὰ

98 1021 205 1065 Qua}
237 1019 320 1064 οὐκ
350 1021 720 1073 ἐθελοκακέοντες.
768 1025 1028 1079 παρείχοντο
1059 1021 1138 1075 μὲν
1178 1019 1276 1076 γὰρ,
1309 1018 1426 1063 (ὅσ-1

125 1106 204 1144 περ
227 1087 300 1132 καὶ
330 1087 552 1144 πρότερον
572 1090 743 1146 εἰρέθη,
779 1089 880 1142 νέας
910 1087 1082 1142 ἑκατόν,
1112 1089 1187 1132 καὶ
1206 1087 1275 1131 ἐπ’
1308 1087 1403 1131 ἑκά-

127 1169 230 1213 στης
268 1156 437 1200 αὐτέων
477 1155 643 1217 ἄνδρας
673 1157 994 1214 τεσσεράκοντα
1037 1159 1127 1200 τῶν
1156 1153 1300 1198 ἀστῶν
1333 1158 1404 1197 λο-

96 1225 263 1282 δγάδας
287 1223 644 1290 ἐπιβατεύοντας.
691 1224 892 1283 ὁρέοντες
913 1225 959 1270 δὲ
980 1224 1086 1276 τοὺς
1105 1222 1294 1274 πολλοὺς
1314 1225 1404 1265 τῶν

124 1292 365 1350 συμμάχων
415 1292 710 1350 προδιδόντας
721 1329 732 1348 ,

792 1294 874 1339 οὐκ
929 1294 1150 1338 ἐδικαίευν
1195 1291 1434 1347 γενέσθαι5

123 1366 236 1405 τοῖσι
264 1365 438 1406 κακοῖσι
469 1360 618 1406 αὐτῶν
649 1361 819 1419 ὁμοῖοι·
853 1361 964 1406 ἄλλα
993 1359 1086 1418 μετ’
1119 1358 1280 1415 ὀλίγων
1302 1370 1404 1414 συμ-

122 1429 274 1486 μάχων
301 1429 657 1486 μεμουνωμένοι,
696 1429 1011 1482 διεκπλώοντες
1041 1427 1328 1484 ἐναυμάχεον,
1361 1426 1405 1477 ές

64 1592 131 1634 56.
161 1592 229 1634 94.
262 1615 313 1622 —-
357 1591 434 1628 P1o
465 1590 606 1632 ἕνδεκα
627 1594 731 1633 νεῶν

63 1648 140 1688 duo
161 1649 274 1689 codd.
312 1647 433 1690 δέκα
458 1650 587 1697 νεῶν,
617 1661 731 1686 acce-

63 1705 177 1744 dente
196 1707 315 1746 Valla.
375 1706 428 1743 At
455 1704 535 1745 vid.
564 1707 730 1744 Pausan.

65 1764 154 1808 VH,
177 1765 229 1804 10
251 1765 289 1810 §.
312 1764 348 1804 1.
379 1783 428 1790 ·-
469 1757 582 1800 Ad'
555 1777 730 1816 ανηκου-

67 1816 282 1871 στήσαντες
328 1821 432 1858 τοῖσι
471 1822 728 1872 στρατηγοῖσι

64 1876 165 1913 conf.
184 1873 322 1913 Matth.
342 1875 409 1914 Gr.
432 1875 499 1913 Gr.
519 1888 608 1926 pag.
629 1878 727 1917 677.

66 1954 121 1959 —
142 1931 205 1969 Ad
224 1929 269 1973 τό
289 1927 426 1972 κοινὸν
443 1931 546 1969 conf.
566 1938 666 1970 nott.
677 1930 727 1969 ad

63 1988 109 2036 V,
135 1990 228 2029 109

119 2044 162 2084 ἐν
182 2039 303 2099 στήλῃ
342 2039 628 2096 α’ναγραφῆναι
655 2058 729 2083 πα-

63 2096 254 2152 τρόθεν]
243 2115 270 2138 1.
293 2114 327 2139 e.
347 2101 388 2138 ut
407 2100 617 2138 columnae
601 2101 728 2138 znscri-

63 2159 221 2195 berentur
247 2159 408 2206 nomina,
454 2157 593 2194 adiecto
606 2157 728 2208 patris

62 2216 209 2253 nomine.
265 2213 388 2252 Patris
437 2225 582 2251 nomen
618 2211 726 2250 adie-

62 2278 168 2309 ctum
188 2270 237 2309 ad
264 2270 453 2308 honorem
475 2268 724 2321 dignitate-1112

63 2341 137 2380 que
149 2326 374 2379 augendam'
386 2327 612 2378 pertmebat.
634 2326 722 2365 vid.

60 2383 335 2423 Wachsmuth.
367 2385 521 2420 Hellen.
556 2382 721 2421 Alterth.

58 2443 107 2478 ΙΙ.
133 2444 152 2481 1
186 2454 275 2492 pag.
296 2444 413 2491 320„
448 2437 510 2490 Ac
536 2440 624 2478 'satis
647 2453 722 2478 no-

58 2505 144 2536 tum
164 2504 218 2535 est
238 2499 306 2550 pe'r
323 2498 459 2535 liberas
487 2499 723 2534 Graecorum

62 2555 231 2593 civitates
248 2551 327 2602 iis,'
366 2554 432 2606 qui
461 2553 508 2591 de
528 2554 724 2607 republica

6 2619 10 2624 ’
62 2613 160 2648 bene
191 2612 320 2648 meriti
349 2617 494 2658 essent,
525 2611 724 2648 columnas

62 2667 216 2706 honoris
246 2680 357 2705 causa
398 2674 540 2704 erectas
568 2668 725 2704 eornm·-

63 2739 138 2777 que
163 2726 320 2763 nomina
351 2723 409 2761 his
435 2715 622 2761 colisnmis
663 2725 725 2760 iu-

63 2784 202 2834 scripta
219 2795 310 2821 esse.

847 1590 912 1631 καὶ
946 1589 1026 1631 ἔστι
1059 1587 1162 1641 αὕτη
1192 1605 1218 1642 η
1258 1585 1379 1640 στηλη
1415 1586 1457 1626 έν

788 1649 840 1704 τῇ
861 1645 1009 1703 οἷγορῃ]
1042 1646 1228 1685 Consulto
1249 1644 1323 1682 hoc
1343 1643 1454 1681 vide—

787 1712 850 1741 tur
871 1704 1060 1742 addidisse
1079 1705 1135 1741 rei
1155 1702 1274 1740 fidem
1287 1702 1458 1739 faetums

788 1759 967 1798 historiae
997 1769 1132 1813 pater,
1171 1767 1215 1797 ut
1236 1760 1302 1811 qui
1321 1758 1456 1810 procul

786 1817 904 1855 dubio
933 1819 1029 1869 ipse,
1091 1817 1202 1855 Sami
1231 1815 1325 1853 dum
1346 1828 1456 1852 com—-

783 1874 1008 1913 morabatur
1029 1873 1098 1923 (de
1120 1885 1197 1926 quo
1218 1873 1268 1909 cf.
1289 1878 1387 1909 nott.
1407 1870 1456 1908 ad

783 1932 857 1986 ΠΙ,Ι
873 1930 980 1982 60),
1017 1929 1120 1967 hanc
1151 1929 1376 1967 columnam
1395 1929 1456 1965 vi-

784 1986 903 2024 derat.

1019 2042 1115 2093 Cap.
1136 2040 1222 2079 XV.

857 2095 1142 2151 περιέφθησαν
1198 2092 1452 2148 τρηχύτατα]

784 2154 936 2192 Eodem
967 2154 1050 2192 fere
1079 2161 1192 2211 pacto
1221 2155 1266 2201 V,
1312 2153 1453 2201 1‚ubi

783 2211 862 2250 vid.
882 2218 981 2253 nott.-

807 2265 971 2320 ’ὥσπερ
1004 2266 1074 2307 καὶ
1115 2262 1312 2319 πρότερον
1350 2264 1451 2316 εἶρεᾏ

779 2325 871 2377 θη]
900 2323 988 2363 Vid.
1008 2337 1122 2376 supra
1153 2324 1215 2371 VI,
1237 2325 1276 2364 8.
1311 2320 1450 2372 εἰρέθη

780 2386 874 2419 cum¹
899 2382 1018 2419 Gaisf.
1047 2388 1085 2418 et
1112 2379 1249 2418 Matth.
1271 2377 1361 2416 dedi
1380 2392 1450 2430 pro

778 2435 952 2490 ε’ῥρήθη.
981 2436 1184 2476 Vid.‘no‘tt.
1207 2435 1255 2473 'ad
1266 2437 1331 2482 IV,
1355 2435 1447 2476 156.

778 2494 841 2532 Ad
852 2493 1019 2533 formam
1030 2493 1229 2535 ἐδικαίευν
1249 2492 1298 2532 cf.
1310 2490 1447 2529 Matth.

783 2554 851 2589 Gr.
887 2553 954 2590 Gr.
986 2564 1076 2603 pag.
1111 2552 1206 2591 119.
1264 2550 1359 2586 Mox
1379 2561 1447 2598 pro

784 2605 938 2648 αὕτέων
948 2606 1037 2646 dedi
1060 2603 1209 2647 αὐτῶν.
1222 2603 1446 2654 Schweigh.

782 2666 948 2704 malebat
969 2661 1095 2704 αὕτοί

839 2718 918 2774 μετ’
949 2718 1097 2773 ὀλίγων
1124 2731 1340 2769 συμμαχων
1382 2730 1445 2767 με-

784 2777 1066 2831 μουνωμένοι]
1116 2774 1237 2812 Affert
1279 2773 1444 2811 Wessel.

1466 806 1499 831 et
1517 804 1628 845 reliqui
1651 804 1740 832 lones

1464 838 1584 874 ingenti
1602 837 1690 866 clade

1463 875 1659 899 sternantur.
1678 871 1723 898 in-

1465 914 1525 939 que.
1543 905 1590 934 his
1607 906 1740 934 maxime

1464 939 1544 975 Chii,
