1789 3213
432 110 908 156 POLYMNIA.
968 107 1063 143 VII
1276 102 1359 141 727

107 236 185 291 ἔην
212 231 448 289 τηνικαῦτα
470 226 544 278 ἔτι,
574 222 633 275 ὥς
657 220 740 278 ἐγώ
760 213 1135 274 συμβαλλεόμενος
1163 211 1363 265 εὑρίσκω,
1420 214 1486 234 119111
1505 204 1599 231 01111115
1625 210 1677 238 ge-

1421 240 1502 267 neris
1511 242 1695 274 apparatum

1327 276 1339 291 '
1420 274 1538 301 Xerxes
1556 271 1595 298 ad
1616 271 1670 297 Se-

106 303 260 348 τόσον·
289 301 378 342 τῶν
407 295 485 352 μὲν
513 294 560 337 ἐκ
589 296 677 335 τῶν
706 291 820 332 νεῶν
848 290 936 329 τῶν
966 285 1013 328 ἐκ
1041 286 1116 339 τῆς
1137 280 1290 334 Ἀσίης,
1323 292 1364 319 ε·
1376 282 1542 343 QOpiadem
1561 305 1660 332 Ther-

1426 340 1629 378 mop5lasque
1649 340 1679 365 et

111 369 280 414 ουσέων
310 365 415 410 ἑπτὰ
442 363 515 407 καὶ
551 356 808 416 διηκοσιέων
837 355 908 398 καὶ
939 350 1131 408 χιλιέων,
1175 347 1253 393 τὸν
1291 344 1368 401 μὲν
1425 383 1461 402 ex
1479 376 1562 407 Am,

109 437 294 493 ἀρχαῖον
332 430 524 478 ἑκάστων
559 432 648 471 τῶν
695 425 860 469 ἐθνέων
889 421 1017 464 ἐόντα
1038 418 1196 474 ὅμιλον
1228 415 1366 459 τέσσε-

109 522 190 559 ρας
215 503 288 547 καὶ
318 503 454 545 εἴκοσι
483 496 714 554 μυριάδας,
749 491 823 535 καὶ
849 489 981 544 πρὸς,
1022 485 1195 542 χιλιάδα
1223 499 1268 527 τε
1297 481 1371 525 καὶ

109 571 430 626 τετρακοσίους,
462 567 520 618 ὥς
557 563 642 608 ἀνά
674 560 926 617 διηκοσίους
957 555 1122 608 ἄνδρας
1155 550 1374 609 λογιζομέ-

81 648 229 684 Ξνοισι
266 638 312 681 ἓν
351 636 507 690 ἑκάστῃ
543 635 628 688 νηΐ.
684 626 945 684 ἐπεβάτευον
986 625 1033 668 δὲ
1081 622 1151 667 ἐπὶ
1188 619 1376 664 τουτέων

110 711 200 750 τῶν
227 709 348 758 νεῶν,
377 704 506 760 χωρὶς
528 699 722 746 ἑκάστων
750 699 838 739 τῶν
860 694 1099 749 ἐπιχωρίων
1119 688 1373 745 ἐπιβατέων,
1387 691 1430 725 25

114 774 319 830 Περσέων
348 788 394 816 τε
422 771 495 816 καὶ
520 769 693 826 Μήδων
722 765 797 809 καὶ
826 762 1010 806 Σακέων
1033 757 1266 815 τριήκοντα
1296 753 1373 798 ἄν·

83 845 226 898 δδρες.
285 837 415 892 οὗτος
452 839 581 890 ἄλλος
621 835 771 892 ὅμιλος
810 833 974 887 γίνεται
1001 825 1268 882 τρισμύριοι,
1300 822 1373 866 καὶ

58 1046 154 1078 nott.
176 1038 225 1075 ad
245 1039 290 1086 V,
315 1039 379 1078 19.
425 1033 524 1072 Add.
543 1035 714 1071 Isocratt.

59 1097 252 1147 Aeginett.
275 1095 328 1134 12
347 1106 385 1144 p.
411 1093 507 1132 680.
563 1090 626 1127 Ad
654 1090 715 1126 lo-

60 1155 257 1191 cutionem
288 1148 341 1196 ὥς
374 1145 447 1199 ἐγώ
473 1142 716 1198 συμβαλλεό-

46 1224 179 1262 (μενος
199 1207 367 1258 εὑρίσκω
387 1205 488 1242 conf.
510 1205 591 1252 VII,
612 1202 665 1243 24
681 1207 719 1238 et

64 1266 112 1305 de
131 1267 255 1303 forma
276 1257 625 1314 συμβαλλεόμενος,
647 1272 718 1295 cu-

63 1325 121 1361 ius
140 1324 226 1360 loco
247 1322 374 1373 plures
393 1319 478 1355 libri
495 1311 719 1368 συμβαλλό-

65 1394 185 1432 μενος
204 1379 268 1426 IV,
289 1377 338 1419 15
358 1377 488 1427 ibique
507 1381 604 1411 nott.
632 1373 720 1408 Un-

66 1437 114 1475 de
154 1434 323 1487 pendent
363 1445 460 1485 quae
510 1436 721 1482 sequuntur

65 1494 205 1532 verba:
239 1487 305 1530 τὸν
336 1487 408 1540 μὲν
430 1484 596 1538 άρχαῖον
610 1507 667 1512 -
683 1483 720 1523 ε’·

67 1548 165 1591 ὄντα
184 1545 325 1599 ὅμιλον
339 1577 348 1594 ,
383 1545 578 1597 participio
599 1543 639 1578 in
659 1542 722 1578 lo-

67 1619 157 1645 cum
204 1603 381 1642 infinitivi
425 1601 626 1638 substituto
655 1609 724 1648 pro

67 1676 188 1701 more.
255 1661 430 1707 conficio,
459 1656 553 1694 haec
570 1661 624 1692 est
645 1656 726 1690 He·-

70 1719 195 1758 rodoti
215 1730 323 1755 mens
338 1747 347 1759 ,
378 1717 456 1752 sive
477 1711 725 1763 computando,

71 1775 284 1814 coniz'ciendo
311 1774 441 1823 reperio
468 1768 728 1807 multitudinem

70 1837 218 1871 veterem
257 1844 274 1867 e
313 1828 467 1877 singulis
492 1826 633 1876 populis
654 1824 727 1861 col-

74 1890 217 1935 lectam,
249 1899 338 1937 quae
368 1888 407 1922 in
431 1884 600 1921 Asiaticis
623 1882 730 1918 navi-

74 1947 138 1983 bus
155 1947 283 1991 inerat,
305 1942 433 1992 fuisse.
491 1941 623 1991 ltaque
656 1932 731 1987 άρ-

75 2005 190 2054 χαῖον
224 1996 364 2050 ὅμιλον
393 1997 520 2047 copias
562 1995 653 2032 dicit
683 1993 730 2028 ab

76 2057 249 2095 Asiaticis
270 2056 445 2106 gentibus
461 2055 563 2103 prius
583 2048 732 2087 exhibi-

75 2122 144 2163 tas,
166 2113 326 2150 exclusis
346 2112 482 2158 Persis,
502 2107 637 2154 Medis,
659 2107 734 2143 Sa-

77 2175 151 2220 cis,
182 2170 347 2207 diversas
376 2167 465 2204 hinc
495 2179 517 2202 a
539 2165 656 2215 copiis
676 2174 732 2199 re-

79 2241 157 2266 cens
184 2228 224 2263 in
251 2227 408 2276 Europa
439 2222 657 2272 conscriptis
685 2231 734 2255 ex

79 2285 136 2331 iis,
154 2297 246 2335 quas
258 2295 326 2319 rex
336 2282 590 2333 perlustrarat,
604 2277 735 2327 reglo-

81 2341 204 2378 nibus.
224 2360 281 2367 -——
322 2337 382 2375 Ad
422 2339 548 2388 ipsum
576 2335 735 2371 navium

81 2408 289 2435 numerum
317 2395 418 2432 conf.
450 2394 532 2441 Vll,
561 2393 613 2433 89
643 2390 736 2441 ibiq.

82 2460 180 2491 nott.
211 2458 249 2488 et
277 2450 324 2488 de
356 2450 553 2502 participio
582 2448 737 2498 λογιζο-

85 2509 240 2562 μένοισι
262 2505 310 2558 (i.
332 2520 366 2544 e.
394 2509 427 2544 si
453 2508 515 2557 qui
545 2507 740 2554 computare

85 2567 218 2615 velint)
249 2562 385 2601 Matth.
416 2563 483 2599 Gr.
505 2563 571 2599 Gr.
593 2562 631 2605 ξ.
659 2560 741 2600 388

86 2625 126 2662 b.
149 2637 196 2671 c.,
228 2622 295 2673 qui
322 2618 426 2656 idem
447 2619 486 2664 ξ.
515 2616 611 2664 579,
641 2618 666 2656 3
696 2613 744 2651 de

87 2676 373 2732 praepositionis
408 2670 484 2714 άνοὶ
514 2685 585 2711 usu
605 2683 746 2709 consu-

88 2736 236 2774 lendus.

835 1023 1074 1078 ἐπεβάτευον
1097 1019 1140 1061 δὲ
1158 1035 1196 1060 κ.
1216 1035 1249 1058 τ.
1272 1017 1324 1066 λ.]
1348 1017 1431 1052 Hoc

778 1084 824 1122 de
852 1079 1174 1134 propugnatoribus
1205 1090 1234 1114 s.
1263 1074 1434 1112 militibus

778 1141 976 1179 classiariis
1002 1132 1309 1185 intelligendum.
1347 1128 1434 1167 Vid.

778 1204 872 1235 nott.
894 1195 941 1232 ad
957 1196 1037 1240 Vll,
1058 1194 1126 1233 96.
1156 1191 1331 1236 Quivero
1343 1198 1438 1222 mox

779 1260 967 1292 vocantur
1006 1243 1210 1299 ἐπιχώριοι
1241 1240 1437 1295 ἐπιβάται,

781 1311 925 1350 ducenti
988 1317 1151 1344 numero
1227 1315 1290 1338 eos
1348 1311 1438 1336 cum

780 1364 1000 1417 Schweigh.
1022 1362 1177 1400 credam
1198 1373 1276 1396 esse
1297 1361 1438 1396 nautas.

780 1426 949 1472 remiges,
1003 1422 1191 1468 indigenas
1217 1417 1241 1451 i.
1265 1429 1297 1450 e.
1328 1426 1377 1449 rx
1395 1413 1439 1448 iis

783 1480 1014 1525 civitatibus,
1055 1487 1153 1527 quae
1183 1485 1299 1509 naves
1328 1482 1441 1520 prae-

784 1540 958 1582 buerant,
983 1533 1227 1581 conscriptos‚
1246 1540 1334 1564 cum
1351 1538 1442 1575 pro-

786 1600 1018 1645 pugnatores
1048 1603 1078 1626 s.
1101 1585 1276 1624 classiarii
1308 1584 1443 1630 trigin-

787 1655 827 1688 ta
863 1651 902 1686 in
933 1657 1165 1698 unaquaque
1196 1642 1286 1678 navi
1306 1640 1445 1676 milites

788 1722 808 1744 e
830 1708 1046 1751 Persarum,
1074 1699 1291 1745 Medorum,
1325 1697 1446 1733 Saca-

788 1776 876 1800 rum
897 1773 1059 1798 numero
1092 1757 1202 1794 electi
1232 1759 1375 1797 essent,
1397 1751 1446 1787 cf.

788 1822 871 1866 VH,
915 1820 982 1858 96.
1059 1815 1302 1863 Quamquam
1350 1808 1448 1845 infra

795 1878 886 1917 185.
916 1875 994 1914 186
1022 1873 1137 1908 etiam
1160 1868 1343 1906 ducentos
1365 1865 1449 1900 illos

791 1935 831 1969 in
853 1932 1028 1968 universo
1058 1930 1139 1966 τοῖν
1164 1924 1345 1976 μαχίμων
1378 1916 1450 1959 άν-

795 1990 902 2039 δρῶν
956 1997 1118 2023 numero
1160 1977 1451 2031 comprehendit

794 2047 942 2083 Noster.
1020 2044 1063 2078 In
1105 2039 1238 2076 Atticis
1276 2036 1450 2081 navibus,

795 2115 892 2154 quae
915 2099 1145 2137 Salaminiae
1164 2106 1316 2146 pugnae
1334 2094 1451 2128 inter-

793 2161 959 2203 fuerunt,
980 2155 1136 2205 singulis
1156 2165 1234 2188 non
1255 2150 1327 2186 nisi
1357 2151 1453 2184 octo-

796 2216 905 2253 decim
925 2217 1225 2264 propugnatores
1245 2208 1371 2250 fuisse,
1393 2210 1453 2240 at-

795 2285 878 2324 que„
901 2272 939 2306 iu
972 2269 1074 2306 hisce
1107 2272 1269 2319 quatuor
1297 2262 1453 2311 sagitta-

797 2331 871 2366 rios
891 2328 1017 2364 scribit
1045 2320 1240 2362 Plutarch.
1263 2318 1453 2356 Themist.

801 2385 852 2426 14
873 2398 910 2435 p.
936 2386 1014 2423 119
1036 2384 1082 2418 Β.
1124 2380 1306 2416 Observat
1326 2381 1456 2412 autem

798 2440 959 2479 Rennel.
981 2453 1016 2489 p.
1039 2438 1121 2478 492
1141 2435 1304 2472 similem
1331 2429 1455 2468 adhuc

801 2500 841 2535 iu
862 2497 1020 2534 navibus
1039 2493 1181 2531 bellicis
1204 2491 1374 2527 obtinere
1395 2498 1457 2522 ra-

804 2556 972 2598 tionem,
1010 2552 1049 2586 in
1080 2549 1217 2601 quibus
1248 2544 1401 2583 ducenti
1423 2549 1458 2578 et

806 2608 1058 2664 quadraginta
1094 2611 1234 2641 nautae
1261 2614 1338 2638 uua
1370 2610 1459 2635 cum

806 2668 961 2717 triginta
981 2669 1126 2714 septem
1146 2659 1327 2697 militibus
1341 2656 1461 2693 collo-

808 2730 952 2760 centur.
