1815 3181
263 514 330 558 75

54 579 119 607 Sed
138 580 316 615 priusquam

53 622 105 642 res
123 613 163 640 ad
176 621 281 640 manus

55 647 193 681 veniret,
213 651 282 674 otta

54 680 244 708 dissensione
262 681 309 707 in*

54 718 104 743 ter
120 715 316 751 Peloponne-

55 749 117 775 sios
136 747 275 785 adeoque

53 783 137 817 ipsos
164 782 333 819 Spartano-

55 824 122 844 rum
131 824 231 851 reges,
243 816 334 843 Cleo-

55 858 173 877 menem
194 856 225 877 et
240 851 296 877 De<

54 887 219 917 maratum,
240 882 334 918 (unde

54 918 106 946 lex
125 918 260 953 Spartae
288 916 332 943 la-

55 955 101 984 ta,
122 960 162 978 ne
178 951 305 987 posthae

387 191 470 230 136

791 188 1258 226 HERODOTI

358 297 596 354 δἈττικῆς.
653 295 882 353 Ἀθηναῖοι
913 296 978 348 δὲ,
1021 297 1096 340 καί
1133 311 1212 351 περ
1244 296 1485 354 ἀμφιβολίῃ
1516 295 1659 352 ἐχόμε-

387 384 488 420 νοι,
514 369 723 410 Βοιωτῶν
761 365 840 420 μὲν
870 364 944 408 καὶ
972 365 1225 408 Χαλκιδέων
1255 364 1298 415 ἐς
1325 363 1511 420 ὕστερον
1544 365 1658 420 ἔμελ-

388 442 469 480 λον
490 434 667 490 μνήμην
692 431 982 488 ποιήσεσθαι·
1019 434 1417 489 Πελοποννησίοισι
1449 433 1510 484 δὲ,
1539 432 1660 476 ἐοῦσι

393 504 439 547 ἐν
467 503 700 552 Ἐλευσῖνι,
748 498 876 544 άντία
916 499 1067 544 ἔθεντο
1115 500 1167 543 τοὶ
1208 500 1330 544 ὅπλα.

1393 499 1661 544 Μελλόντων

390 570 436 615 δὲ
476 567 690 620 συνάψειν
726 567 780 611 τὰ
819 568 1091 624 στρατόπεδα
1129 569 1171 619 ἐς
1212 568 1374 625 μάχην,
1422 570 1661 623 Κορίνθιοι

388 638 468 696 μὲν
494 640 659 693 πρῶτοι
681 635 762 691 σφὶ
787 634 962 680 αὐτοῖσι
990 636 1141 687 δόντες
1167 635 1301 692 λόγον
1324 635 1382 687 ὠς
1413 636 1469 680 οὐ
1489 641 1659 681 ποιοῖεν
1673 643 1718 677 80

391 706 445 750 τὰ
475 707 644 758 δίκαια,
675 703 989 761 μετεβάλλοντό
1017 720 1062 748 τε
1091 705 1165 748 καὶ
1195 702 1552 748 ἀπαλλάσσοντο·
1589 720 1662 761 με-

389 773 442 817 τὰ
474 774 521 817 δὲ
551 771 834 829 Δημάρητος,
869 771 892 816 ὁ
918 772 1200 828 Ἀρίστωνος,
1221 772 1305 816 ἐῶν
1333 773 1408 816 καὶ
1438 766 1567 823 οὗτος
1586 775 1663 828 βα-

391 839 534 892 σιλεὺς
554 841 888 896 Σπαρτιητέων,
919 841 994 884 καὶ
1028 839 1335 897 συνεξαγαγών
1354 857 1398 884 τε
1427 838 1507 896 τήν
1538 852 1661 896 στρα·

391 909 490 966 τιὴν
519 909 567 952 ἐκ
597 909 951 963 Λακεδαίμονος,
993 908 1066 952 καὶ
1107 908 1190 952 οὐκ
1235 908 1320 952 ἔων
1365 908 1582 964 διάφορος
1616 907 1663 968 ἐν

55 985 143 1012 ambo
159 994 248 1021 reges
271 992 333 1024 ψη
362 981 454 1035 Ξτῷ
476 975 676 1030 πρόσθεν
704 973 846 1032 χρόνῳ
875 976 1119 1032 Κλεομένεϊ.
1176 974 1280 1020 Ἀπὸ
1320 976 1367 1020 δὲ
1395 974 1556 1032 ταύτης
1585 979 1661 1033 τῆς
1674 982 1718 1016 85

390 1046 667 1103 διχοστασίης
693 1045 820 1102 ἐτέθη
840 1044 981 1101 νόμος
1002 1044 1050 1088 ἐν
1072 1045 1272 1102 Σπάρτῃ,
1303 1045 1362 1101 μὴ
1393 1043 1551 1098 ἐξεῖναι
1571 1043 1662 1088 ἕπε-

55 1019 87 1046 in
104 1019 215 1046 bellum
235 1027 299 1045 em-

55 1056 136 1085 rent)
151 1053 226 1081 socii
240 1053 315 1081 dila-

55 1086 179 1115 buntur.

334 1226 421 1257 ente
431 1231 568 1270 agrum
575 1220 749 1257 Atticum
757 1218 996 1257 invaderent.

331 1275 485 1314 Eodem
516 1283 630 1328 pacto
661 1275 726 1316 ἐπὶ
769 1273 901 1324 δεξιὰ,
939 1272 998 1316 ἐπ’

334 1330 522 1385 άριστερᾶ
535 1334 565 1380 Ι,
590 1334 658 1375 51.
677 1335 726 1380 Π,
750 1335 817 1374 93.
838 1334 902 1381 IV,
918 1335 993 1373 191

335 1397 408 1427 etc.
465 1391 759 1427 Distiuctionem
790 1397 879 1427 ante
913 1389 997 1429 ἐπι-

334 1443 447 1493 όντες
467 1460 558 1483 cum
578 1447 696 1484 Gaisf.
717 1448 876 1495 sustuli,
908 1459 999 1483 cum

335 1504 571 1540 accusativus
592 1500 745 1556 χώρους
765 1517 888 1557 aeque
908 1517 999 1555 per-

335 1562 456 1598 tineat
475 1559 524 1597 ad
544 1559 737 1600 ἐσίνοντο.

393 1613 616 1672 α’μφιβολίῃ
647 1613 858 1668 ἐχόμενοι]
903 1617 931 1653 i.
963 1630 998 1658 e,

335 1686 413 1711 cum
451 1675 622 1724 ancipites
661 1674 860 1720 haererent,
900 1686 1000 1726 quo-

333 1743 428 1767 nam
446 1743 486 1767 se
505 1731 676 1782 primum
705 1737 919 1778 verterent,
950 1729 1000 1767 ad

334 1788 502 1824 Boeotos
531 1799 582 1823 an
609 1793 742 1825 contra
770 1786 1000 1824 Chalciden-

336 1857 408 1881 ses.
427 1865 486 1871 —
504 1844 600 1880 Mox
620 1843 660 1891 ἐς
681 1840 849 1896 ὕστερον
869 1845 1001 1895 scripsi

335 1901 559 1948 seiunctim,
590 1908 634 1938 ut
662 1901 708 1949 V,
723 1900 790 1948 41,
813 1901 879 1937 ubi
897 1901 1000 1937 male

335 1958 453 2008 vulgo
475 1953 767 2010 ἐσύστερον.-
786 1958 863 1994 Pro
884 1953 999 2008 ποιή-

337 2018 482 2053 σεσθαι
526 2027 626 2051 unus
675 2015 869 2052 Sancrofti
905 2015 1001 2051 liber

336 2065 630 2121 ποιήσασθαι.
689 2071 752 2107 Ad
780 2072 898 2108 verba
930 2066 1001 2110 οἷν-

337 2127 402 2166 τία
427 2125 567 2166 ἔθεντο
593 2123 642 2167 τοὶ
665 2122 770 2166 ὅπλα
781 2128 884 2165 conf.
905 2134 1002 2165 nott.

337 2182 388 2221 ad
407 2184 437 2231 1,
456 2186 523 2225 62.

537 2273 630 2324 Cap.
651 2273 808 2310 Lxxv.

399 2347 644 2392 Μελλόντων
670 2349 714 2390 δὲ
735 2346 938 2401 συνάψειν
953 2348 1002 2390 τά

341 2404 586 2461 στρατόπεδα
626 2406 666 2455 ἐς
701 2403 863 2459 μάχην]
907 2409 933 2445 i.
966 2421 1000 2445 e.

340 2478 418 2503 cum
444 2467 484 2503 in
515 2479 553 2502 eo
582 2468 696 2502 essent
719 2466 919 2511 exercitus,
960 2468 1001 2501 ut

340 2534 465 2560 manus
505 2524 733 2559 consererent.
791 2521 858 2557 Tu
897 2521 1000 2558 conf.

340 2576 388 2615 de
419 2579 535 2616 verbo
561 2573 778 2617 συνάπτειν
804 2579 844 2614 in
865 2578 1001 2614 talibus

340 2636 403 2681 1V,
436 2638 503 2677 80.
536 2636 598 2682 VI,
635 2636 726 2674 108.
757 2635 787 2680 Ι,
834 2636 885 2674 18
916 2635 1003 2672 coll.

341 2692 421 2738 VII,
454 2691 546 2732 158.
577 2691 737 2729 Siebelis
772 2689 820 2727 ad
840 2691 1004 2730 Pausan.

341 2748 392 2785 T.
414 2748 447 2784 V
478 2761 516 2799 p.
537 2751 641 2794 276,
675 2744 722 2786 τά
760 2743 1005 2799 στρατόπεδα

343 2806 530 2851 exercitus,
559 2805 677 2855 copiae
699 2810 787 2841 sunt
804 2832 814 2851 ,
846 2809 888 2840 ut
916 2816 1004 2840 mo-

1053 1220 1210 1256 nuimus
1230 1217 1280 1256 ad
1294 1217 1491 1256 Plutarch.
1511 1217 1665 1270 Philop.
1679 1231 1718 1268 p.

1055 1276 1124 1317 58.
1156 1274 1260 1313 Add.
1280 1275 1424 1314 Herod.
1447 1276 1492 1323 V,
1516 1278 1609 1315 112.
1655 1273 1720 1311 Ad

1054 1333 1172 1370 verba
1207 1332 1280 1382 σφὶ
1302 1328 1462 1372 αὐτοῖσι
1492 1327 1632 1378 δόντες
1657 1326 1720 1370 λό-

1054 1404 1127 1442 γον
1158 1390 1260 1426 conf.
1289 1390 1357 1437 ΙΙΙ,
1383 1388 1452 1430 25.
1473 1387 1542 1429 45.
1583 1389 1721 1439 Attigit

1056 1445 1193 1483 eadem
1231 1445 1365 1484 Schol.
1399 1444 1554 1482 Aristid.
1584 1458 1624 1496 p.
1665 1442 1720 1484 44

1055 1516 1136 1555 seq.
1168 1502 1229 1540 ed.
1258 1503 1467 1542 Frommel.
1504 1502 1592 1540 coll.
1631 1502 1720 1538 Dio.

1057 1559 1253 1611 Chrysost.
1274 1573 1365 1611 pag.
1384 1560 1467 1600 459
1489 1560 1538 1599 A.

1113 1615 1395 1669 μετεβάλλοντο
1408 1617 1425 1664 ]
1447 1617 1504 1652 Ita
1515 1615 1722 1652 meliorum

1057 1672 1170 1710 codd.
1193 1687 1213 1710 e
1241 1686 1428 1710 consensu
1452 1671 1541 1709 dedi
1560 1685 1629 1722 pro
1651 1686 1721 1722 με·

1056 1729 1258 1781 τέβαλλον,
1292 1729 1397 1782 quod
1415 1743 1463 1765 ex
1482 1728 1626 1765 Aldjua
1644 1729 1721 1765 flu-

1056 1793 1190 1835 xerat,
1222 1786 1405 1839 quodque
1426 1793 1462 1822 et
1480 1787 1609 1836 ipsum
1622 1792 1721 1822 stare

1056 1857 1166 1894 posse
1208 1845 1272 1880 alii
1311 1843 1451 1880 docent
1497 1843 1597 1890 loci,
1654 1843 1721 1879 ubi

1058 1902 1226 1938 activum
1245 1902 1403 1937 notione
1429 1900 1622 1950 reciproca
1649 1897 1722 1936 ad-

1058 1970 1182 2009 eoque
1211 1959 1360 2008 passiva
1387 1957 1574 2006 reperitur
1603 1955 1632 2003 1,
1654 1954 1722 1996 65.

1057 2017 1127 2055 66.
1157 2014 1258 2062 VIII,
1291 2016 1381 2055 109.
1408 2014 1491 2060 VII,
1517 2014 1609 2060 170,
1635 2013 1724 2064 qui-

1058 2071 1130 2108 bus
1151 2070 1241 2108 add.
1262 2069 1443 2108 Gataker.
1465 2068 1515 2106 ad
1533 2069 1722 2106 Antonin.

1061 2128 1106 2175 V,
1132 2130 1196 2168 13.
1244 2126 1356 2163 Unde
1377 2123 1723 2176 Schweighaeuse-

1061 2197 1124 2220 rus
1145 2185 1183 2219 in
1203 2185 1335 2220 Lexic.
1368 2181 1510 2219 Herod.
1534 2178 1722 2232 μετεβάλ-

1061 2243 1177 2278 λοντο
1207 2253 1227 2275 e
1257 2238 1401 2276 scholio
1431 2246 1569 2275 uatum
1600 2237 1722 2275 videri

1061 2296 1202 2333 scribit.
1225 2319 1275 2325 —-
1313 2298 1358 2332 In
1391 2309 1498 2348 seqq.
1531 2293 1719 2336 Gaisford.

1059 2353 1275 2404 βασιλῆας,
1316 2351 1423 2405 quod
1450 2353 1588 2401 miror,
1619 2353 1722 2389 inta—

1059 2415 1167 2446 ctum
1186 2410 1350 2461 reliquit.
1379 2407 1575 2461 Equidem
1605 2421 1721 2460 repo—

1057 2467 1116 2503 sui
1137 2465 1331 2516 βασιλέας,
1347 2465 1452 2519 quod
1470 2464 1607 2503 Matth.
1622 2477 1721 2518 quo-

1059 2535 1134 2575 que
1156 2521 1273 2559 dedit.

1115 2576 1168 2629 μή
1190 2578 1334 2626 ἐξεῖναι
1362 2577 1531 2618 ἕπεσθαι
1550 2593 1587 2617 κ.
1608 2593 1641 2616 τ.
1664 2579 1718 2627 λ.]

1061 2636 1144 2671 Lex
1164 2637 1215 2672 ita
1246 2649 1285 2672 se
1316 2635 1502 2682 habebat,
1539 2638 1579 2672 ut
1603 2636 1640 2672 in
1656 2647 1721 2684 po-

1061 2695 1189 2729 sterum
1208 2693 1300 2730 alter
1323 2696 1464 2730 tantum
1489 2703 1614 2742 regum
1637 2691 1722 2728 edu-

1061 2752 1152 2785 ceret
1161 2752 1350 2787 exercitum
1359 2747 1467 2797 (cum
1479 2746 1604 2785 adhuc
1615 2754 1721 2784 uter-

1061 2817 1136 2856 que
1157 2819 1225 2842 rex
1245 2806 1294 2843 ad
1324 2806 1468 2842 bellum
1497 2817 1586 2842 cum
1608 2816 1721 2842 exer-
