1789 3213
400 173 873 211 POLYMNIA.
933 174 1035 211 VII.

1273 174 1352 213 721

95 284 171 338 τῆς
219 285 426 340 Κηφισοῦ
473 282 694 339 θυγατρὸς
746 282 881 338 Θυίης
923 281 971 326 τὰ
1020 281 1197 337 τέμενός
1245 281 1356 332 ἐστι,

95 350 159 394 ἐπ’
186 347 236 407 ἧς
265 351 337 395 καὶ
365 350 388 395 ὁ
417 353 560 406 χοῖρος
590 347 718 402 οὗτος
747 349 826 406 τήν
855 350 1105 406 ἐπωνυμίην
1135 351 1240 405 ἔχει·
1270 350 1355 400 ,καὶ

67 419 282 476 4θυσίῃσί
302 431 435 475 σφεας
456 422 658 475 μετῇσαν.
690 419 857 474 Δελφοὶ
876 419 954 473 μὲν
974 419 1027 472 ὀὴ
1047 416 1157 461 κατὰ
1189 416 1238 462 τό
1259 435 1356 474 χρη-

94 485 273 543 στήριον
302 488 365 532 ἔτι
393 488 468 531 καὶ
495 491 580 530 νῦν
608 487 711 538 τούς
742 485 931 541 ἀνέμους
961 484 1227 529 ἱλάσκονται.

0 560 26 607 9
178 552 227 598 Ὁ
255 555 302 599 δὲ
328 555 534 606 ναυτικὸς
562 554 731 609 Ξέρξεω
761 554 965 608 στρατός,
1002 553 1279 610 ὁρμεεόμενος
1307 554 1326 598 ἐ

95 621 265 678 Θέρμης
294 622 458 674 πόλιος,
489 622 703 678 παρέβαλε
731 622 860 678 νηυσὶ
888 626 988 679 τῇσι
1016 620 1172 676 ἄριστα
1200 622 1354 665 πλεού-

89 699 190 745 σῃσι
227 690 331 734 δέκα
352 690 430 735 ἰθύ
472 689 702 735 Σκιάθου·
734 690 842 734 ἔνθα
871 685 986 745 ἦσαν
1013 689 1351 745 προφυλάσσου-

88 768 162 800 σαι
178 757 270 809 νέες
286 763 400 814 τρεῖς
425 757 676 815 Ἑλληνίδες,
712 759 944 814 Τροιζηνίη
967 774 1011 802 τε
1040 758 1115 801 καὶ
1145 759 1348 814 Αἰγιναίη

94 825 167 868 καὶ
193 824 372 883 Ἀττική.
401 826 657 881 προϊδόντες
685 825 731 869 δὲ
748 820 871 869 οὗτοι
891 826 969 877 τὰς
996 826 1098 878 νέας
1127 830 1216 869 τῶν
1245 829 1352 883 βαρ-

0 906 24 951 1)
79 891 245 950 βοῖρων,
276 894 319 946 ἐς
340 895 488 951 φυγήν
509 894 730 951 ὥρμησαν.

794 894 885 951 Τὴν
904 893 983 949 μὲν
1004 893 1056 950 δὴ
1082 895 1350 950 Τροιζηνίην,

86 964 163 1018 τῆς
190 956 294 1018 ἦρχε
324 964 555 1020 Πρηξῖνος,
579 960 737 1006 αὐτίκα
767 963 963 1016 αἱρέουσι
992 961 1276 1017 ἐπισπόμενοι
1306 964 1350 1006 οἱ

57 1029 318 1085 2βάρβαροι.
376 1031 451 1075 καὶ
498 1032 643 1075 ἔπειτα
679 1034 768 1074 τῶν
817 1029 1055 1086 ἐπιβατέων
1093 1028 1228 1087 αὐτῆς
1275 1031 1352 1074 τὸν
1364 1036 1408 1070 75

30 1204 182 1257 Castalii
222 1204 300 1241 filia
337 1205 525 1255 Apollinis
565 1205 692 1255 pellex

28 1260 246 1312 Delphique
270 1268 406 1298 mater.
475 1264 594 1311 Κηφι
607 1273 629 1300 σ
642 1263 692 1301 οὗ

30 1331 100 1369 pro
125 1319 358 1368 Κηφισσοῦ
382 1330 471 1354 cum
499 1319 578 1355 aliis
601 1317 689 1357 edd.

29 1388 50 1411 e
67 1374 215 1411 duobus
244 1373 357 1412 codd.
378 1375 549 1425 reposui,
586 1381 624 1411 at
648 1375 689 1411 in

28 1431 104 1467 fine
118 1444 186 1482 cap
216 1432 357 1467 retinui
378 1444 468 1468 cum
482 1430 687 1481 Schweig-

26 1487 159 1525 haeus.
179 1457 226 1524 ἔτ
260 1487 376 1524 Gaisf.
399 1485 471 1538 μὲν
495 1484 558 1538 δὴ,
583 1486 686 1539 quod

27 1558 77 1581 ex
97 1557 175 1580 uno
197 1544 387 1581 Sancrofti
409 1539 504 1581 fibro
538 1543 687 1581 Sohae-

26 1601 140 1648 ferus,
162 1613 279 1652 quem
299 1599 470 1640 Bekker.
501 1601 686 1652 sequitur,

25 1664 192 1694 mutarat
210 1657 250 1693 in
272 1655 342 1706 μέν
364 1672 451 1696 νυν.
485 1656 549 1694 Ad
573 1671 686 1695 voces

26 1709 87 1755 ἐπ’
106 1708 157 1765 ἧς
186 1714 286 1751 conf.
309 1715 386 1750 citt.
419 1712 467 1751 ad
487 1715 550 1762 IV,
573 1714 626 1755 45
649 1720 686 1751 et

27 1770 76 1808 de
94 1783 190 1809 voce
211 1769 418 1822 ἐπωνυμίη
440 1772 608 1819 (nomen)
638 1771 684 1819 V,

28 1830 94 1876 66,
114 1840 163 1864 ne
182 1827 304 1878 plura.

193 1906 287 1957 Cap.
309 1906 522 1942 CLXXIX.

83 1982 106 2024 ὁ
127 1981 170 2023 δὲ
191 1981 378 2031 ναυτικός
401 1983 551 2036 Ξερξεω
567 1995 684 2034 στρα-

24 2037 92 2087 τός
108 2040 400 2092 -παρὲβαλε]
433 2043 457 2079 i.
483 2054 516 2077 e.
546 2040 683 2077 Xerxis

24 2097 150 2135 classis
187 2097 340 2135 Therma
376 2097 538 2148 profecta
568 2097 682 2133 decem

25 2166 101 2191 cum
131 2155 284 2191 navibus
312 2157 436 2204 optime
454 2167 483 2193 s.
510 2153 682 2191 celerrime

23 2212 282 2259 navigantibus
299 2211 398 2248 recta
421 2211 471 2248 ad
494 2209 681 2248 Sciathum

23 2267 177 2304 insulam
195 2267 375 2318 appulit.“
418 2269 474 2304 Ita
495 2267 681 2304 Aemilius

23 2323 162 2360 Portus
172 2322 287 2375 idque
298 2325 434 2362 rectius
454 2337 544 2361 sane
565 2336 682 2376 quam

23 2380 152 2427 Valla,
184 2380 249 2431 qui
268 2382 400 2418 vertit:
433 2381 546 2418 decem
570 2393 678 2418 naves

23 2435 123 2474 rectd
147 2437 243 2473 misit
262 2437 299 2473 in
332 2436 533 2475 Sciathum.
590 2438 677 2474 Me-

23 2494 96 2531 lius
114 2493 190 2529 loci
206 2493 392 2529 sententia
411 2494 626 2544 apparebit,
646 2495 678 2531 si

22 2549 199 2587 verteris:
253 2548 367 2595 „Cum
392 2549 526 2587 Xerxis
553 2551 677 2588 classis

26 2605 180 2644 Therma
219 2605 513 2655 proficisceretur,
566 2606 680 2644 decem

21 2675 130 2702 naves
147 2663 345 2699 celerrilno
362 2674 474 2699 cursu
492 2663 679 2714 reliquam

25 2720 184 2756 classem
204 2717 484 2767 antecedentes,
509 2722 605 2756 recta
629 2719 680 2756 ad

27 2774 214 2814 Sciathum
227 2775 450 2826 appulerunt.
479 2774 679 2828 παρέβαλε

78 2834 302 2870 HERODOT.
320 2833 389 2871 111.

752 1203 913 1240 refertur
944 1203 993 1240 ad
1022 1202 1046 1243 ό
1075 1200 1264 1250 ναυτικός
1292 1215 1409 1255 στρα-

750 1256 837 1308 τὸς,
867 1260 1009 1311 quippe
1040 1273 1117 1312 quo
1150 1266 1187 1297 et
1214 1261 1296 1310 ipso
1317 1273 1410 1297 sane

753 1315 887 1353 decem
905 1318 993 1353 illae
1008 1329 1125 1354 naves
1156 1315 1409 1367 comprehen-

753 1371 909 1410 duntur.
938 1374 1108 1411 Verbum
1124 1369 1409 1424 παραβάλλειν,

749 1428 798 1465 ad
820 1429 924 1481 quod
954 1429 993 1467 h.
1022 1431 1048 1468 l.
1082 1429 1288 1466 commode
1316 1443 1409 1481 sup-

747 1487 852 1536 pleas
873 1483 1028 1534 ἕαυτόν,
1060 1486 1107 1522 de
1126 1487 1320 1523 maritimo
1337 1499 1406 1523 ae-

749 1556 823 1594 que
840 1556 882 1579 ac
892 1542 1058 1592 pedestri
1076 1544 1211 1579 itinere
1222 1542 1407 1580 dicibene

749 1600 924 1636 observat
951 1598 1263 1650 Schweighaeus.
1288 1601 1406 1636 citans

746 1657 843 1693 Lex.
864 1656 1003 1708 Polyb.
1023 1669 1053 1693 s.
1074 1670 1111 1694 v.
1141 1670 1199 1695 nr.
1232 1659 1273 1696 3.
1332 1657 1405 1693 Hic

748 1711 998 1763 cogitandum
1019 1719 1074 1749 est
1095 1711 1142 1749 de
1162 1713 1321 1749 traiectu
1354 1714 1406 1749 si-

744 1782 816 1806 nus
838 1767 1048 1805 Thermaei
1068 1782 1111 1805 ac
1140 1770 1254 1806 maris
1274 1770 1311 1806 T
1313 1767 1406 1806 hra-

747 1826 796 1862 cii
818 1825 917 1874 (VII,
942 1826 1042 1875 176)
1075 1838 1196 1876 usque
1217 1824 1265 1862 ad
1295 1826 1406 1863 Scia-

744 1881 857 1919 thum
871 1882 1048 1930 insulam,
1084 1895 1184 1933 quae
1205 1895 1225 1918 e
1246 1883 1403 1931 regione

743 1939 962 1988 Magnesiae
981 1952 1060 1976 non
1079 1939 1195 1989 longe
1223 1939 1269 1975 ab
1288 1939 1405 1976 Arte-

742 1996 854 2032 misio
890 1994 1015 2032 distat.
1083 1995 1172 2032 Vid.
1214 2002 1311 2032 nott.
1354 1994 1403 2032 ad

742 2053 824 2100 VII,
860 2054 954 2092 176.
1012 2053 1070 2088 De
1109 2052 1262 2089 Thermci
1299 2051 1403 2089 dixi-

739 2121 824 2146 mus
835 2107 882 2145 ad
903 2109 984 2156 VII,
1009 2111 1101 2148 127.
1127 2111 1219 2149 131.
1233 2130 1287 2136 —
1307 2110 1401 2146 Mox

741 2159 845 2216 ἦσαν
865 2164 953 2201 dedi
972 2178 1040 2216 pro
1063 2163 1169 2220 i'oaq.
1321 2215 1338 2221 -

799 2219 1028 2274 προϊδόντες
1051 2219 1092 2260 δὲ
1115 2221 1254 2269 οὑτοι]
1287 2222 1400 2260 οὑτοι

743 2277 850 2324 dicit,
869 2279 1042 2331 quamvis
1074 2276 1274 2314 antecedat
1313 2276 1401 2325 νέες

741 2339 856 2386 τρεῖς.
925 2334 1012 2372 Vid.
1047 2335 1095 2371 G.
1116 2336 1327 2370 Hermann.
1349 2333 1399 2370 ad

736 2393 863 2443 Viger.
894 2405 930 2443 p.
953 2390 1047 2438 714,
1068 2391 1136 2427 ubi
1164 2404 1232 2441 pro
1254 2389 1396 2430 Herod.

736 2447 817 2488 VH.
839 2450 938 2490 197
958 2449 1034 2498 leg.
1058 2446 1138 2495 VII,
1163 2449 1257 2487 179.

917 2527 1010 2578 cap.
1031 2526 1226 2563 CLXXX.

794 2608 875 2646 τῶν
905 2603 1125 2656 ἐπιβατέων
1167 2600 1292 2653 αὐτῆς
1324 2599 1395 2642 τόν

739 2658 1043 2702 καλλιστεύοντα
1064 2676 1100 2699 κ.
1113 2674 1146 2699 τ.
1159 2661 1210 2708 λ.]
1232 2661 1290 2696 De
1300 2671 1394 2697 voce

742 2715 937 2771 ἐπιβάτης
957 2717 1033 2755 vid.
1054 2724 1152 2756 nott.
1174 2715 1222 2753 ad
1243 2716 1305 2764 VI,
1327 2718 1397 2756 96.

741 2797 792 2802 —
813 2770 1079 2816 καλλιστεύειν
1099 2773 1296 2826 aliquoties
1314 2773 1395 2809 No-

1064 2828 1119 2871 46

1330 570 1355 598 κ
1367 553 1437 596 70ss
1456 553 1654 582 barbarorum

1411 588 1539 615 navibus
1559 588 1664 615 decem

1412 630 1522 648 versus
1540 622 1670 649 insulam

1413 655 1568 683 Sciathum
1582 665 1671 691 prae-

1409 690 1535 724 missae,
1554 690 1689 717 incidunt

1408 722 1520 750 intres
1555 724 1688 750 Graeco-

1405 764 1471 783 rum
1496 765 1592 783 nave-s

1411 790 1602 825 excubantes,
1615 799 1687 826 qua-

1409 832 1477 851 rum
1497 824 1571 851 duas
1588 833 1655 852 cum

1409 857 1485 894 ipsis
1502 858 1574 885 viris

1624 758 1688 784 illic
