1834 3258
423 242 899 282 POLYMNIA.
959 218 1065 283 vri.

1301 249 1386 288 457

120 367 234 408 ,,χον,
264 349 319 394 σύ
350 351 440 394 πᾶν
469 349 578 395 αὐτὸ
609 352 842 410 συλλαβών
872 354 1067 410 εἴρηκας·
1099 353 1281 411 φανήτω
1301 355 1442 412 γὰρὸο

93 427 113 460 8
128 419 207 474 ,,δὴ
235 419 309 462 καὶ
331 417 428 473 ἐμοὶ
442 418 500 470 ὥς
512 420 586 463 καὶ
607 421 678 464 σοὶ
705 422 1080 478 διακελευόμενον.
1123 427 1321 479 φανῆναι
1341 424 1387 467 δὲ

117 485 277 539 ,,ου’δὲν
305 486 474 542 μᾶλλόν
494 505 570 543 μοι
586 487 751 544 ὀφείλει
781 489 924 546 ἔχοντι
953 489 1034 546 τὴν
1053 489 1134 547 σὴν
1153 491 1330 547 ἐσθῆτα,
1360 491 1388 546 ἢ

114 554 199 608 „ov'
211 556 286 599 καὶ
306 555 387 611 τήν
410 554 518 612 ἐμήν
531 571 540 581 ·
573 555 676 600 οὐδὲ
688 574 730 601 τι
749 562 916 613 μᾶλλον
929 558 976 602 ἐν
988 560 1113 616 κοίτῃ
1133 563 1185 617 τῇ
1209 562 1263 616 σῇ
1282 557 1387 602 ἀνα-

111 623 432 681 ,,παυομένῳ,ἣ
451 622 503 667 οὐ
525 625 598 668 καὶ
619 625 666 669 ἐν
696 630 750 683 τῇ
780 626 883 684 ἐμῇ·
912 629 954 670 εἴ
978 643 1058 682 περ
1087 643 1136 684 γε
1152 628 1227 672 καὶ
1249 626 1388 679 ἄλλως

86 700 109 734 9
121 693 288 745 »ἐθέλει
325 696 536 749 φανῆναι.

599 692 652 737 οὐ
682 693 768 750 γάρ
808 693 863 751 δή
905 694 948 746 ἐς
985 695 1174 740 τοσοῦτό
1203 712 1251 752 γε
1282 695 1386 752 εὐη-

113 763 266 817 „being
297 758 449 816 ἀνήκει
478 765 634 815 τοῦτο,
676 761 702 806 ὅ
731 779 773 806 τι
803 765 858 820 δή
887 764 987 808 κοτέ
1017 765 1106 808 ἐστι
1135 763 1184 809 τὸ
1215 764 1444 821 ἐπιφαι-ὂό

113 828 328 886 ,φάμενόν
350 847 421 874 τοι
450 831 497 875 ἐν
525 833 587 887 τῷ
616 830 766 890 ὕπνῳ,
796 831 905 876 ὥστε
936 832 1052 886 δόξει
1082 832 1154 889 ἐμὲ
1185 831 1308 888 ὁρῶν
1342 833 1390 877 σὲ

60 897 277 952 10,,εἶναι,
328 903 383 958 τῇ
422 904 475 957 σῇ
516 899 667 957 ἐσθῆτι
709 898 1063 956 τεκμαιρόμενον.

113 967 227 1023 ,,μὲν
279 968 325 1011 ἐν
371 967 522 1013 οὐδενὶ
573 966 689 1027 λόγῳ
749 967 1002 1025 ποιήσεται,

1137 902 1174 945 ει
1222 902 1269 946 δὲ
1318 901 1390 958 ἐμὲ

1071 966 1174 1014 οὐδὲ
1215 968 1389 1023 ἀξιώσει

115 1036 412 1092 »ἐπιφανῆναι
432 1070 442 1086 ,
501 1036 602 1081 οὔτε
658 1036 715 1093 ἢν
765 1036 845 1093 τήν
903 1035 1011 1093 ἐμήν
1068 1036 1233 1095 ἐσθῆτα
1293 1038 1387 1094 ἔχω,

115 1104 246 1159 »οὔτε
274 1105 331 1162 ἦν
361 1105 441 1163 τὴν
468 1105 575 1164 σὴν,
626 1106 672 1149 σὲ
713 1105 760 1150 δὲ
794 1104 1091 1162 ἐπιφοιτήσει,
1141 1109 1274 1150 τοῦτο
1303 1105 1387 1163 ἤδη

59 1268 236 1320 proxime
274 1267 477 1308 anteo-edd.
508 1268 610 1308 conf.
647 1269 729 1317 VII,

36 1328 43 1334 ‘
63 1328 116 1367 10
137 1327 173 1372 ξ.
191 1329 230 1367 8.

118 1380 167 1422 σῦ
181 1385 264 1422 πᾶν
278 1377 376 1422 αὐτὸ
386 1379 597 1434 συλλαβών
620 1382 730 1434 εἴρη-

59 1440 151 1489 κας]
173 1441 278 1476 Haec
294 1440 412 1476 verba
433 1453 523 1476 cum
544 1437 728 1490 Sohwgh.

60 1497 114 1534 ita
149 1495 393 1533 reddidisset:
457 1495 515 1533 Tu
542 1500 633 1534 recte
656 1509 729 1534 rem

61 1566 191 1590 omnem
209 1553 420 1590 intellexisti
436 1553 642 1604 dixistique,
663 1567 728 1590 re-

61 1611 157 1648 ctius
176 1609 282 1647 idem
297 1611 337 1646 in
356 1610 490 1647 Lexic.
510 1609 654 1648 Herod.
675 1612 728 1648 ita

61 1666 281 1718 accipienda
303 1680 382 1704 esse
402 1674 553 1704 censet:
586 1667 643 1705 Tu
671 1680 727 1706 re-

61 1727 113 1762 cte
156 1736 285 1762 omnem
322 1736 393 1762 rem
422 1724 578 1762 brevibus
612 1726 725 1762 verbis

61 1781 257 1832 complexus
295 1793 342 1818 ες.
401 1780 526 1832 Supra
554 1782 621 1830 m,
655 1784 722 1822 82:

61 1836 122 1877 ἓνὶ
146 1836 233 1877 ἔπεϊ
248 1834 381 1877 πάντα
400 1835 647 1889 συλλαβόντα
668 1837 726 1877 εἰ·

59 1897 165 1933 πεῖν.
189 1914 238 1922 -
269 1895 346 1931 Pro
365 1895 470 1944 vulg.
489 1891 726 1946 φανήσεται,

61 1949 166 2002 quod
198 1957 405 1988 tenuerunt
444 1949 641 1988 Schaefer.
690 1957 727 1988 et

59 2005 208 2055 Matth.‚
251 2020 301 2044 ex
329 2008 474 2058 optimo
504 2008 725 2045 Florentino

59 2077 163 2101 nunc
185 2062 331 2101 editum
351 2060 534 2115 φανήτω.

117 2115 146 2171 ἢ
167 2115 217 2160 ου’
238 2119 304 2160 καὶ
323 2118 399 2172 τήν
418 2117 537 2172 ἐμήν]
568 2121 625 2157 Ita
637 2133 727 2157 cum

61 2183 218 2215 recentt.
245 2176 333 2214 edd.
364 2178 516 2228 reposui
537 2191 557 2213 e
578 2176 727 2214 Sohae-

61 2235 131 2272 feri
144 2233 413 2272 emendatione
426 2233 474 2271 ad
486 2235 728 2285 Gregor.Co-

61 2290 334 2341 rintl1.p.102.
365 2291 474 2331 Cous.
495 2291 638 2332 Herod.
654 2291 726 2336 IV,

65 2349 157 2388 118.
186 2348 232 2396 V,
255 2347 308 2388 94
337 2349 467 2400 ibique
480 2349 606 2386 allata.
628 2349 727 2387 Vul-

64 2416 113 2455 go
133 2399 161 2454 ἢ
173 2402 262 2443 ουκὶ
282 2401 356 2455 τήν
377 2401 491 2457 ἐμήν.

124 2459 163 2500 εἴ
181 2474 253 2512 περ
282 2475 326 2513 γε
359 2460 427 2501 καὶ
449 2458 578 2509 ἄλλως
599 2459 728 2502 ἐθέλει

66 2518 246 2567 φανῆναι
266 2517 284 2565 ]
341 2519 498 2556 Werfer
544 2520 584 2555 iu
626 2521 727 2558 Actt.

66 2571 174 2624 phill.
194 2574 370 2611 Monacc.
388 2576 418 2622 1,
438 2588 477 2625 p.
497 2577 579 2616 236
602 2573 728 2623 ἄλλως

65 2636 259 2667 mutatum
277 2631 359 2668 vult
377 2632 417 2667 in
427 2628 560 2678 ἄλλοις
575 2644 585 2668 :
608 2635 640 2670 si
651 2635 729 2683 qui-

68 2686 143 2725 dem
168 2688 274 2724 etiam
307 2687 393 2725 aliis
423 2686 532 2736 (nou
552 2689 619 2724 tibi
639 2690 727 2740 soli)

67 2755 236 2794 apparere
274 2743 370 2781 velit.
422 2742 542 2790 [Quod
579 2746 730 2795 specio-

66 2812 151 2837 sum
163 2799 318 2854 quidem
329 2799 488 2849 videtur,
499 2813 626 2852 neque
639 2815 728 2840 vero

68 2858 336 2906 necessarium,
369 2856 487 2896 modo
516 2858 729 2896 subintelli-

786 1280 854 1318 gas
903 1266 992 1319 ἐμοὶ
1024 1271 1227 1320 φανῆναι,
1294 1276 1448 1306 auctore

786 1322 1166 1376 Schweighaeusero.
1237 1326 1371 1377 Itaque
1419 1328 1448 1363 is

785 1382 861 1420 loci
880 1393 1034 1420 sensus:
1088 1385 1150 1431 „si
1183 1383 1320 1432 quidem
1357 1383 1450 1421 illud

787 1441 922 1477 omnino
933 1438 1065 1490 (mihi)
1077 1452 1243 1492 apparere
1259 1440 1382 1477 velit.“
1392 1462 1448 1467 —-

783 1496 970 1534 Adverba
991 1495 1034 1536 ἐν
1056 1493 1188 1536 οὐδενὶ
1208 1493 1314 1548 λόγῳ
1326 1494 1450 1547 ποιή-

785 1565 892 1592 σεται
920 1554 961 1590 in
980 1566 1088 1605 seqq.
1115 1553 1247 1590 confer
1267 1554 1379 1590 allata
1399 1553 1449 1591 ad

782 1610 865 1658 VII,
889 1609 954 1650 14.
1014 1611 1119 1656 Quae
1151 1617 1282 1647 autem
1303 1609 1351 1647 de
1371 1608 1448 1648 hu-

781 1667 840 1704 ius
858 1668 955 1716 loci,
989 1680 1105 1719 quem
1127 1667 1308 1720 equidem
1338 1668 1450 1705 Gais-

780 1723 950 1761 fordium
969 1725 1083 1776 plane
1111 1732 1262 1762 secutus
1279 1723 1450 1773 exhibui,

780 1782 945 1818 lectione
1000 1781 1266 1819 constituenda
1305 1782 1449 1832 profert

781 1838 976 1889 Stegerus,
987 1851 1031 1875 ea
1041 1839 1177 1875 merito
1189 1839 1350 1889 explosit
1361 1852 1451 1875 cen-

781 1908 844 1931 sor
871 1896 1076 1945 Lipsiensis
1113 1896 1304 1945 (Ergiinz.
1334 1896 1449 1932 Blfitt.

785 1953 891 1991 1833
913 1965 951 2002 p.
973 1950 1060 2001 45).

842 2005 885 2046 σὲ
918 2005 962 2046 δὲ
992 2003 1263 2058 ἐπιφοιτήσει,
1310 2008 1449 2056 τοῦτο]

785 2062 1172 2115 Schweighaeuserus
1201 2063 1249 2101 de
1276 2077 1345 2102 suo
1368 2064 1452 2102 edi—

785 2119 913 2169 derat,
951 2122 1139 2172 probante
1180 2121 1298 2158 Miot:
1341 2121 1377 2160 εἰ
1408 2119 1452 2161 δὲ

784 2176 851 2216 καὶ
869 2175 1121 2230 ἐπιφοιτήσει
1137 2180 1254 2218 τοῦτο
1268 2208 1277 2223 ,
1314 2180 1452 2215 maiori

786 2233 1028 2272 d1stinctioue
1049 2242 1138 2272 ante
1157 2233 1226 2273 has
1245 2248 1358 2273 voces
1377 2248 1452 2286 po—

782 2292 864 2329 sita.
925 2292 999 2338 Qui
1017 2292 1124 2329 idem
1149 2293 1264 2344 paulo
1293 2293 1450 2330 inferius

783 2347 832 2386 ad
861 2350 1000 2387 verba:
1053 2345 1133 2388 οἷλλῖ
1164 2346 1245 2400 ἤδη
1281 2349 1344 2389 δεῖ
1368 2347 1448 2401 ἐμὲ,

782 2418 882 2458 quae
912 2407 1012 2444 bene
1042 2407 1093 2443 sic
1123 2406 1278 2443 refinxit
1302 2404 1450 2444 Sohae-

784 2463 907 2511 ferus,
945 2464 1033 2500 satis
1062 2463 1159 2500 forte
1188 2463 1302 2500 fuisse
1323 2470 1451 2500 censet

785 2515 869 2558 ἄλλ’
908 2519 944 2558 εἰ
981 2520 1044 2559 δεῖ
1072 2518 1152 2571 ἐμέ.
1211 2518 1380 2557 Bekker.
1403 2519 1450 2557 de

784 2588 853 2613 suo
875 2575 981 2613 dedit
1003 2572 1083 2615 ἄλλ’
1100 2572 1129 2627 ἢ
1152 2576 1215 2616 δεῖ
1231 2574 1299 2627 ἐμὲ
1322 2579 1451 2615 κ.τ.λ.

782 2632 978 2685 Equidem
1010 2640 1175 2685 utroque
1204 2634 1290 2670 loco
1313 2633 1451 2683 vulga-

786 2697 866 2727 tam
886 2690 1038 2728 retinui.
1097 2688 1160 2727 Ad
1198 2690 1364 2726 formam
1387 2689 1452 2728 δε-

787 2743 955 2798 δόκηται
987 2746 1089 2783 conf.
1120 2743 1257 2784 Matth.
1280 2747 1349 2785 Gr.
1383 2747 1450 2783 Gr.

784 2816 874 2854 pag.
905 2801 996 2844 447.
1018 2824 1073 2830 —
1093 2800 1349 2842 Ρτοτουτέων
1361 2801 1449 2839 dedi

785 2857 950 2899 τούτων.

1070 2918 1122 2955 30
1139 2910 1163 2935 ᾖ
