1851 3181
436 168 520 207 586

831 167 1291 215 flnssono‘rl

437 275 549 327 „aiei
576 290 675 318 κοτε
706 272 958 331 σύντροφός
995 275 1106 320 ἐστι·
1144 275 1274 333 α’ρετὴ
1306 276 1352 322 δὲ
1384 276 1565 330 ἔπακτός
1592 277 1746 334 ἐστι,95

437 340 556 395 ,,οἲπο’
582 357 626 385 τε
655 343 814 399 σοφίης
845 343 1167 402 κατεργασμένη
1209 345 1283 389 καὶ
1311 343 1455 403 νόμου
1483 348 1694 404 ἰσχυροῦ·

437 514 553 569 α’ρετή
603 514 647 557 δὲ
697 513 865 565 {manzag-
910 518 992 560 ἐστι
1016 520 1036 569 ]

379 574 561 612 Matthiae
601 587 691 612 cum
719 575 799 611 aliis
820 573 920 615 ἒπακ
932 573 985 616 τό
997 590 1037 626 ς;

380 631 560 684 equidem
588 633 730 669 retinui
760 631 928 680 ἔπακτος
948 646 1037 670 cum

381 689 498 727 Gaisf.
519 695 557 726 et
577 687 811 740 Schweigh.,
842 692 907 742 qui
926 691 1036 741 plura

378 747 420 782 in
452 746 584 783 Lexic.
616 746 760 786 Herod.
790 745 838 783 de
874 754 1035 800 utraque

377 802 566 841 scribendi
593 805 739 841 ratione
760 803 970 854 disputans,
993 803 1033 842 h.

376 861 403 897 l.
431 860 698 912 interpretatur
717 862 896 899 virtutem
916 862 1035 900 adsci-

375 918 522 964 ticz'am,
560 915 769 955 adhibitam
797 919 903 956 velut
923 920 1034 956 auxi-

374 974 426 1011 lio
464 972 642 1012 adversus
670 982 934 1026 paupertatem
953 977 1032 1014 scil.

375 1029 659 1082 repellendam,
706 1033 760 1069 ita
788 1039 831 1069 ut
869 1032 1034 1081 ἔπακτος

376 1094 592 1138 opponatur
618 1091 675 1142 τῷ
705 1085 918 1144 συμφύτῳ,
953 1104 1033 1127 non

373 1146 536 1182 innatum
565 1145 658 1197 quid
689 1145 861 1183 indicans
881 1146 948 1184 sed
967 1148 1034 1185 ad·-

372 1203 560 1238 venticium
590 1201 794 1254 quiddam,
823 1206 1034 1254 acquisitum

374 1271 405 1295 s.
425 1261 640 1296 extrinsecus
673 1260 867 1308 adscitum,
897 1260 1032 1299 natura

372 1315 471 1352 nobis
489 1328 559 1352 non
589 1317 735 1354 insitum
762 1330 824 1354 nec
842 1318 1033 1366 ingenera-

373 1374 462 1408 tum.
520 1372 644 1417 Quare
665 1372 1030 1412 Valckenaeriusin-

372 1434 601 1479 terpretatur
612 1427 655 1470 τό
669 1427 865 1479 διδακτὸν,
887 1433 948 1468 cui
958 1445 1030 1483 op-

372 1492 539 1535 ponatur
579 1484 624 1526 το“
660 1486 703 1527 ἐν
734 1490 782 1541 τῇ
811 1485 956 1538 φύσει,
985 1496 1029 1526 ut

373 1543 413 1578 in
434 1541 656 1593 Epicharmi
676 1557 719 1582 ac
740 1546 949 1582 Democriti
969 1545 1030 1582 di-

371 1599 440 1635 ctis
461 1600 593 1638 allatis.
653 1601 719 1639 Cr.
749 1602 848 1638 conf.
873 1601 1028 1640 Pindar.

373 1655 525 1707 Olymp.
541 1659 592 1704 X,
605 1660 685 1699 107
707 1664 744 1694 et
761 1666 858 1695 nott.
878 1658 927 1695 ad
938 1660 1029 1696 Plo-

370 1712 440 1748 tin.
459 1714 561 1751 Enn.
581 1716 611 1761 I,
634 1717 670 1763 6,
692 1718 731 1755 7.
788 1717 889 1753 Hinc
913 1717 1029 1753 etiam

372 1777 539 1820 apparet,
556 1783 652 1823 quae
672 1770 775 1822 apud
789 1771 1030 1810 Herodotum

370 1826 623 1864 subiiciuntur
652 1829 769 1866 verba
801 1825 878 1868 οἷπό
898 1844 939 1868 τε
965 1840 1027 1869 σο-

371 1882 469 1934 φίης
488 1883 780 1938 κατεργασμένη
803 1884 870 1924 καὶ
899 1881 1028 1937 νόμου

371 1938 536 1990 ἰσχυροῦ
551 1972 560 1990 ,
607 1955 651 1978 ea
670 1940 782 1979 huius
802 1943 918 1994 ipsius
938 1956 1028 1980 sen-

370 1998 512 2033 tentiae
540 1998 781 2049 ampliandae
813 2007 849 2037 et
869 2013 1027 2037 accura-

369 2052 443 2089 tius
466 2052 704 2092 defiuiendae
725 2069 837 2094 causa
857 2070 935 2094 esse
956 2056 1028 2094 ad-

371 2107 460 2157 dita,
494 2112 525 2148 si
558 2111 715 2164 quidem
743 2115 907 2151 virtutem
923 2112 1027 2151 indi-

369 2173 457 2203 cant
484 2171 695 2217 acquisitam
731 2174 764 2207 et
789 2174 1026 2221 comparatam

366 2224 732 2275 sapientia-firmaque
748 2226 847 2275 lege;
869 2225 915 2263 ad
926 2240 1025 2279 quae

369 2281 470 2317 conf.
491 2280 625 2320 Matth.
649 2283 714 2321 Gr.
747 2283 812 2320 Gr.
845 2297 883 2334 p.
917 2286 1024 2324 1130

368 2337 417 2373 ob
444 2339 523 2374 vim
561 2340 844 2390 praepositionis
880 2335 958 2379 ἀπὸ
989 2347 1026 2376 et

366 2393 405 2439 ὖ·
435 2394 531 2442 496,
564 2409 598 2432 e.
624 2408 712 2446 pag.
747 2398 825 2436 931
863 2397 911 2432 ob
945 2397 1024 2432 vim

366 2452 556 2501 passivam
584 2453 691 2490 verbi
720 2450 1022 2505 κατεργασμένη,

367 2513 410 2544 ut
443 2508 487 2555 V,
536 2510 605 2548 29.
679 2510 824 2546 Vocem
876 2509 1024 2559 σοφίην

368 2562 589 2615 Schweigh.
620 2564 660 2603 h.
680 2566 706 2603 l.
737 2567 873 2617 accipit
892 2565 1025 2603 doctri-

366 2633 462 2670 nam,
479 2624 623 2671 ingenii
643 2623 795 2671 cultum,
826 2626 919 2659 artes
940 2622 1023 2659 libe-

367 2678 480 2726 rale-33
524 2678 703 2731 equidem
735 2680 886 2716 malim:
931 2691 1024 2729 pru-

368 2733 487 2772 denter
496 2738 528 2772 εἰ
548 2738 720 2786 sapienter
736 2738 850 2774 omnia
862 2739 1024 2773 tractan-

368 2789 408 2826 di
421 2791 621 2840 oollertiam,
645 2794 899 2831 dexteritatem.
921 2793 954 2829 V
957 2805 1024 2830 ooe

1094 516 1222 571 νόμου
1243 521 1269 558 i.
1294 534 1328 558 e..
1348 533 1439 558 more
1455 519 1497 558 h.
1515 522 1542 560 l.
1565 521 1751 559 contineri

1092 584 1238 628 putem,
1252 590 1502 630 quaecunque
1515 577 1617 629 apud
1628 579 1750 616 Grae-

1093 647 1156 671 cos
1190 635 1231 670 in
1259 647 1366 671 more
1400 636 1520 685 posita
1549 648 1679 673 severe
1713 642 1750 673 et

1091 692 1217 728 stricte
1237 691 1283 727 ab
1295 693 1472 729 omnibus
1494 692 1750 729 observaban-

1089 754 1164 786 tur.
1194 747 1280 785 Vid.
1300 749 1381 797 VII,
1401 747 1480 789 104
1504 749 1634 801 ibique
1652 755 1750 787 nott.

1090 805 1164 850 Qui
1176 800 1299 856 νόμος
1312 805 1466 857 qualem
1474 806 1552 843 vim
1565 804 1612 842 ad
1628 807 1750 843 Grae-

1089 874 1223 899 corum
1249 863 1396 899 animos
1431 868 1468 898 et
1489 875 1622 899 eorum
1639 863 1750 899 insti-

1089 925 1170 956 tuta
1191 919 1319 955 omnia
1338 917 1534 966 habuerit,
1577 918 1748 971 disquirit

1089 974 1347 1012 Hoffmeister.
1363 976 1452 1012 sittl.
1462 976 1748 1026 relig.Lebens-

1091 1031 1238 1069 ansicht
1265 1031 1302 1069 d.
1334 1031 1518 1069 Herodot.
1539 1045 1628 1083 pag.
1654 1031 1746 1081 105,

1088 1090 1155 1125 ubi
1176 1090 1304 1126 Garvii
1324 1090 1413 1126 citat
1431 1088 1624 1127 Versuche
1642 1090 1688 1128 P.
1698 1090 1748 1127 Π.

1087 1144 1185 1182 Mihi
1204 1144 1243 1184 h.
1259 1147 1285 1182 l.
1304 1145 1455 1183 videtur
1477 1145 1655 1183 historiae
1675 1158 1749 1196 pa—

1088 1209 1146 1240 ter
1155 1204 1404 1240 Demaratum
1417 1216 1461 1239 ea
1477 1203 1602 1239 facere
1612 1201 1748 1239 dicen-

1087 1266 1180 1308 tem,
1194 1273 1291 1312 quae
1300 1267 1390 1296 tunc
1401 1261 1582 1310 temporis
1594 1272 1616 1295 a
1625 1260 1748 1296 Grae—

1087 1318 1167 1353 ciae
1187 1317 1416 1367 sapientibus
1437 1317 1606 1352 maxime
1625 1317 1747 1367 agita-

1085 1374 1225 1410 bantur
1243 1375 1360 1426 inque
1371 1372 1509 1411 scholis
1522 1379 1559 1410 et
1573 1386 1748 1411 conven-

1084 1431 1184 1468 tibus
1213 1432 1382 1467 maxime
1421 1429 1745 1482 disceptabantur3

1086 1488 1175 1524 talia
1207 1489 1309 1524 euim
1326 1487 1460 1524 afferre
1489 1488 1536 1524 ab
1560 1485 1746 1524 Herodoti

1086 1545 1248 1581 consiliis
1269 1543 1566 1597 haudquaquam
1576 1545 1746 1580 alienum

1085 1601 1199 1638 fuisse
1225 1602 1396 1649 arbitror,
1456 1602 1639 1638 Graeciae
1659 1601 1746 1636 lau-

1087 1657 1152 1695 des
1193 1658 1429 1694 celebraturi.
1496 1658 1603 1702 Quae
1640 1657 1743 1707 ipsae

1085 1713 1215 1751 laudes
1236 1728 1325 1751 cum
1346 1715 1540 1765 Spartanis
1565 1714 1742 1765 proxime

1084 1772 1320 1819 tribuantur,
1355 1773 1440 1808 satis
1461 1769 1550 1807 inde
1571 1776 1740 1821 apparet,

1086 1827 1178 1880 quid
1199 1827 1245 1864 de
1268 1841 1400 1864 eorum
1421 1828 1602 1878 opinione
1621 1833 1743 1864 statu—

1085 1884 1229 1921 endum
1248 1886 1315 1932 sit,
1354 1886 1418 1937 qui
1439 1882 1678 1921 Herodotum
1701 1883 1742 1919 in

1082 1943 1244 1992 gratiam
1289 1941 1584 1978 Atheniensium
1620 1938 1742 1977 histo-

1083 1999 1182 2035 riam
1213 2011 1322 2035 suam
1349 1999 1645 2050 perscribentem
1660 2025 1670 2044 ,
1692 1994 1740 2033 de

1082 2057 1283 2093 Laconum
1319 2054 1495 2092 laudibus
1537 2053 1742 2091 detraxisse

1083 2111 1341 2160 contendunt,
1401 2112 1568 2163 partium
1617 2108 1742 2148 studio

1083 2168 1255 2208 ductum.
1324 2170 1429 2214 Quae
1469 2168 1662 2218 attigimus
1700 2167 1740 2203 iu

1079 2233 1161 2266 not.
1183 2224 1231 2262 ad
1252 2226 1314 2273 VI,
1339 2227 1430 2266 108.
1486 2226 1592 2260 Bene
1613 2229 1743 2260 autem

1080 2281 1298 2319 Herodoteo
1336 2282 1420 2318 loco
1459 2283 1578 2318 utitur
1607 2280 1650 2317 C.
1695 2280 1740 2316 0.

1080 2339 1229 2375 muller.
1252 2339 1362 2387 (Dor.
1375 2339 1410 2374 ΙΙ
1429 2350 1519 2389 pag.
1539 2335 1653 2385 248),
1671 2336 1739 2373 ubi

1082 2394 1129 2432 de
1163 2408 1206 2431 ea
1233 2395 1430 2446 superbia,
1468 2407 1565 2447 quae
1592 2395 1741 2430 Dorum

1080 2452 1215 2489 animis
1243 2453 1466 2503 ingenerata
1503 2451 1596 2498 fuit,
1632 2449 1740 2486 belli-

1079 2521 1200 2560 caque
1212 2522 1345 2546 eorum
1365 2506 1586 2545 fortitudine
1610 2505 1738 2543 omnia

1078 2572 1279 2616 superante
1308 2566 1398 2616 agit.
1420 2588 1471 2593 —-
1500 2566 1544 2601 In
1564 2563 1738 2615 proxime

1078 2635 1185 2674 seqq.
1213 2635 1281 2673 pro
1313 2619 1601 2673 διαχρεωμένη,
1633 2615 1737 2670 quod

1080 2680 1252 2731 plerique
1272 2685 1427 2716 tuentur
1439 2676 1565 2725 codd.,
1587 2674 1735 2714 Sohae-

1080 2736 1182 2773 serus
1204 2749 1253 2773 ex
1271 2749 1350 2773 uno
1369 2735 1540 2772 Parisino
1560 2732 1656 2770 libro
1670 2741 1732 2765 re-

1081 2793 1205 2843 posuit
1243 2789 1515 2845 διαχρεομένη.
1590 2787 1732 2824 Vocem
