1806 3181
215 838 314 882 229

44 900 193 928 Diversae
213 902 318 928 deEu-

44 939 147 968 ryeto
131 939 161 962 et
179 935 229 962 Ari
233 941 293 963 sto-

46 969 144 1002 demo,
177 944 261 996 amlbo
266 970 319 997 bus

45 1002 86 1037 Sp
90 1011 122 1029 ar
110 1006 175 1029 rtan
159 1012 214 1038 ms
249 1012 320 1031 nat-

44 1011 146 1063 ratino
151 1045 193 1063 tus
207 1024 283 1072 'Hic,

45 1069 125 1104 quod
144 1078 221 1106 pugn
204 1080 261 1098 nae

43 1111 78 1130 co
62 1105 178 1132 onsulto
196 1114 255 1132 non
275 1104 319 1133 in-

44 1138 215 1174 terruisset,

379 150 462 189 784

781 153 1248 193 HERODOTI

552 259 694 302 Μνῆμα
717 257 806 294 τόδε
829 262 985 296 κλεινοῖο
1010 264 1203 309 Μεγιστία,
1229 261 1275 299 6'v
1298 277 1388 301 ποτε
1411 268 1542 312 Μῆδοι

643 315 846 359 Σπερχειὸν
869 320 1037 363 ποταμὸν
1061 324 1206 355 κτεῖναν
1231 319 1492 367 ἀμειψάμενοι·

552 369 716 417 μάντιος,
743 369 787 413 ὃς
809 373 893 409 τότε
918 377 1032 420 κῆρας
1057 376 1299 421 ἐπερχομένας
1324 378 1428 423 σάφα
1454 381 1575 423 εἰδώς,

645 427 712 463 ov'n
737 429 818 476 ἔτλη
845 431 1021 477 Σπάρτης
1043 431 1226 478 ἡγεμόνας
1247 437 1450 478 προλιπεῖν.

352 494 706 553 δἘπιγράμμασι
745 499 825 555 μέν
864 518 948 544 νυν
985 503 1059 545 καὶ
1090 502 1281 559 στήλῃσι,
1313 503 1390 555 ἔξω
1420 504 1448 561 ἢ
1477 505 1526 549 τό
1556 508 1692 549 τοῦ7ο

376 564 556 619 μάντιος
604 566 849 623 ἐπίγραμμα
859 602 868 620 ,

375 631 739 688 ἐπικοσμήσαντες
752 650 761 661 ·

922 567 1231 625 Ἀμφικτυόνες
1277 571 1358 614 εἶσί
1407 582 1542 628 σφεας
1592 574 1637 617 οἱ

820 636 869 680 τὸ
925 637 970 681 δὲ
1023 641 1107 681 τοῦ
1153 636 1334 694 μάντιος
1379 641 1634 695 Μεγιστίεω,

376 702 630 757 Σιμωνίδης
670 701 693 746 ὁ
733 704 1019 760 Λεωπρέπεός
1048 705 1137 749 ἐστι
1166 705 1276 749 κατὰ
1307 707 1466 763 ξεινίην
1497 707 1520 751 ὁ
1551 707 1636 751 ἐπι-

375 767 558 823 γράψας

457 835 554 880 Δύο
596 837 642 880 δὲ
671 837 841 883 τούτων
869 844 959 883 τῶν
988 843 1251 897 τριηκοσίων
1280 841 1467 898 λέγεται,
1489 840 1636 896 Εὔρυ-

375 901 454 945 τόν
493 920 536 946 τε
572 906 645 948 καὶ
684 904 1012 964 Ἀριστόδημον,
1050 911 1213 963 παρεὸν
1254 909 1423 953 αὐτοῖσι
1452 908 1637 965 οἷμφοτέ·

379 982 515 1024 ροισι,
554 978 690 1033 κοινῷ
718 975 833 1032 λόγῳ
862 977 1191 1032 χρησαμένοισι,
1221 978 1249 1034 ἢ
1279 978 1564 1034 ἀποσωθῆναι
1593 977 1691 1022 ὁ-75

374 1042 462 1094 μοῦ
506 1039 548 1090 ἐς
587 1040 818 1098 Σπάρτην,
862 1042 920 1094 ὠς
958 1045 1228 1101 μεμετιμένοι
1265 1062 1310 1090 τε
1338 1042 1452 1102 ἦσαν
1480 1045 1527 1089 ἐκ
1555 1049 1636 1089 τοῦ

377 1107 676 1160 στρατοπέδου
713 1109 798 1153 ὑπὸ
839 1113 1079 1162 Λεωνίδεω,
1108 1113 1182 1156 καὶ
1211 1113 1439 1157 κατεκέατο
1468 1114 1516 1157 ἐν
1540 1111 1637 1157 Ἀλ-

346 1180 556 1231 Ξπηνοῖσι
597 1175 929 1234 ὀφθαλμιῶντες
964 1179 1006 1231 ἐς
1035 1180 1084 1224 τό
1116 1181 1317 1236 ἔσχατον·
1364 1180 1404 1238 ἢ,
1437 1182 1541 1238 εἴγε
1572 1180 1631 1239 μή
1646 1189 1691 1223 80

377 1354 520 1403 Κῆρας
554 1352 842 1406 ἐπερχομένας]
883 1355 908 1392 i·
941 1368 973 1392 e·

320 1409 547 1457 accedentem,
577 1414 806 1449 imminentem
825 1416 974 1449 mortem.

318 1467 478 1502 Locutio
490 1468 711 1513 Homerica,
721 1469 826 1505 cuius
841 1482 976 1505 exem-

319 1522 382 1572 pla
400 1522 615 1573 suppeditat
633 1525 809 1562 Duncau.
830 1526 869 1562 iu
879 1527 974 1562 Lex.

318 1591 406 1629 pag.
429 1579 508 1620 625
531 1579 589 1616 ed.
620 1582 724 1617 Rost.
761 1584 976 1618 Homerum

318 1648 472 1686 quoque
487 1635 632 1673 redolet
651 1637 792 1675 locutio
804 1634 876 1678 οὐκ
890 1638 976 1689 ἔτλη

317 1705 387 1729 non
407 1694 593 1738 sustissnmt
614 1693 736 1731 noluzt.

370 1743 674 1813 Ἐπιγράμμασι
708 1749 778 1801 μέν
815 1766 891 1790 νυν
909 1749 977 1790 καὶ

319 1800 500 1857 στήλῃσι]
526 1806 635 1851 Ouod
654 1805 845 1844 honorum
855 1820 975 1858 genus

318 1861 421 1911 apud
450 1863 614 1900 Graecos
643 1877 854 1916 perquam
856 1866 975 1901 usita-

318 1924 403 1954 tum
430 1919 544 1956 fuisse
572 1918 676 1956 haud
704 1934 826 1972 pauca
847 1920 977 1959 decla-

317 1981 414 2011 rant.
446 1976 555 2014 conf.
590 1978 877 2015 Westermann.
917 1980 975 2014 De

315 2032 435 2081 publl.
456 2031 695 2072 Athenienss.
721 2033 876 2072 honorr.
899 2036 974 2080 §.7

316 2100 356 2137 p.
387 2090 440 2128 23
470 2102 548 2140 seq.
580 2090 696 2142 (Lips.
719 2090 859 2141 1830).
916 2093 975 2128 De

317 2143 627 2194 Amphictyonibus
660 2147 762 2185 conf.
800 2155 896 2186 nott.
926 2147 975 2185 ad

317 2200 398 2249 VII,
418 2202 514 2242 213.

475 2291 567 2342 Cap.
603 2292 812 2330 ccxxlx.

375 2366 449 2409 δύο
475 2367 518 2409 δὲ
550 2367 729 2420 τούτων]
760 2366 911 2411 τούτων
932 2371 971 2411 Ῑι.

318 2425 344 2461 l.
380 2432 417 2462 et
448 2427 560 2477 paulo
592 2428 747 2465 iuferius
781 2427 868 2465 dedi
902 2442 972 2480 pro

316 2480 498 2521 τουτέων.
538 2485 582 2520 Ιιι
603 2486 779 2535 proxime
797 2498 903 2537 seqq.
925 2485 973 2522 ad

317 2535 492 2589 παρεὸν,
529 2540 633 2591 quod
653 2542 701 2579 ob
722 2542 842 2579 multa
861 2543 976 2580 verba

318 2595 511 2632 interiecta
540 2598 637 2634 iufra
666 2600 869 2649 repetitur,
896 2598 975 2636 vid.

318 2659 413 2688 nott.
437 2652 484 2689 ad
505 2653 549 2702 V,
569 2654 636 2694 49.
684 2656 763 2692 Nec
779 2656 975 2705 alitervll,

319 2710 402 2748 230
425 2705 541 2756 ἐξεόν.
599 2711 662 2748 Ad
692 2725 803 2749 voces
825 2727 974 2764 μεμετι-

320 2761 432 2813 μένοι
448 2759 552 2816 ἦσαν
569 2766 693 2818 (pro'
680 2767 774 2808 ε’σαν
794 2770 845 2806 sic
868 2768 974 2818 dedi)

1032 1355 1108 1393 vid.
1137 1354 1272 1393 Matth.
1303 1357 1369 1394 Gr.
1391 1357 1457 1408 Gr„
1487 1358 1525 1404 §·
1546 1357 1641 1406 214,
1663 1360 1690 1399 3

1031 1425 1119 1463 pag.
1141 1411 1235 1453 408.
1292 1415 1350 1450 De
1369 1414 1500 1465 Alpeno
1518 1414 1690 1464 v1d.V11‚

1035 1471 1126 1509 176.
1148 1469 1317 1507 Verbum
1336 1475 1601 1510 κατακεῖσθαι
1617 1472 1692 1509 ali-

1033 1526 1180 1576 quoties
1210 1527 1250 1562 in
1278 1529 1325 1564 N.
1347 1529 1396 1565 T.
1419 1529 1605 1579 reperitur
1625 1541 1692 1566 ea-

1033 1581 1122 1617 dem
1136 1582 1410 1632 significatione
1431 1584 1479 1621 de
1499 1590 1692 1634 aegrotan-

1033 1639 1146 1685 tibus,
1181 1642 1243 1688 qui
1261 1642 1378 1678 iacent
1409 1643 1445 1677 in
1470 1642 1568 1690 lecto,
1589 1648 1633 1678 ut
1651 1655 1689 1679 v.

1033 1708 1066 1732 c.
1095 1696 1214 1732 Marc.
1244 1697 1275 1745 Ι,
1298 1699 1364 1736 30.
1386 1698 1435 1744 ΙΙ,
1457 1696 1496 1737 4.
1525 1700 1619 1735 Luc.
1642 1697 1690 1746 V,

1031 1751 1100 1792 25.
1157 1751 1243 1789 Vid.
1270 1754 1462 1790 wetsten.
1492 1755 1543 1791 T.
1563 1757 1580 1791 Ι
1600 1767 1691 1805 pag.

1033 1806 1128 1848 555.
1187 1811 1267 1845 Nec
1297 1810 1404 1846 aliter
1422 1812 1551 1848 Latini
1577 1813 1692 1849 iacere

1033 1871 1070 1900 et
1091 1865 1216 1902 cubare
1226 1864 1369 1914 dicunt,
1389 1867 1488 1903 bene
1508 1875 1691 1904 monente

1032 1919 1287 1960 schleusnero
1325 1924 1367 1959 in
1393 1924 1526 1962 Lexic.
1559 1926 1607 1962 N.
1645 1926 1689 1962 F.

1030 1990 1061 2015 s.
1091 1992 1129 2017 v.

1089 2029 1395 2086 ὀφθαλμιῶντες
1426 2034 1467 2083 ἐς
1501 2033 1544 2076 τὸ
1574 2035 1688 2088 ἔσχα-

1030 2093 1118 2140 τον]
1138 2093 1244 2129 Valla
1263 2091 1479 2130 reddiderat
1497 2097 1687 2131 extremam

1031 2147 1289 2199 lippitudinem.
1346 2148 1531 2187 Valcken.
1550 2148 1687 2186 lauda-

1028 2212 1134 2242 verat
1153 2204 1346 2257 Aristoph.
1370 2206 1473 2243 Plut.
1498 2205 1577 2246 115
1599 2201 1688 2258 (qui

1031 2260 1079 2298 de
1113 2264 1277 2299 coecitate
1321 2258 1549 2312 ὀφθαλμίας
1591 2275 1686 2299 voce

1030 2317 1166 2367 utitur)
1188 2319 1273 2354 coll.
1294 2318 1392 2355 Plat.
1415 2319 1532 2367 Gorg.
1554 2331 1591 2368 p.
1604 2317 1687 2359 496

1030 2375 1078 2411 A.
1101 2373 1242 2411 Athen.
1262 2374 1315 2410 VI
1333 2388 1372 2424 p.
1394 2377 1475 2414 223
1497 2376 1539 2410 C.
1563 2375 1687 2426 Equi-

1031 2430 1121 2467 dem
1140 2431 1272 2466 malim
1291 2429 1477 2467 Herodoti
1489 2431 1606 2468 verba
1624 2432 1687 2467 in-

1030 2487 1203 2537 telligere
1231 2486 1279 2523 de
1307 2487 1482 2524 oculorum
1516 2486 1687 2540 quodam

1031 2544 1144 2580 morbo
1164 2557 1266 2593 eoque
1290 2546 1399 2593 gravi
1424 2557 1468 2582 ac
1486 2544 1685 2581 vehementi.

1031 2601 1114 2637 Hoc
1144 2601 1247 2636 enim
1280 2600 1422 2638 iudicat
1452 2599 1626 2638 additum
1646 2599 1686 2647 ἔς

1031 2653 1076 2696 τὸ
1106 2655 1289 2707 ἔσχατον,
1321 2656 1436 2710 quod,
1475 2657 1573 2694 bene
1610 2665 1684 2694 no-

1031 2720 1134 2750 tante
1156 2712 1353 2762 Valcken.,
1375 2715 1414 2750 in
1434 2715 1543 2751 malis
1565 2713 1683 2751 vitiis-

1032 2783 1107 2822 que
1137 2772 1295 2808 omnino
1322 2771 1416 2822 poni
1434 2771 1540 2810 solet.
1573 2767 1681 2806 Conf-
