1834 3258
566 225 867 264 ERATO.
926 227 998 269 VI.

140 334 361 392 ,,Μη’δοισι
372 367 383 388 ,

1323 228 1408 268 383

444 333 641 378 δέδοκται
690 334 742 378 τοὶ
782 336 1005 379 πείσονται
1056 334 1407 391 παραδεδομένοι

141 404 324 459 ,,“Ῑππίῃ·
368 400 424 458 ἢν
463 402 508 446 δὲ
547 403 822 459 περιγένηται
859 401 968 459 αὕτη
1000 400 1027 459 ἡ
1066 403 1211 456 πόλις,
1262 405 1332 460 οἴη
1362 404 1407 447 τέ

114 472 258 524 5,,ἔστι
286 469 435 526 πρώτη
464 472 552 513 τῶν
577 470 840 528 Ἑλληνίδων
868 473 1035 515 πολίων
1052 471 1269 528 γενέσθαι.
1306 475 1408 524 Κῶς

139 533 229 590 „ch
258 537 312 594 δή
342 541 480 582 ταῦτα
509 535 581 582 οἷά
612 540 657 582 τέ
686 540 774 583 ἐστι
802 538 1031 595 γενέσθαι,
1069 540 1143 585 καὶ
1172 543 1259 591 κῶς
1288 539 1331 591 ἐς
1361 539 1408 582 σέ

138 622 204 658 ,,τι
231 606 401 650 τούτων
431 603 581 662 ἀνήκει
617 609 705 650 τῶν
735 605 1001 662 πρηγμάτων
1028 607 1079 651 τό
1117 611 1254 661 κῦρος
1283 607 1465 663 ἔχειν,Ξο

111 680 133 713 6
144 676 254 725 ,,νῦν
283 673 461 731 ἔρχομαι
491 673 689 730 φράσων.
727 673 875 730 ἡμέων
903 678 993 718 τῶν
1022 679 1287 732 στρατηγῶν,
1318 674 1408 719 έόν-

139 758 251 793 ,,των
281 742 407 794 δέκα,
438 743 536 797 δίχα
564 744 759 797 γίνονται
790 744 837 786 αἱ
860 746 1051 800 γνῶμαι·
1104 747 1194 787 τῶν
1222 742 1312 798 μὲν,
1341 758 1407 786 κε-

109 809 395 862 7,,λευόντων
424 811 704 866 συμβαλέειν,
732 813 823 854 τῶν
858 811 924 862 δὲ,
957 809 1011 854 οὐ
1041 811 1311 868 συμβαλέειν.
1352 809 1409 866 ἣν

138 875 244 932 ,,μέν
272 894 357 921 νυν
385 877 443 933 μὴ
462 878 776 934 συμβάλωμεν,
818 879 1001 934 ἔλπομαί
1027 895 1125 922 τινα
1154 878 1308 922 στάσιν
1337 894 1409 934 με·

140 944 305 1003 ,,γάλην
336 946 611 1003 ἐμπεσοῦσαν
641 947 876 990 διασείσειν
906 946 956 990 τά
985 944 1229 1003 Ἀθηναίων
1243 946 1409 1003 φρονή-

139 1031 300 1071 ,,ματα,
345 1015 453 1060 ὥστε
482 1016 679 1071 μηδίσαι·
719 1013 775 1072 ἢν
805 1015 851 1058 δὲ
881 1013 1190 1070 συμβάλωμεν,
1229 1016 1336 1069 πρίν
1364 1031 1405 1058 τι
1419 1022 1464 1056 25

136 1084 241 1134 „uod
282 1082 453 1137 σαθρὸν
494 1082 740 1139 Ἀθηναίων
790 1082 1096 1138 μετεξετέροισι
1142 1081 1407 1138 ἐγγενέσθαι,

138 1155 283 1202 ,,θεῶν
312 1151 363 1194 τόι
395 1150 468 1195 ἶσα
496 1150 743 1206 νεμόντων,
774 1148 861 1194 οἷοί
892 1165 934 1193 τε
965 1149 1082 1203 εἰμὲν
1101 1151 1409 1206 περιγενέσθαι

110 1223 225 1276 8,,τῇ
275 1222 488 1278 συμβολῇ.
552 1223 701 1263 Ταῦτα
740 1214 804 1262 ὦν
824 1217 967 1262 πάντα
997 1218 1040 1269 ἐς
1069 1217 1114 1261 σὲ
1154 1222 1238 1262 νῦν
1266 1222 1407 1272 τείνει,

138 1287 237 1340 ,,καὶ
276 1287 323 1330 ἐκ
368 1287 440 1332 σέο
480 1287 672 1344 ἄρτηται.
729 1285 786 1343 ἢν
825 1285 909 1342 γὰρ
949 1284 1004 1329 σύ
1042 1286 1195 1343 γνώμῃ
1234 1291 1286 1343 τῇ
1326 1288 1409 1344 ἐμῇ

139 1360 366 1414 ,,προσθῇ,
412 1357 501 1401 ἔστι
538 1372 609 1400 τοι
643 1357 801 1411 πατρίς
830 1370 874 1399 τε
903 1353 1136 1411 ἐλευθέρη,
1174 1354 1247 1398 καὶ
1275 1353 1405 1406 πόλις
1420 1362 1466 1395 30

81 1542 204 1578 verbis
219 1540 258 1588 ἐξ
270 1535 325 1580 οὗ
337 1539 519 1594 ἐγένοντο
530 1536 744 1593 Ἀθηναῖοι

81 1597 185 1634 idem
216 1606 430 1649 comparat,
462 1599 577 1651 'quod
604 1601 744 1650 legitur

82 1654 184 1705 apud
203 1654 453 1692 Demosthen.
474 1670 512 1706 p·
534 1655 640 1698 204:
673 1651 744 1706 άφ’

84 1705 136 1751 οὗ
164 1710 325 1763 γέγονεν
347 1711 385 1763 ἦ
414 1709 531 1759 πόλις
562 1720 599 1750 et
640 1712 743 1764 apud

81 1769 236 1820 Lysiam
264 1782 305 1819 p.
338 1769 433 1811 115.
490 1768 554 1806 Ad
585 1766 745 1809 ὑποκύ-

81 1833 191 1875 ψωσι
201 1825 302 1863 conf.
326 1826 391 1874 VI,
412 1826 466 1868 25
495 1827 625 1879 ibique
645 1833 745 1864 nott.

140 1912 351 1962 δέδοκται]
383 1914 516 1962 „Quid
537 1917 583 1952 ab
605 1917 746 1968 Hippia

82 1969 282 2022 Medisque
319 1971 358 2007 in
398 1971 651 2010 Athenienses
683 1973 748 2010 de·-

83 2031 213 2064 cretum
234 2028 373 2076 fuerit,
402 2029 602 2079 significat.
681 2030 746 2068 Sic

82 2077 238 2133 lx,'73.
259 2085 340 2134 Vn,
365 2087 457 2126 16.“
495 2085 688 2124 Wessel.

139 2161 207 2202 καὶ
232 2165 314 2211 κῶς
336 2163 375 2211 ἐς
397 2163 444 2204 σε’
458 2180 495 2204 τι
515 2161 669 2205 τούτων
689 2187 741 2193 —-

84 2217 212 2270 ἔχειν]
236 2221 262 2257 i.
285 2234 319 2258 e.
351 2221 432 2263 Quo
445 2226 553 2272 pacto
570 2235 593 2259 a
613 2225 742 2274 tepen-

84 2276 167 2314 deat
194 2276 319 2315 harum
341 2291 455 2316 rerum
478 2291 626 2316 summa.
684 2281 741 2316 Ita

81 2339 185 2369 recte
225 2332 446 2385 Schweigh.
485 2336 549 2373 Sic
583 2337 631 2384 ΙΙ,
662 2335 740 2376 104

83 2391 200 2429 τοῦτο
242 2388 314 2440 μὲν
348 2391 388 2438 ές
428 2388 549 2432 ου’ὁὲν
586 2389 739 2443 ἀνήκει.

82 2446 162 2482 Nec
182 2447 348 2483 multum
382 2447 594 2498 diversum,
635 2448 741 2502 quod

83 2503 180 2538 infra
200 2503 354 2553 legitur:
383 2508 506 2544 ταῦτα
527 2500 584 2544 τόν
611 2503 741 2545 πάντα

86 2558 124 2605 ές
148 2556 189 2597 σὲ
215 2562 292 2598 νῦν
312 2560 451 2610 τείνει,
483 2564 589 2599 cuius
618 2564 740 2599 simile

86 2622 228 2663 exstat,
273 2623 430 2654 notante
458 2618 667 2668 Valcken.‚
699 2621 740 2656 in

85 2671 257 2723 Euripid.
273 2671 470 2712 Phoeniffi.
480 2674 575 2715 438·
588 2697 643 2703 —-
653 2672 739 2715 τού-

84 2743 163 2767 των
182 2729 269 2766 dedi
289 2743 357 2781 pro
378 2729 562 2769 τουτέων.
581 2752 638 2758 —
680 2732 741 2769 Ad

88 2783 247 2836 ἔρχομαι
277 2783 445 2838 φράσων
484 2788 585 2824 conf.
606 2787 672 2836 111,
702 2791 742 2830 6,

87 2841 116 2889 Ῑ,
140 2841 231 2882 194.
252 2843 332 2892 VII,
357 2846 447 2892 102,
467 2856 517 2880 ne
535 2845 658 2895 plura.

857 1535 907 1580 οὕ
927 1536 1184 1590 συμβαλέειν]
1215 1541 1259 1576 In
1273 1537 1345 1577 hac
1358 1541 1465 1577 verbi

799 1597 1024 1648 repetitione
1039 1596 1197 1633 iucundi
1209 1596 1300 1649 quid
1311 1610 1354 1634 ac
1366 1599 1465 1648 grati

797 1655 921 1691 inesse
961 1655 1082 1705 quivis
1120 1655 1270 1692 sentiet.
1337 1655 1465 1692 Simili

799 1710 917 1748 modo
938 1711 1001 1757 VI,
1025 1713 1119 1750 106.
1140 1712 1209 1757 ΙΧ,
1235 1714 1299 1751 11.
1318 1713 1384 1759 ΙΙΙ,
1400 1714 1464 1758 12,

799 1775 843 1805 ut
863 1769 1036 1805 observat
1055 1768 1290 1817 Wesseling.

860 1824 1027 1874 ἔλπομαί
1039 1837 1127 1862 τινα
1142 1820 1346 1862 στάσιν-
1359 1839 1464 1876 φρο-

802 1876 989 1931 νήματα]
1023 1880 1189 1916 Sensum
1209 1881 1284 1917 loci
1304 1883 1464 1932 Hooge—

801 1950 914 1974 veen.
935 1936 984 1973 ad
1003 1937 1131 1986 Viger.
1152 1950 1192 1987 p.
1213 1935 1306 1985 244,
1328 1939 1395 1975 ubi
1416 1937 1464 1975 de

802 1995 920 2030 verbo
935 1992 1101 2044 ἔλπομαι
1119 2006 1149 2030 s.
1163 1994 1303 2041 ἐλπίζω
1320 1992 1464 2046 (metuo)

803 2052 893 2101 agit,
922 2051 975 2086 ita
987 2051 1121 2086 Latine
1135 2053 1339 2101 expressit:
1372 2052 1464 2102 quod

801 2110 835 2144 si
850 2107 1022 2157 proelium
1040 2120 1108 2144 non
1127 2110 1374 2157 committitur,
1405 2122 1464 2146 ve-

799 2177 875 2201 reor
893 2177 935 2201 ne
959 2176 1094 2212 magna
1123 2167 1303 2201 exoriatur
1323 2166 1462 2215 seditio,

798 2222 878 2259 sive
896 2222 1051 2271 propius
1065 2219 1114 2257 ad
1126 2221 1310 2259 Herodoti
1320 2224 1435 2261 verba
1450 2235 1461 2260 ι

798 2291 839 2315 ηε
878 2290 948 2327 qua
984 2277 1145 2315 incidens
1179 2279 1306 2316 seditw
1348 2283 1464 2318 omnia

797 2334 1061 2372 Atheniensium
1096 2336 1246 2373 consilia
1279 2336 1462 2375 discutiat.

798 2389 1110 2441 Schweighaeus.
1123 2393 1282 2429 verbum
1293 2393 1462 2444 ἔλπομαι

796 2449 944 2498 vulgari
964 2448 1144 2498 opinandi,
1170 2450 1329 2499 putandi
1340 2451 1461 2501 signi-

797 2505 974 2542 ficatione
993 2506 1153 2556 accepit.
1191 2508 1249 2542 De
1270 2519 1366 2544 voce
1388 2519 1460 2546 σα-

797 2558 903 2614 θρόν
954 2561 1084 2612 (putre
1111 2563 1292 2601 consilzum
1333 2563 1373 2600 id
1405 2570 1460 2601 est

791 2631 963 2670 pravum,
998 2619 1157 2669 malum)
1186 2619 1268 2656 dixi
1296 2619 1343 2656 ad
1364 2621 1460 2656 Plu-

796 2674 917 2714 tarch.
947 2674 1134 2713 Alcibiad.
1163 2688 1251 2726 pag.
1273 2678 1340 2716 81.
1363 2679 1457 2718 268.

797 2733 905 2778 Quae
924 2744 1002 2769 vox
1021 2744 1142 2783 quum
1161 2733 1313 2783 proprie
1333 2732 1380 2769 de
1390 2745 1459 2770 va-

798 2790 910 2826 sculis
941 2789 1071 2835 laesis,
1115 2801 1214 2839 quae
1234 2791 1348 2826 rimas
1382 2788 1458 2826 du—

796 2851 938 2883 xerunt
953 2873 964 2893 ‚
1011 2851 1235 2895 usurpetur,
1279 2858 1324 2883 ac
1354 2845 1456 2895 dein,
