1834 3258
36 1378 43 1383 ²
93 1374 201 1411 gans-

560 215 863 254 ERATO.

920 215 953 252 V
965 216 996 252 l.
1326 213 1411 254 397

152 329 212 381 ὥς
240 324 350 381 ἀνήρ
382 323 519 379 ἄκρος
546 322 792 378 ἐλευθερῶν
820 322 902 378 τήν
931 323 1141 376 πατρίδα·
1190 323 1322 365 τοῦτο
1353 321 1414 375 δὲ,

151 396 204 440 τὰ
244 393 291 437 ἐν
317 391 530 449 Ὀλυμπίῃ
561 392 753 448 ἐποίησε,
794 393 910 448 ’ἵππῳ
940 391 1145 448 νικήσας,
1191 391 1414 446 τεθρίππῳ
1427 389 1691 431 75¹¹¹⁶¹¹¹⁰f⁴¹¹³³¹³²·

149 465 196 508 δὲ
225 458 423 515 δεύτερος
462 459 715 515 γενόμενος,
754 460 906 503 Πύθια
935 460 981 502 δὲ
1009 458 1226 514 πρότερον
1256 457 1413 502 ἀνελό-

148 545 298 588 μενος,
343 526 604 584 ἐφανερώθη
642 528 685 578 ἐς
720 527 823 578 τοὺς
847 527 1058 584 ΓἘλληνας
1095 525 1260 578 πάντας
1298 527 1413 581 μεγί-

148 608 272 654 στῃσι
302 595 543 653 δαπάνῃσι·
573 600 705 639 τοῦτο
738 595 802 648 δὲ,
833 595 942 639 κατά
973 594 1051 646 τὰς
1080 594 1248 638 ἑωυτοῦ
1277 600 1413 650 θυγα-

119 666 304 720 Ξτέρας,
334 663 492 715 ἐούσας
520 668 652 719 τρεῖς,
698 660 790 714 οἷός
819 680 883 715 τις
914 661 1023 718 ἀνὴρ
1054 663 1227 718 ἐγίνετο.
1267 662 1469 720 ἐπειδὴδο

148 733 233 791 γὰρ
265 732 463 788 ἐγένοντο
483 731 629 788 γάμου
661 731 841 785 ὡραῖαι,
880 732 1011 776 ἔδωκε’
1041 744 1120 788 σφι
1150 731 1316 788 δωρεὴν
1345 747 1414 787 με-

148 802 578 858 γαλοπρεπεστάτην,
635 799 824 857 ἐκείνῃσί
865 817 909 843 τε
949 801 1196 856 ἐχαρίσατο·
1247 800 1292 844 ἐκ
1330 799 1413 855 γὰρ

147 869 324 914 πάντων
363 873 452 911 τῶν
488 867 751 925 Ἀθηναίων,
801 867 879 911 τὸν
908 867 1063 925 ἑκάστη
1094 867 1238 912 ἐθέλοι
1277 867 1415 921 ἄνδρα

93 1182 168 1242 siue
194 1202 347 1241 prorsus
388 1189 572 1228 eiicienda
605 1190 752 1229 censuit

91 1246 239 1296 Valck„
268 1248 331 1285 vel
352 1248 519 1298 singulas
540 1249 752 1286 locutiones

92 1305 284 1356 verbaque
313 1303 532 1341 Herodotea
573 1319 652 1342 esse
679 1319 753 1342 ne-

257 1363 336 1398 Nec
367 1360 584 1398 Herodotea
620 1361 752 1399 viden-

93 1425 156 1454 tur
174 1416 378 1465 Larchero,
400 1417 565 1465 Schaef.‚
579 1418 752 1456 Schultz-

94 1473 295 1525 (Apparat.
317 1476 397 1513 crit.
418 1488 506 1525 pag.
528 1478 581 1516 37
597 1476 628 1525 ).
668 1477 756 1512 Ali-

93 1538 153 1568 ter
170 1532 294 1582 placet
315 1533 421 1568 alteri
437 1533 547 1568 Gallo
557 1533 756 1583 interpreti

93 1588 190 1625 Miot
228 1595 343 1640 atque
374 1587 754 1638 Schweighaeusero,

94 1645 161 1696 qui
179 1643 275 1682 haec
295 1645 413 1682 verba
432 1658 502 1696 pro
527 1645 756 1683 Herodoteis

92 1699 270 1738 habenda
298 1715 377 1739 esse
409 1709 541 1739 contra
568 1701 756 1740 Valcken.

94 1757 305 1795 contendit.
363 1760 499 1810 Itaque
522 1758 758 1809 Schweigh„

95 1815 212 1852 Gaisf.
245 1822 282 1852 et
309 1814 445 1852 Matth.
474 1823 625 1853 secutus
651 1817 760 1852 nolui

96 1885 142 1908 ea
172 1885 192 1907 e
211 1878 322 1908 textu
343 1873 478 1908 eiicere
508 1874 685 1920 uncssve,
715 1879 760 1910 ut

97 1926 303 1966 Schaefero
341 1929 466 1965 visum
504 1935 559 1965 est
574 1958 584 1976 ,
632 1929 760 1966 inclu-

96 1983 208 2032 dere,
249 1997 485 2035 quamquam
517 1985 606 2021 bina
633 1986 758 2036 inpri-

95 2043 168 2078 mis
198 2047 307 2089 suut,
348 2042 484 2092 quibus
516 2054 587 2091 ego
612 2049 649 2078 et
675 2043 756 2092 ipse

96 2096 284 2135 offendor.
343 2097 455 2143 Quod
486 2099 591 2134 enim
609 2097 673 2134 hic
693 2100 758 2135 in-

95 2155 290 2193 venimus:
322 2150 486 2205 μνήμην
518 2153 598 2193 ἔστι
627 2150 759 2194 πάντα

97 2207 187 2250 τινοὲ
208 2210 328 2261 ἔχειν,
358 2211 398 2247 id
419 2212 465 2248 ab
486 2210 681 2248 Herodoto
692 2213 760 2249 vix

97 2268 313 2319 profectum
346 2280 425 2304 esse
455 2267 622 2305 credam.
679 2270 761 2305 Ne-

101 2338 176 2376 que
197 2323 484 2361 alterHerodoti
502 2325 620 2374 locus,
643 2338 761 2377 quem

100 2381 298 2432 proferunt
326 2382 356 2428 Ι,
390 2379 442 2421 14
476 2384 550 2420 τοῦ
591 2378 760 2432 μάλιστα

103 2433 268 2488 μνήμην
304 2433 418 2484 ἄξιον
452 2436 554 2488 ἔχειν
583 2437 665 2478 ἐστὶ
696 2437 760 2476 hic

100 2493 261 2545 proferri
285 2495 434 2543 poterit.
490 2495 667 2532 Alterum
685 2494 761 2533 hoc

102 2557 170 2597 est,
201 2549 305 2602 quod
325 2562 423 2600 quae
442 2550 624 2600 leguntur
644 2551 691 2589 de
710 2552 761 2588 fi-

100 2608 221 2644 liabus
231 2634 249 2652 ,
277 2607 412 2658 quibus
430 2604 506 2644 hoc
537 2621 761 2646 concessum

102 2664 228 2710 suerit,
247 2664 401 2700 maritos
415 2669 458 2699 ut
477 2664 547 2700 sibi
565 2665 669 2715 ipsae
689 2666 761 2702 eli-

103 2727 248 2771 gerent,
269 2721 315 2757 ab
335 2718 520 2757 Herodoti
538 2722 761 2774 antiquitate

105 2775 308 2814 abhorrere
327 2775 541 2815 videantur.

164 2831 219 2881 059
239 2829 342 2886 οἶνηρ
361 2830 482 2886 ἄκρος
515 2832 761 2886 ἐλευθερῶν]

0 948 82 994 [23
149 938 291 994 ἑωυτῇ
322 937 599 991 ἐκλέξασθαι,
637 937 770 981 ἔδωκε
798 936 938 995 τούτῳ
968 940 1029 995 τῷ
1059 934 1200 993 ἀνδρί.
1257 936 1345 980 Καὶ
1375 936 1418 980 οἱ

807 1192 866 1228 De
886 1204 981 1228 voce
1003 1186 1126 1242 ἄκρος
1146 1187 1224 1227 vid.
1245 1195 1343 1229 nott.
1365 1186 1413 1226 ad
1425 1190 1470 1237 V,

812 1247 904 1289 124.
937 1247 1038 1286 Add.
1067 1245 1285 1284 Blomfield.
1307 1247 1472 1284 Glossar-

807 1306 848 1341 in
890 1303 1070 1356 Aeso-hyl.
1109 1305 1340 1354 Agamemn.
1375 1306 1471 1344 611.

808 1360 871 1398 Ad
900 1362 1017 1398 verba
1058 1356 1266 1399 Πύθια-
1282 1355 1473 1410 α’νελόμε-

809 1434 881 1464 νος
903 1419 1059 1456 cf.nott.
1080 1416 1130 1454 ad
1139 1418 1203 1465 VI,
1213 1419 1279 1457 70.
1295 1416 1468 1454 Schultz.

810 1476 837 1512 l.
861 1476 888 1511 1.
909 1490 948 1526 p.
970 1478 1021 1515 37
1043 1488 1134 1510 cum
1153 1472 1345 1510 Larchero
1372 1473 1473 1510 hanc

811 1533 977 1583 primam
990 1532 1131 1567 Calliae
1150 1532 1350 1568 victoriam
1372 1544 1472 1582 equo

813 1590 935 1626 celere
950 1594 1182 1638 reportatam
1205 1588 1319 1624 refert
1332 1587 1380 1624 ad
1402 1601 1474 1624 an-

811 1645 999 1687 num564
1020 1658 1054 1681 a.
1078 1643 1167 1681 Chr.
1185 1658 1224 1681 n.
1246 1646 1304 1681 01.
1317 1646 1404 1681 LIII
1421 1667 1471 1672 -—

814 1704 912 1750 LIV,
932 1708 1027 1739 teste
1039 1701 1169 1740 Schol.
1189 1701 1382 1752 Aristoph.
1399 1703 1474 1742 Av.

815 1757 913 1800 284.
979 1759 1081 1795 Hinc
1112 1760 1322 1795 Meursium
1361 1765 1474 1810 atque

798 1816 963 1856 *Corsilh
985 1814 1033 1852 de
1054 1815 1207 1866 Olymp.
1228 1815 1475 1852 LXXl'Vco-

814 1874 978 1922 gitautes
1020 1884 1160 1908 errasse
1179 1878 1342 1922 ponunt.

870 1980 1114 2034 ἐφανερώθη
1151 1983 1191 2031 ἐς
1219 1978 1475 2034 τοῦςἽζλλη-

812 2041 913 2088 νας]
945 2040 1031 2078 vid.
1051 2040 1186 2079 matth.
1210 2042 1276 2078 Gr.
1299 2041 1365 2077 Gr.
1385 2053 1473 2091 pag.

817 2099 837 2137 1
848 2095 938 2137 143.
969 2099 1085 2134 Recte
1100 2095 1368 2148 Schweigh.iu
1377 2099 1474 2134 Lex-

815 2153 958 2190 Herod.
987 2155 1171 2201 inclaruit,
1190 2156 1392 2204 conspicuus
1396 2153 1476 2204 fuit

815 2210 913 2260 apud
930 2224 1043 2247 omnes
1065 2212 1230 2248 Graecos.
1262 2212 1389 2248 Minus
1410 2224 1476 2248 ac-

816 2274 945 2304 curate
972 2267 1076 2304 idem
1097 2275 1209 2305 antea
1237 2267 1475 2306 reddiderat:

816 2325 854 2360 in
901 2326 1084 2362 universos
1127 2325 1282 2362 Graecos
1328 2326 1475 2376 muntfi-

817 2383 1049 2419 centissz'mum
1069 2395 1104 2419 se
1118 2384 1309 2432 praestitit.
1336 2380 1366 2418 C
1374 2395 1402 2420 r.
1427 2381 1475 2418 de

816 2435 891 2474 hoc
934 2439 1051 2475 verbo
1088 2440 1237 2476 consuli
1281 2439 1364 2475 vult
1400 2451 1475 2476 van

816 2494 952 2531 Voorst
968 2496 1165 2536 Annotatt.
1185 2496 1226 2532 in
1245 2497 1329 2533 loca
1348 2496 1475 2532 select.

816 2552 864 2588 N.
885 2552 934 2588 T.
957 2552 1095 2588 Partic.
1115 2553 1134 2588 I
1152 2566 1190 2603 p.
1214 2553 1266 2594 14
1294 2565 1372 2603 seq.
1401 2552 1476 2588 ibi-

816 2620 891 2659 que.
919 2609 1034 2645 etiam
1071 2607 1361 2660 Wyttenbach„
1411 2608 1476 2659 qui

816 2660 981 2715 ἐφάνθη
994 2668 1213 2716 suspicatur.
1234 2687 1290 2692 —
1310 2666 1385 2701 Pro
1396 2663 1475 2716 ἐγέ-

817 2735 904 2760 νετο
917 2750 926 2767 ,
960 2721 1062 2773 quod
1081 2721 1264 2759 Schaefer
1284 2728 1321 2758 et
1340 2720 1475 2761 matth.

817 2779 1066 2824 retinuerunt,
1083 2777 1171 2814 dedi
1192 2777 1353 2829 ἐγίνετο,
1366 2791 1478 2830 prae-

818 2841 932 2872 eunte
953 2832 1174 2885 Schweigh.
1194 2841 1232 2872 et
1252 2835 1369 2873 Gaisf.

1469 323 1620 348 cumcnta.
1645 318 1711 346 Alia

1471 355 1600 382 hominis
1610 354 1745 383 facinora

1474 943 1630 976 Quantum
1647 940 1713 967 Alc—

1474 975 1651 1006 maeonidae
1672 973 1714 1002 ad
