1789 3213
475 203 929 243 POLYMNIA
986 204 1086 241 VII.

1324 204 1409 244 745

156 314 255 370 ἱρὸν
292 317 372 358 τοῦ
410 314 669 369 Λαφυστίου
707 311 838 364 Διός·
879 312 938 363 ὥς
961 310 1151 366 Ἀθάμας
1191 307 1215 353 ὁ
1242 309 1465 355 Αἰόλουὲο

152 379 449 439 ἐμηχανήσατο
494 383 639 438 Φρίξῳ
676 380 840 436 μόρον,
885 379 967 423 σὺν
1001 377 1108 423 Ἰνοῖ
1143 377 1407 434 βουλεύσας·

151 453 369 508 μετέπειτα
407 449 474 501 δὲ,
505 449 564 500 ὥς
595 448 642 491 ἐκ
669 449 941 504 θεοπροπίου
976 446 1133 503 Ἀχαιοὶ
1165 451 1410 501 προτιθεῖσι

121 524 271 563 Ξτοῖσι
310 518 477 561 ἐκείνου
508 514 767 572 ἀπογόνοισι
805 514 993 567 ἀέθλους
1021 514 1239 559 τοιούσδε.
1284 512 1332 565 ὃς
1352 513 1410 556 ἂν

150 582 180 644 ᾖ
207 589 287 630 τοῦ
306 585 453 642 γένεος
483 585 643 627 τούτου
667 582 987 639 πρεσβύτατος,
1017 582 1161 638 τούτῳ
1191 580 1410 634 ἐπιτάξαν-

148 669 217 705 τες
245 654 447 709 ἔργεσθαι
476 655 555 695 τοῦ
585 653 867 707 πρυτανηΐου,
899 649 1024 694 αὐτοὶ
1064 648 1264 706 φυλακὰς
1294 649 1411 706 ἔχου-

150 733 216 765 σι·
267 721 419 778 λήῖτον
449 720 495 763 δὲ
526 719 729 763 καλέουσι
757 718 807 763 τὸ
836 719 1109 774 πρυτανήϊον
1143 720 1187 762 οἱ
1222 716 1465 773 Ἀχαιοί·25

148 787 207 845 ἢν
246 788 292 832 δὲ
330 788 507 845 ἐσέλθῃ,
557 786 640 831 οὐκ
679 787 766 831 ἔστι
791 785 903 839 ὅκως
939 788 1064 840 ἔξεισι
1092 787 1196 843 πρὶν
1225 784 1252 842 ἢ
1280 786 1410 830 θύσε-

94 1022 199 1046 men.
230 1023 319 1061 pag.
348 1014 424 1052 162
456 1023 536 1063 seq.
562 1010 751 1048 excitave-

97 1073 155 1103 rat
181 1066 252 1103 Cr.

152 1121 353 1173 μετέπειτα
374 1120 448 1171 δὲ]
487 1123 587 1158 Male
608 1120 755 1160 Sohae-

99 1178 200 1215 ferus
219 1179 372 1215 retinuit
393 1175 487 1230 μετοῖ
499 1178 553 1218 δέ.
567 1199 622 1206 --
642 1178 753 1224 Quod

96 1236 266 1286 sequitur
298 1234 534 1287 προτιθέναι
581 1230 755 1280 οἷέθλους

95 1293 197 1330 valet
216 1292 359 1340 laborem,
382 1294 570 1329 certamina
589 1292 755 1328 mulctae

97 1361 127 1385 s.
148 1361 295 1399 poenae
316 1351 423 1400 quasi
457 1350 541 1385 loco
571 1351 752 1399 imponere.

47 1411 53 1415 '
99 1404 159 1442 Cf.
179 1406 208 1453 I,
229 1407 320 1445 126.
340 1406 403 1453 IV,
428 1408 490 1445 10.
509 1427 565 1432 —-
583 1407 627 1441 In
647 1418 753 1456 seqq.

97 1458 225 1515 τούτῳ
246 1457 496 1509 ἐπιτάξαντες
517 1475 537 1497 e
565 1462 754 1498 Florenti-

97 1531 150 1554 no
180 1518 387 1570 ceterisque
423 1517 534 1555 codd.
576 1517 755 1554 exhibui*

98 1588 184 1611 mus
211 1587 280 1625 pro
314 1576 419 1624 vulg.
455 1571 616 1619 τούτου,
638 1587 754 1626 quam

98 1630 347 1672 Valckenaer‚
367 1631 508 1668 mutari
526 1632 698 1669 voluerat
712 1632 753 1667 in

99 1690 254 1727 τοῦτον.

154 1741 294 1795 λήϊτον
320 1741 362 1782 δὲ
384 1741 567 1783 καλέουσι
587 1740 631 1783 τό
652 1758 755 1795 πρυ-

98 1799 265 1852 τανήϊον
291 1796 530 1850 οῖἈχαιοὶ]
573 1800 676 1842 Quod
700 1813 756 1837 es-

101 1861 151 1894 set
175 1857 316 1907 populi,
352 1857 551 1906 populicum
582 1858 661 1893 sive
685 1869 755 1906 pu-

101 1913 251 1960 blicam,
294 1909 336 1952 τό
361 1910 562 1963 δημόσιον,
592 1926 660 1963 pro
694 1912 754 1949 di-

101 1983 207 2008 versa
217 1970 525 2020 pronuntiatione
537 1966 754 2017 λαός,λεώς,

102 2023 197 2076 ληὸς
226 2025 404 2062 dixerunt
430 2033 574 2063 veteres
606 2022 756 2074 λάϊτον,

101 2081 253 2131 λε’ϊτον,
284 2085 424 2129 λεῐτον,
453 2079 591 2133 λήϊτον
619 2089 655 2119 et
687 2084 759 2137 λῇ-

102 2153 183 2177 τον.
199 2140 222 2158 “
289 2138 600 2176 Valckenaer.
641 2139 758 2175 citans

101 2193 268 2246 Hesych.
289 2209 366 2232 s.v.
388 2196 424 2231 II
444 2210 481 2246 p.
503 2195 598 2235 463.
619 2193 758 2231 Ruhn-

102 2250 194 2291 ken.
215 2252 334 2302 Epist.
364 2254 445 2289 crit.
466 2254 482 2288 I
502 2266 540 2302 p.
562 2250 628 2293 54.
648 2253 757 2288 Pier—

103 2321 185 2345 son.
220 2307 268 2345 ad
304 2309 424 2345 Moer.
450 2322 538 2359 pag.
567 2309 650 2350 252
679 2322 756 2360 seq.

104 2363 205 2401 Add.
217 2365 425 2402 Observatt.
436 2365 483 2402 ad
504 2366 685 2402 Ammon.
696 2379 756 2416 cp.

108 2423 159 2461 16
180 2434 217 2470 p.
241 2419 320 2460 144
339 2435 457 2474 seqq„
485 2423 551 2458 ubi
571 2423 668 2459 bene
699 2429 758 2459 et-

39 2491 54 2499 *
105 2478 183 2513 iam
205 2475 251 2512 de
272 2489 365 2513 voce
385 2479 638 2530 λειτουργίας,
661 2492 757 2531 quae

103 2532 275 2570 eiusdem
299 2540 353 2570 est
380 2536 552 2584 originis3
603 2534 650 2572 de
681 2548 756 2587 qua

103 2590 203 2628 conf.
228 2590 338 2626 citata
355 2591 400 2626 ab
417 2591 458 2627 C.
470 2592 531 2627 Fr.
545 2593 754 2631 Hermann.

104 2644 257 2684 Griech.
297 2645 568 2684 staatsalterth.
599 2649 635 2693 ξ.
678 2651 756 2689 160

103 2709 183 2740 not.
205 2705 243 2743 2.
301 2703 358 2739 Ac
391 2703 433 2739 C.
462 2703 507 2743 Ο.
538 2704 686 2740 Miiller.
708 2703 756 2741 ad

103 2758 282 2810 Aeschyl.
302 2759 506 2795 Eumenid.
527 2773 564 2810 p.
581 2762 646 2800 66.
664 2758 755 2808 134,

104 2816 202 2854 bene
237 2816 429 2864 observat,
460 2815 562 2867 apud
593 2816 756 2855 Graecos

810 1009 932 1060 prisco
979 1022 1088 1046 more
1136 1022 1465 1062 unumquemque,

811 1067 877 1117 qui
897 1067 1012 1102 alium
1023 1066 1263 1115 interfecerit,
1286 1068 1466 1103 continuo

812 1123 858 1158 ab
898 1124 1073 1160 omnibus
1116 1124 1206 1161 locis
1252 1124 1364 1160 sacris
1404 1129 1468 1159 aut

811 1180 1078 1216 communibus
1087 1179 1200 1217 fuisse
1212 1178 1444 1231 prohibitum
1456 1191 1468 1226 ς

810 1234 914 1270 unde
946 1235 1238 1285 explicandum,
1277 1235 1381 1288 quod
1406 1236 1469 1272 vel

810 1292 917 1341 genti
951 1291 1330 1340 Athamantidarum,
1370 1305 1470 1344 quae

809 1348 960 1398 piaculo
980 1349 1046 1385 tali
1067 1349 1244 1386 obstricta
1257 1355 1364 1396 esset,
1386 1347 1471 1385 adi-

809 1411 895 1441 tum
922 1404 970 1442 ad
999 1406 1144 1442 curiam
1172 1419 1250 1443 non
1271 1418 1470 1442 concesse-

810 1462 899 1498 rint.
932 1462 1002 1499 C'r.
1025 1461 1072 1498 de
1091 1475 1186 1499 voce
1205 1459 1343 1511 λη’ϊτον
1379 1475 1469 1498 con-

808 1518 899 1554 ferri
919 1519 1089 1555 voluerat
1103 1520 1145 1557 F.
1166 1520 1214 1556 A.
1229 1519 1353 1556 Wolf.
1374 1519 1468 1554 Pro-

809 1575 910 1624 legg.
942 1573 990 1611 ad
1018 1574 1215 1612 Demosth.
1246 1577 1356 1625 Lept.
1380 1587 1468 1625 pag.

809 1630 1013 1667 LXXXVI
1032 1638 1112 1668 not.
1130 1630 1196 1672 59.
1235 1633 1312 1678 Ac,
1333 1644 1382 1667 ne
1392 1632 1468 1666 mi-

810 1688 912 1735 reris,
935 1688 1074 1724 exstitit
1094 1701 1229 1738 nuper,
1262 1689 1328 1740 qui
1355 1700 1468 1724 voces

810 1739 1116 1794 λήϊτον,λάϊτον,
1129 1744 1278 1782 Latium
1293 1743 1340 1781 ad
1349 1757 1467 1780 unam

809 1802 965 1851 stirpem
984 1801 1139 1838 referret
1154 1799 1163 1838 ἔ

867 1855 963 1908 πρὶν
1002 1853 1031 1908 ἢ
1067 1853 1273 1896 θύσεσθαι
1317 1854 1466 1910 μέλλῃ]

810 1915 1041 1963 „priusquam
1051 1914 1100 1950 acl
1110 1927 1210 1951 aram
1221 1913 1384 1960 ducatur,
1407 1914 1472 1950 ubi

813 1970 1018 2007 mactandus
1045 1972 1135 2009 est.“
1192 1972 1248 2006 Ita
1270 1968 1470 2019 Schweig-

813 2025 958 2071 haeus„
989 2027 1055 2079 qui
1087 2028 1200 2064 etiam
1220 2039 1324 2078 seqq.
1354 2027 1470 2062 verba

813 2082 951 2122 πολλοὶ
997 2081 1077 2134 ἤδη
1122 2086 1203 2122 ταῖν
1245 2078 1469 2133 μελλόντων

814 2137 966 2178 τούτων
1003 2138 1205 2179 θύσεσθαι
1241 2141 1469 2189 interpreta-

814 2203 895 2233 tur:
926 2196 1051 2233 multos
1067 2209 1109 2233 ex
1128 2197 1184 2233 his
1197 2226 1206 2243 ‚
1239 2198 1300 2245 qui
1317 2198 1373 2232 ita
1389 2208 1470 2232 ma-

814 2253 938 2290 ctandi
968 2252 1127 2303 fuissent
1169 2259 1205 2289 et
1231 2253 1387 2289 inferius
1417 2249 1470 2298 w‘g

812 2305 980 2357 θύεται,
1020 2322 1096 2347 eum
1137 2311 1298 2357 mactari,
1338 2310 1389 2346 ita
1426 2315 1469 2345 ut

812 2367 973 2403 verbum
1001 2361 1180 2405 θύεσθαι
1209 2366 1346 2416 passivi
1393 2377 1468 2401 no-

812 2424 916 2460 tione
956 2424 1172 2474 accipiatur.
1228 2423 1315 2458 Fuit
1347 2433 1468 2472 quum

813 2478 861 2517 de
901 2481 1021 2516 activa
1055 2480 1260 2529 cogitarem
1298 2479 1470 2524 notione,

813 2536 889 2588 qua
926 2531 1106 2574 θύεσθαι
1142 2536 1319 2586 frequens
1367 2532 1469 2583 apud

811 2591 1049 2630 Herodotum
1071 2605 1149 2628 esse
1169 2592 1304 2627 monui
1323 2589 1370 2626 ad
1388 2590 1467 2637 V11,

815 2650 904 2696 189,
924 2649 975 2684 ita
996 2655 1036 2684 ut
1066 2648 1202 2699 cuique
1229 2654 1468 2698 posterorum

811 2704 1053 2742 Athamantis
1092 2704 1311 2754 impositum
1343 2703 1467 2749 fuerit,

811 2769 854 2798 ut
886 2762 966 2811 ipse
1004 2758 1203 2796 hominem
1242 2772 1309 2796 sua
1347 2771 1468 2794 manu

811 2830 964 2856 caesum
983 2823 1167 2869 tanquam
1186 2816 1381 2855 victimam
1396 2813 1467 2853 deo
