<?xml version="1.0" encoding="UTF-8"?>
<!DOCTYPE html PUBLIC "-//W3C//DTD XHTML 1.0 Transitional//EN"
    "http://www.w3.org/TR/xhtml1/DTD/xhtml1-transitional.dtd">
<html xmlns="http://www.w3.org/1999/xhtml" xml:lang="en" lang="en">
 <head>
  <title>
</title>
<meta http-equiv="Content-Type" content="text/html;charset=utf-8" />
  <meta name='ocr-system' content='tesseract 3.04.00' />
  <meta name='ocr-capabilities' content='ocr_page ocr_carea ocr_par ocr_line ocrx_word'/>
</head>
<body>
  <div class='ocr_page' id='page_1' title='image "./musaeherodoto03hero_0664.png"; bbox 0 0 1806 3181; ppageno 0'>
   <div class='ocr_carea' id='block_1_1' title="bbox 266 703 363 748">
    <p class='ocr_par' dir='ltr' id='par_1_1' title="bbox 266 703 363 748">
     <span class='ocr_line' id='line_1_1' title="bbox 266 703 363 748; baseline 0 0"><span class='ocrx_word' id='word_1_1' title='bbox 266 703 363 748; x_wconf 73' lang='lat'>140</span> 
     </span>
    </p>
   </div>
   <div class='ocr_carea' id='block_1_2' title="bbox 96 767 326 831">
    <p class='ocr_par' dir='ltr' id='par_1_2' title="bbox 96 767 326 831">
     <span class='ocr_line' id='line_1_2' title="bbox 96 767 318 797; baseline -0.009 0"><span class='ocrx_word' id='word_1_2' title='bbox 96 770 174 797; x_wconf 88' lang='lat' dir='ltr'>Bina</span> <span class='ocrx_word' id='word_1_3' title='bbox 192 767 318 797; x_wconf 80' lang='lat' dir='ltr'>oracula</span> 
     </span>
     <span class='ocr_line' id='line_1_3' title="bbox 98 803 326 831; baseline -0.013 0"><span class='ocrx_word' id='word_1_4' title='bbox 98 803 326 831; x_wconf 78' lang='lat' dir='ltr'>Atheniensibus</span> 
     </span>
    </p>
   </div>
   <div class='ocr_carea' id='block_1_3' title="bbox 97 835 370 876">
    <p class='ocr_par' dir='ltr' id='par_1_3' title="bbox 97 835 370 876">
     <span class='ocr_line' id='line_1_4' title="bbox 97 835 370 876; baseline -0.007 -11"><span class='ocrx_word' id='word_1_5' title='bbox 97 838 185 873; x_wconf 78' lang='lat' dir='ltr'>data,</span> <span class='ocrx_word' id='word_1_6' title='bbox 199 837 297 876; x_wconf 38' lang='lat' dir='ltr'>*prius</span> <span class='ocrx_word' id='word_1_7' title='bbox 315 835 370 863; x_wconf 90' lang='lat' dir='ltr'>mi-</span> 
     </span>
    </p>
   </div>
   <div class='ocr_carea' id='block_1_4' title="bbox 97 871 300 905">
    <p class='ocr_par' dir='ltr' id='par_1_4' title="bbox 97 871 300 905">
     <span class='ocr_line' id='line_1_5' title="bbox 97 871 300 905; baseline -0.01 -5"><span class='ocrx_word' id='word_1_8' title='bbox 97 871 300 905; x_wconf 57' lang='lat' dir='ltr'>nacisumum,</span> 
     </span>
    </p>
   </div>
   <div class='ocr_carea' id='block_1_5' title="bbox 423 102 508 141">
    <p class='ocr_par' dir='ltr' id='par_1_5' title="bbox 423 102 508 141">
     <span class='ocr_line' id='line_1_6' title="bbox 423 102 508 141; baseline 0.012 -1"><span class='ocrx_word' id='word_1_9' title='bbox 423 102 508 141; x_wconf 68' lang='lat'>618</span> 
     </span>
    </p>
   </div>
   <div class='ocr_carea' id='block_1_6' title="bbox 822 100 1285 139">
    <p class='ocr_par' dir='ltr' id='par_1_6' title="bbox 822 100 1285 139">
     <span class='ocr_line' id='line_1_7' title="bbox 822 100 1285 139; baseline 0.006 -3"><span class='ocrx_word' id='word_1_10' title='bbox 822 100 1285 139; x_wconf 90' lang='lat' dir='ltr'><strong>HERODOTI</strong></span> 
     </span>
    </p>
   </div>
   <div class='ocr_carea' id='block_1_7' title="bbox 422 207 1806 402">
    <p class='ocr_par' dir='ltr' id='par_1_7' title="bbox 422 207 1806 402">
     <span class='ocr_line' id='line_1_8' title="bbox 422 207 1684 266; baseline 0 -14"><span class='ocrx_word' id='word_1_11' title='bbox 422 208 504 265; x_wconf 75' lang='grc' dir='ltr'><strong><em>τήν</em></strong></span> <span class='ocrx_word' id='word_1_12' title='bbox 540 207 721 252; x_wconf 86' lang='grc' dir='ltr'><strong><em>Ἑλλάδα</em></strong></span> <span class='ocrx_word' id='word_1_13' title='bbox 758 211 971 261; x_wconf 87' lang='grc' dir='ltr'><strong><em>περιεῖναι</em></strong></span> <span class='ocrx_word' id='word_1_14' title='bbox 1010 208 1266 266; x_wconf 80' lang='grc' dir='ltr'><strong><em>ἐλευθέρην,</em></strong></span> <span class='ocrx_word' id='word_1_15' title='bbox 1302 213 1433 253; x_wconf 82' lang='grc' dir='ltr'><strong><em>τοῦτο</em></strong></span> <span class='ocrx_word' id='word_1_16' title='bbox 1464 211 1513 252; x_wconf 84' lang='grc' dir='ltr'><strong><em>τὸ</em></strong></span> <span class='ocrx_word' id='word_1_17' title='bbox 1538 207 1684 266; x_wconf 89' lang='grc' dir='ltr'><strong><em>Ἑλλη-</em></strong></span> 
     </span>
     <span class='ocr_line' id='line_1_9' title="bbox 423 272 1683 334; baseline 0.001 -14"><span class='ocrx_word' id='word_1_18' title='bbox 423 276 550 320; x_wconf 74' lang='grc' dir='ltr'><strong><em>νικὸν</em></strong></span> <span class='ocrx_word' id='word_1_19' title='bbox 579 279 668 319; x_wconf 78' lang='grc' dir='ltr'>πᾶν</span> <span class='ocrx_word' id='word_1_20' title='bbox 697 276 747 319; x_wconf 80' lang='grc' dir='ltr'><strong><em>τό</em></strong></span> <span class='ocrx_word' id='word_1_21' title='bbox 779 274 948 329; x_wconf 84' lang='grc' dir='ltr'><strong><em>λοιπὸν,</em></strong></span> <span class='ocrx_word' id='word_1_22' title='bbox 978 276 1087 321; x_wconf 80' lang='grc' dir='ltr'><strong><em>ὅσον</em></strong></span> <span class='ocrx_word' id='word_1_23' title='bbox 1119 277 1176 333; x_wconf 85' lang='grc' dir='ltr'>μὴ</span> <span class='ocrx_word' id='word_1_24' title='bbox 1208 275 1403 334; x_wconf 81' lang='grc' dir='ltr'><em>ἐμήδισε,</em></span> <span class='ocrx_word' id='word_1_25' title='bbox 1436 275 1563 321; x_wconf 82' lang='grc' dir='ltr'><strong><em>αὐτοὶ</em></strong></span> <span class='ocrx_word' id='word_1_26' title='bbox 1596 272 1683 321; x_wconf 79' lang='grc' dir='ltr'>οὗ-</span> 
     </span>
     <span class='ocr_line' id='line_1_10' title="bbox 423 339 1806 402; baseline 0.001 -14"><span class='ocrx_word' id='word_1_27' title='bbox 423 362 492 388; x_wconf 90' lang='grc' dir='ltr'>τοι</span> <span class='ocrx_word' id='word_1_28' title='bbox 518 339 632 400; x_wconf 81' lang='grc' dir='ltr'><strong><em>ἦσαν</em></strong></span> <span class='ocrx_word' id='word_1_29' title='bbox 663 344 707 386; x_wconf 83' lang='grc' dir='ltr'>οἱ</span> <span class='ocrx_word' id='word_1_30' title='bbox 736 343 1046 400; x_wconf 79' lang='grc' dir='ltr'><strong><em>ἐπεγείραντες,</em></strong></span> <span class='ocrx_word' id='word_1_31' title='bbox 1098 345 1170 388; x_wconf 78' lang='grc' dir='ltr'>καὶ</span> <span class='ocrx_word' id='word_1_32' title='bbox 1201 346 1379 401; x_wconf 83' lang='grc' dir='ltr'><strong><em>βασιλέα</em></strong></span> <span class='ocrx_word' id='word_1_33' title='bbox 1408 345 1512 402; x_wconf 78' lang='grc' dir='ltr'><strong><em>μετά</em></strong></span> <span class='ocrx_word' id='word_1_34' title='bbox 1531 361 1579 401; x_wconf 77' lang='grc' dir='ltr'>γε</span> <span class='ocrx_word' id='word_1_35' title='bbox 1608 350 1684 388; x_wconf 80' lang='grc' dir='ltr'>θε-</span> <span class='ocrx_word' id='word_1_36' title='bbox 1741 346 1806 389; x_wconf 71' lang='grc'>56]</span> 
     </span>
    </p>
   </div>
   <div class='ocr_carea' id='block_1_8' title="bbox 395 407 841 467">
    <p class='ocr_par' dir='ltr' id='par_1_8' title="bbox 395 407 841 467">
     <span class='ocr_line' id='line_1_11' title="bbox 395 407 841 467; baseline 0.004 -15"><span class='ocrx_word' id='word_1_37' title='bbox 395 418 415 452; x_wconf 92' lang='grc'>8</span> <span class='ocrx_word' id='word_1_38' title='bbox 429 411 505 461; x_wconf 81' lang='grc' dir='ltr'>οὒς</span> <span class='ocrx_word' id='word_1_39' title='bbox 555 407 841 467; x_wconf 73' lang='grc' dir='ltr'><strong><em>ἀνωσάμενοι.</em></strong></span> 
     </span>
    </p>
   </div>
   <div class='ocr_carea' id='block_1_9' title="bbox 902 410 1744 470">
    <p class='ocr_par' dir='ltr' id='par_1_9' title="bbox 902 410 1744 470">
     <span class='ocr_line' id='line_1_12' title="bbox 902 410 1744 470; baseline -0.002 -15"><span class='ocrx_word' id='word_1_40' title='bbox 902 410 1006 455; x_wconf 79' lang='grc' dir='ltr'><strong><em>οὐδὲ</em></strong></span> <span class='ocrx_word' id='word_1_41' title='bbox 1045 421 1180 466; x_wconf 84' lang='grc' dir='ltr'><strong><em>σφεας</em></strong></span> <span class='ocrx_word' id='word_1_42' title='bbox 1231 413 1467 469; x_wconf 77' lang='grc' dir='ltr'><strong><em>χρηστήρια</em></strong></span> <span class='ocrx_word' id='word_1_43' title='bbox 1503 412 1744 470; x_wconf 81' lang='grc' dir='ltr'><strong><em>φοβερά,4ο</em></strong></span> 
     </span>
    </p>
   </div>
   <div class='ocr_carea' id='block_1_10' title="bbox 418 478 1689 672">
    <p class='ocr_par' dir='ltr' id='par_1_10' title="bbox 418 478 1689 672">
     <span class='ocr_line' id='line_1_13' title="bbox 419 478 1689 537; baseline 0.001 -15"><span class='ocrx_word' id='word_1_44' title='bbox 419 478 608 522; x_wconf 75' lang='grc' dir='ltr'><strong><em>ἐλθόντα</em></strong></span> <span class='ocrx_word' id='word_1_45' title='bbox 649 479 693 522; x_wconf 87' lang='grc' dir='ltr'>ἐκ</span> <span class='ocrx_word' id='word_1_46' title='bbox 736 484 946 536; x_wconf 74' lang='grc' dir='ltr'><strong><em>Δελφῶν,</em></strong></span> <span class='ocrx_word' id='word_1_47' title='bbox 977 479 1050 523; x_wconf 85' lang='grc' dir='ltr'>καὶ</span> <span class='ocrx_word' id='word_1_48' title='bbox 1079 479 1121 531; x_wconf 81' lang='grc' dir='ltr'>ἐς</span> <span class='ocrx_word' id='word_1_49' title='bbox 1151 482 1276 535; x_wconf 86' lang='grc' dir='ltr'><strong><em>δεῖμα</em></strong></span> <span class='ocrx_word' id='word_1_50' title='bbox 1308 480 1518 537; x_wconf 83' lang='grc' dir='ltr'><strong><em>βαλόντα,</em></strong></span> <span class='ocrx_word' id='word_1_51' title='bbox 1552 481 1689 524; x_wconf 72' lang='grc' dir='ltr'><strong><em>ἔπεισε</em></strong></span> 
     </span>
     <span class='ocr_line' id='line_1_14' title="bbox 418 545 1689 604; baseline 0.002 -15"><span class='ocrx_word' id='word_1_52' title='bbox 418 546 607 589; x_wconf 85' lang='grc' dir='ltr'><strong><em>ἐκλιπεῖν</em></strong></span> <span class='ocrx_word' id='word_1_53' title='bbox 636 545 714 603; x_wconf 80' lang='grc' dir='ltr'><strong><em>τὴν</em></strong></span> <span class='ocrx_word' id='word_1_54' title='bbox 727 546 930 591; x_wconf 79' lang='grc' dir='ltr'><strong><em>Ἑλλάδα·</em></strong></span> <span class='ocrx_word' id='word_1_55' title='bbox 962 546 1070 591; x_wconf 74' lang='grc' dir='ltr'><strong><em>ἀλλὰ</em></strong></span> <span class='ocrx_word' id='word_1_56' title='bbox 1099 549 1451 604; x_wconf 85' lang='grc' dir='ltr'><strong><em>καταμείναντες,</em></strong></span> <span class='ocrx_word' id='word_1_57' title='bbox 1484 547 1689 604; x_wconf 73' lang='grc' dir='ltr'><strong><em>ἀνέσχον-</em></strong></span> 
     </span>
     <span class='ocr_line' id='line_1_15' title="bbox 424 613 1418 672; baseline 0.003 -15"><span class='ocrx_word' id='word_1_58' title='bbox 424 630 474 658; x_wconf 92' lang='grc' dir='ltr'><strong><em>το</em></strong></span> <span class='ocrx_word' id='word_1_59' title='bbox 505 613 587 657; x_wconf 87' lang='grc' dir='ltr'>τὸν</span> <span class='ocrx_word' id='word_1_60' title='bbox 618 613 795 657; x_wconf 87' lang='grc' dir='ltr'><strong><em>ἐπιόντα</em></strong></span> <span class='ocrx_word' id='word_1_61' title='bbox 824 615 891 658; x_wconf 87' lang='grc' dir='ltr'>ἐπὶ</span> <span class='ocrx_word' id='word_1_62' title='bbox 922 615 1002 672; x_wconf 84' lang='grc' dir='ltr'><strong><em>τὴν</em></strong></span> <span class='ocrx_word' id='word_1_63' title='bbox 1031 614 1179 672; x_wconf 79' lang='grc' dir='ltr'><strong><em>χώρην</em></strong></span> <span class='ocrx_word' id='word_1_64' title='bbox 1200 615 1418 668; x_wconf 80' lang='grc' dir='ltr'><strong><em>δέξασθαι.</em></strong></span> 
     </span>
    </p>
   </div>
   <div class='ocr_carea' id='block_1_11' title="bbox 424 703 1691 830">
    <p class='ocr_par' dir='ltr' id='par_1_11' title="bbox 424 703 1691 830">
     <span class='ocr_line' id='line_1_16' title="bbox 511 703 1690 762; baseline 0.002 -15"><span class='ocrx_word' id='word_1_65' title='bbox 511 703 766 760; x_wconf 73' lang='grc' dir='ltr'><strong><em>Πέμψαντες</em></strong></span> <span class='ocrx_word' id='word_1_66' title='bbox 789 704 872 760; x_wconf 77' lang='grc' dir='ltr'>γοὲρ</span> <span class='ocrx_word' id='word_1_67' title='bbox 894 707 938 749; x_wconf 82' lang='grc' dir='ltr'>οἱ</span> <span class='ocrx_word' id='word_1_68' title='bbox 965 707 1187 762; x_wconf 84' lang='grc' dir='ltr'><strong><em>Ἀθηναῖοι</em></strong></span> <span class='ocrx_word' id='word_1_69' title='bbox 1217 706 1259 757; x_wconf 87' lang='grc' dir='ltr'>ἐς</span> <span class='ocrx_word' id='word_1_70' title='bbox 1280 706 1483 762; x_wconf 82' lang='grc' dir='ltr'><strong><em>Δελφοὺς</em></strong></span> <span class='ocrx_word' id='word_1_71' title='bbox 1502 710 1690 761; x_wconf 82' lang='grc' dir='ltr'><strong><em>θεοπρό·</em></strong></span> 
     </span>
     <span class='ocr_line' id='line_1_17' title="bbox 424 770 1691 830; baseline 0.002 -16"><span class='ocrx_word' id='word_1_72' title='bbox 424 787 547 824; x_wconf 80' lang='grc' dir='ltr'><strong><em>πους,</em></strong></span> <span class='ocrx_word' id='word_1_73' title='bbox 576 772 968 828; x_wconf 76' lang='grc' dir='ltr'><strong><em>χρηστηριάζεσθαι</em></strong></span> <span class='ocrx_word' id='word_1_74' title='bbox 996 770 1108 829; x_wconf 78' lang='grc' dir='ltr'><strong><em>ἦσαν</em></strong></span> <span class='ocrx_word' id='word_1_75' title='bbox 1139 774 1317 829; x_wconf 78' lang='grc' dir='ltr'><strong><em>ἑτοῖμοι.</em></strong></span> <span class='ocrx_word' id='word_1_76' title='bbox 1349 776 1422 818; x_wconf 80' lang='grc' dir='ltr'>καί</span> <span class='ocrx_word' id='word_1_77' title='bbox 1453 786 1531 830; x_wconf 85' lang='grc' dir='ltr'>σφι</span> <span class='ocrx_word' id='word_1_78' title='bbox 1559 773 1691 830; x_wconf 85' lang='grc' dir='ltr'><strong><em>ποιή-</em></strong></span> 
     </span>
    </p>
   </div>
   <div class='ocr_carea' id='block_1_12' title="bbox 374 1038 1043 1826">
    <p class='ocr_par' dir='ltr' id='par_1_12' title="bbox 374 1038 1043 1826">
     <span class='ocr_line' id='line_1_18' title="bbox 374 1038 1034 1092; baseline -0.002 -15"><span class='ocrx_word' id='word_1_79' title='bbox 374 1041 483 1077; x_wconf 76' lang='lat' dir='ltr'>lance</span> <span class='ocrx_word' id='word_1_80' title='bbox 504 1042 654 1092; x_wconf 78' lang='lat' dir='ltr'>proprie</span> <span class='ocrx_word' id='word_1_81' title='bbox 677 1038 890 1076; x_wconf 84' lang='lat' dir='ltr'>adhibitum</span> <span class='ocrx_word' id='word_1_82' title='bbox 920 1039 1034 1077; x_wconf 89' lang='lat' dir='ltr'>deor-</span> 
     </span>
     <span class='ocr_line' id='line_1_19' title="bbox 374 1096 1035 1148; baseline -0.003 -14"><span class='ocrx_word' id='word_1_83' title='bbox 374 1110 460 1134; x_wconf 87' lang='lat' dir='ltr'>sum</span> <span class='ocrx_word' id='word_1_84' title='bbox 481 1104 661 1148; x_wconf 81' lang='lat' dir='ltr'>vergente</span> <span class='ocrx_word' id='word_1_85' title='bbox 681 1110 724 1134; x_wconf 77' lang='lat' dir='ltr'>ac</span> <span class='ocrx_word' id='word_1_86' title='bbox 746 1096 792 1133; x_wconf 90' lang='lat' dir='ltr'>de</span> <span class='ocrx_word' id='word_1_87' title='bbox 804 1098 914 1134; x_wconf 89' lang='lat' dir='ltr'>rebus</span> <span class='ocrx_word' id='word_1_88' title='bbox 934 1097 1035 1133; x_wconf 81' lang='lat' dir='ltr'>lanei</span> 
     </span>
     <span class='ocr_line' id='line_1_20' title="bbox 374 1154 1036 1205; baseline -0.002 -15"><span class='ocrx_word' id='word_1_89' title='bbox 374 1155 559 1204; x_wconf 82' lang='lat' dir='ltr'>impositis</span> <span class='ocrx_word' id='word_1_90' title='bbox 576 1154 830 1205; x_wconf 82' lang='lat' dir='ltr'>deorsumque</span> <span class='ocrx_word' id='word_1_91' title='bbox 844 1154 1036 1203; x_wconf 83' lang='lat' dir='ltr'>vergenti-</span> 
     </span>
     <span class='ocr_line' id='line_1_21' title="bbox 375 1209 1037 1262; baseline -0.003 -15"><span class='ocrx_word' id='word_1_92' title='bbox 375 1211 445 1247; x_wconf 88' lang='lat' dir='ltr'>bus</span> <span class='ocrx_word' id='word_1_93' title='bbox 466 1224 554 1247; x_wconf 88' lang='lat' dir='ltr'>cum</span> <span class='ocrx_word' id='word_1_94' title='bbox 564 1212 636 1247; x_wconf 88' lang='lat' dir='ltr'>siut</span> <span class='ocrx_word' id='word_1_95' title='bbox 648 1211 851 1261; x_wconf 81' lang='lat' dir='ltr'>graviores,</span> <span class='ocrx_word' id='word_1_96' title='bbox 865 1209 912 1246; x_wconf 81' lang='lat' dir='ltr'>ad</span> <span class='ocrx_word' id='word_1_97' title='bbox 923 1222 1037 1262; x_wconf 85' lang='lat' dir='ltr'>quas-</span> 
     </span>
     <span class='ocr_line' id='line_1_22' title="bbox 376 1266 1036 1317; baseline -0.002 -14"><span class='ocrx_word' id='word_1_98' title='bbox 376 1268 432 1304; x_wconf 88' lang='lat' dir='ltr'>vis</span> <span class='ocrx_word' id='word_1_99' title='bbox 452 1268 674 1304; x_wconf 79' lang='lat' dir='ltr'>transfertur</span> <span class='ocrx_word' id='word_1_100' title='bbox 695 1266 782 1303; x_wconf 79' lang='lat' dir='ltr'>dein</span> <span class='ocrx_word' id='word_1_101' title='bbox 814 1280 872 1303; x_wconf 87' lang='lat' dir='ltr'>res</span> <span class='ocrx_word' id='word_1_102' title='bbox 889 1296 898 1313; x_wconf 89' lang='lat'>,</span> <span class='ocrx_word' id='word_1_103' title='bbox 939 1279 1036 1317; x_wconf 86' lang='lat' dir='ltr'>quae</span> 
     </span>
     <span class='ocr_line' id='line_1_23' title="bbox 376 1322 1037 1374; baseline -0.003 -14"><span class='ocrx_word' id='word_1_104' title='bbox 376 1322 546 1374; x_wconf 88' lang='lat' dir='ltr'>pondere</span> <span class='ocrx_word' id='word_1_105' title='bbox 568 1337 636 1361; x_wconf 93' lang='lat' dir='ltr'>suo</span> <span class='ocrx_word' id='word_1_106' title='bbox 666 1324 856 1374; x_wconf 82' lang='lat' dir='ltr'>graviores</span> <span class='ocrx_word' id='word_1_107' title='bbox 876 1335 1037 1373; x_wconf 82' lang='lat' dir='ltr'>praeva-</span> 
     </span>
     <span class='ocr_line' id='line_1_24' title="bbox 376 1378 1038 1431; baseline -0.003 -14"><span class='ocrx_word' id='word_1_108' title='bbox 376 1381 480 1417; x_wconf 83' lang='lat' dir='ltr'>leant</span> <span class='ocrx_word' id='word_1_109' title='bbox 519 1393 561 1417; x_wconf 82' lang='lat' dir='ltr'>ac</span> <span class='ocrx_word' id='word_1_110' title='bbox 598 1381 870 1431; x_wconf 80' lang='lat' dir='ltr'>praepolleant.</span> <span class='ocrx_word' id='word_1_111' title='bbox 927 1378 1038 1416; x_wconf 83' lang='lat' dir='ltr'>Idem</span> 
     </span>
     <span class='ocr_line' id='line_1_25' title="bbox 381 1435 1038 1483; baseline -0.002 -11"><span class='ocrx_word' id='word_1_112' title='bbox 381 1435 490 1473; x_wconf 84' lang='lat' dir='ltr'>affert</span> <span class='ocrx_word' id='word_1_113' title='bbox 531 1439 735 1473; x_wconf 78' lang='lat' dir='ltr'>Homerica</span> <span class='ocrx_word' id='word_1_114' title='bbox 776 1437 819 1472; x_wconf 89' lang='lat' dir='ltr'>ll.</span> <span class='ocrx_word' id='word_1_115' title='bbox 851 1436 950 1483; x_wconf 82' lang='lat' dir='ltr'><strong>VIII,</strong></span> <span class='ocrx_word' id='word_1_116' title='bbox 984 1438 1038 1475; x_wconf 82' lang='lat'>72</span> 
     </span>
     <span class='ocr_line' id='line_1_26' title="bbox 377 1490 1038 1543; baseline -0.002 -14"><span class='ocrx_word' id='word_1_117' title='bbox 377 1494 504 1540; x_wconf 81' lang='lat' dir='ltr'>XXII,</span> <span class='ocrx_word' id='word_1_118' title='bbox 526 1496 621 1533; x_wconf 87' lang='grc'>212.</span> <span class='ocrx_word' id='word_1_119' title='bbox 646 1495 787 1530; x_wconf 83' lang='lat' dir='ltr'>Albert.</span> <span class='ocrx_word' id='word_1_120' title='bbox 805 1491 853 1529; x_wconf 83' lang='lat' dir='ltr'>ad</span> <span class='ocrx_word' id='word_1_121' title='bbox 874 1490 1038 1543; x_wconf 82' lang='lat' dir='ltr'>Hesych.</span> 
     </span>
     <span class='ocr_line' id='line_1_27' title="bbox 378 1547 1040 1600; baseline -0.003 -14"><span class='ocrx_word' id='word_1_122' title='bbox 378 1564 409 1587; x_wconf 88' lang='lat' dir='ltr'>s.</span> <span class='ocrx_word' id='word_1_123' title='bbox 432 1563 468 1587; x_wconf 79' lang='lat' dir='ltr'>v.</span> <span class='ocrx_word' id='word_1_124' title='bbox 488 1551 524 1585; x_wconf 94' lang='lat' dir='ltr'>II</span> <span class='ocrx_word' id='word_1_125' title='bbox 544 1563 581 1600; x_wconf 90' lang='lat' dir='ltr'>p.</span> <span class='ocrx_word' id='word_1_126' title='bbox 602 1552 707 1590; x_wconf 79' lang='lat'>1108</span> <span class='ocrx_word' id='word_1_127' title='bbox 729 1556 807 1586; x_wconf 86' lang='lat' dir='ltr'>not.</span> <span class='ocrx_word' id='word_1_128' title='bbox 830 1552 896 1589; x_wconf 79' lang='lat'>27.</span> <span class='ocrx_word' id='word_1_129' title='bbox 929 1547 1040 1594; x_wconf 82' lang='lat' dir='ltr'>Quod</span> 
     </span>
     <span class='ocr_line' id='line_1_28' title="bbox 378 1601 1043 1658; baseline -0.003 -16"><span class='ocrx_word' id='word_1_130' title='bbox 378 1619 470 1642; x_wconf 80' lang='lat' dir='ltr'>vero</span> <span class='ocrx_word' id='word_1_131' title='bbox 511 1608 635 1644; x_wconf 82' lang='grc' dir='ltr'><strong><em>ταῦτα</em></strong></span> <span class='ocrx_word' id='word_1_132' title='bbox 673 1607 713 1642; x_wconf 88' lang='lat' dir='ltr'>in</span> <span class='ocrx_word' id='word_1_133' title='bbox 748 1601 871 1658; x_wconf 76' lang='grc' dir='ltr'><strong><em>ταύτῃ</em></strong></span> <span class='ocrx_word' id='word_1_134' title='bbox 902 1605 1043 1642; x_wconf 80' lang='lat' dir='ltr'>mutari</span> 
     </span>
     <span class='ocr_line' id='line_1_29' title="bbox 380 1661 1041 1699; baseline 0 -1"><span class='ocrx_word' id='word_1_135' title='bbox 380 1663 473 1699; x_wconf 82' lang='lat' dir='ltr'>olim</span> <span class='ocrx_word' id='word_1_136' title='bbox 511 1663 682 1699; x_wconf 82' lang='lat' dir='ltr'>voluerat</span> <span class='ocrx_word' id='word_1_137' title='bbox 718 1661 841 1699; x_wconf 87' lang='lat' dir='ltr'>Bothe</span> <span class='ocrx_word' id='word_1_138' title='bbox 879 1662 1041 1698; x_wconf 88' lang='lat' dir='ltr'>Annott.</span> 
     </span>
     <span class='ocr_line' id='line_1_30' title="bbox 379 1716 1043 1769; baseline 0 -15"><span class='ocrx_word' id='word_1_139' title='bbox 379 1720 420 1755; x_wconf 89' lang='lat' dir='ltr'>in</span> <span class='ocrx_word' id='word_1_140' title='bbox 444 1720 600 1756; x_wconf 84' lang='lat' dir='ltr'>Terent.</span> <span class='ocrx_word' id='word_1_141' title='bbox 622 1732 709 1769; x_wconf 82' lang='lat' dir='ltr'>pag.</span> <span class='ocrx_word' id='word_1_142' title='bbox 731 1718 811 1759; x_wconf 81' lang='grc'>466</span> <span class='ocrx_word' id='word_1_143' title='bbox 825 1748 834 1766; x_wconf 73' lang='grc'>,</span> <span class='ocrx_word' id='word_1_144' title='bbox 855 1719 991 1755; x_wconf 85' lang='lat' dir='ltr'>merito</span> <span class='ocrx_word' id='word_1_145' title='bbox 1004 1716 1043 1755; x_wconf 87' lang='lat' dir='ltr'>id</span> 
     </span>
     <span class='ocr_line' id='line_1_31' title="bbox 381 1773 1023 1826; baseline 0 -15"><span class='ocrx_word' id='word_1_146' title='bbox 381 1776 522 1826; x_wconf 85' lang='lat' dir='ltr'>respuit</span> <span class='ocrx_word' id='word_1_147' title='bbox 542 1775 646 1812; x_wconf 85' lang='lat' dir='ltr'>idem</span> <span class='ocrx_word' id='word_1_148' title='bbox 668 1773 1023 1825; x_wconf 81' lang='lat' dir='ltr'>Schweighaeuser.</span> 
     </span>
    </p>
   </div>
   <div class='ocr_carea' id='block_1_13' title="bbox 383 1862 1048 2297">
    <p class='ocr_par' dir='ltr' id='par_1_13' title="bbox 383 1862 1048 2297">
     <span class='ocr_line' id='line_1_32' title="bbox 441 1862 1042 1915; baseline 0.002 -12"><span class='ocrx_word' id='word_1_149' title='bbox 441 1867 558 1904; x_wconf 78' lang='grc' dir='ltr'><strong><em>τοῦτο</em></strong></span> <span class='ocrx_word' id='word_1_150' title='bbox 582 1862 626 1905; x_wconf 81' lang='grc' dir='ltr'><strong><em>τό</em></strong></span> <span class='ocrx_word' id='word_1_151' title='bbox 654 1863 883 1915; x_wconf 79' lang='grc' dir='ltr'><strong><em>Ἑλληνικόν</em></strong></span> <span class='ocrx_word' id='word_1_152' title='bbox 900 1868 983 1905; x_wconf 76' lang='grc' dir='ltr'>πᾶν</span> <span class='ocrx_word' id='word_1_153' title='bbox 1005 1881 1042 1905; x_wconf 87' lang='grc' dir='ltr'>κ.</span> 
     </span>
     <span class='ocr_line' id='line_1_33' title="bbox 383 1921 1043 1970; baseline -0.002 -11"><span class='ocrx_word' id='word_1_154' title='bbox 383 1936 417 1959; x_wconf 92' lang='grc' dir='ltr'><strong><em>τ.</em></strong></span> <span class='ocrx_word' id='word_1_155' title='bbox 438 1922 490 1970; x_wconf 92' lang='grc' dir='ltr'>λ.]</span> <span class='ocrx_word' id='word_1_156' title='bbox 523 1923 598 1958; x_wconf 88' lang='lat' dir='ltr'>Pro</span> <span class='ocrx_word' id='word_1_157' title='bbox 622 1924 737 1961; x_wconf 83' lang='grc' dir='ltr'><strong><em>τοῦτο</em></strong></span> <span class='ocrx_word' id='word_1_158' title='bbox 763 1921 1043 1960; x_wconf 83' lang='lat' dir='ltr'>Valcken.1na-</span> 
     </span>
     <span class='ocr_line' id='line_1_34' title="bbox 384 1974 1046 2029; baseline 0.002 -15"><span class='ocrx_word' id='word_1_159' title='bbox 384 1978 465 2014; x_wconf 86' lang='lat' dir='ltr'>vult</span> <span class='ocrx_word' id='word_1_160' title='bbox 487 1974 610 2027; x_wconf 72' lang='grc' dir='ltr'><strong><em>οὕτω,</em></strong></span> <span class='ocrx_word' id='word_1_161' title='bbox 632 1979 817 2029; x_wconf 79' lang='lat' dir='ltr'>probante</span> <span class='ocrx_word' id='word_1_162' title='bbox 844 1978 1046 2029; x_wconf 83' lang='lat' dir='ltr'>Schweig-</span> 
     </span>
     <span class='ocr_line' id='line_1_35' title="bbox 385 2032 1048 2087; baseline 0.005 -18"><span class='ocrx_word' id='word_1_163' title='bbox 385 2032 581 2082; x_wconf 68' lang='lat' dir='ltr'>hawsero,</span> <span class='ocrx_word' id='word_1_164' title='bbox 613 2037 679 2087; x_wconf 87' lang='lat' dir='ltr'>qui</span> <span class='ocrx_word' id='word_1_165' title='bbox 706 2043 835 2072; x_wconf 77' lang='lat' dir='ltr'>tamen</span> <span class='ocrx_word' id='word_1_166' title='bbox 866 2035 960 2072; x_wconf 85' lang='lat' dir='ltr'>illud</span> <span class='ocrx_word' id='word_1_167' title='bbox 980 2035 1048 2072; x_wconf 85' lang='lat' dir='ltr'>ad-</span> 
     </span>
     <span class='ocr_line' id='line_1_36' title="bbox 386 2089 1047 2137; baseline 0.009 -12"><span class='ocrx_word' id='word_1_168' title='bbox 386 2089 462 2126; x_wconf 80' lang='lat' dir='ltr'>dit:</span> <span class='ocrx_word' id='word_1_169' title='bbox 494 2090 600 2137; x_wconf 80' lang='lat' dir='ltr'>„Sed</span> <span class='ocrx_word' id='word_1_170' title='bbox 622 2091 708 2128; x_wconf 86' lang='lat' dir='ltr'>vide</span> <span class='ocrx_word' id='word_1_171' title='bbox 728 2106 776 2128; x_wconf 89' lang='lat' dir='ltr'>ne</span> <span class='ocrx_word' id='word_1_172' title='bbox 798 2092 901 2129; x_wconf 88' lang='lat' dir='ltr'>idem</span> <span class='ocrx_word' id='word_1_173' title='bbox 930 2095 1047 2131; x_wconf 80' lang='grc' dir='ltr'><strong><em>τοῦτο</em></strong></span> 
     </span>
     <span class='ocr_line' id='line_1_37' title="bbox 386 2145 1047 2188; baseline 0.005 -7"><span class='ocrx_word' id='word_1_174' title='bbox 386 2146 511 2182; x_wconf 80' lang='lat' dir='ltr'>valeat</span> <span class='ocrx_word' id='word_1_175' title='bbox 541 2148 619 2183; x_wconf 81' lang='lat' dir='ltr'>scil.</span> <span class='ocrx_word' id='word_1_176' title='bbox 642 2145 741 2186; x_wconf 75' lang='grc' dir='ltr'><strong><em>κατοέ</em></strong></span> <span class='ocrx_word' id='word_1_177' title='bbox 772 2151 888 2188; x_wconf 77' lang='grc' dir='ltr'><strong><em>τοῦτο</em></strong></span> <span class='ocrx_word' id='word_1_178' title='bbox 910 2149 1047 2185; x_wconf 84' lang='lat' dir='ltr'>intelli-</span> 
     </span>
     <span class='ocr_line' id='line_1_38' title="bbox 388 2201 1046 2254; baseline 0.006 -17"><span class='ocrx_word' id='word_1_179' title='bbox 388 2201 599 2252; x_wconf 79' lang='lat' dir='ltr'>geuduln.“</span> <span class='ocrx_word' id='word_1_180' title='bbox 640 2205 731 2239; x_wconf 88' lang='lat' dir='ltr'>Utut</span> <span class='ocrx_word' id='word_1_181' title='bbox 753 2211 819 2251; x_wconf 80' lang='lat' dir='ltr'>est,</span> <span class='ocrx_word' id='word_1_182' title='bbox 842 2217 862 2240; x_wconf 85' lang='lat' dir='ltr'>a</span> <span class='ocrx_word' id='word_1_183' title='bbox 892 2206 1046 2254; x_wconf 82' lang='lat' dir='ltr'>vulgata</span> 
     </span>
     <span class='ocr_line' id='line_1_39' title="bbox 390 2258 1048 2297; baseline 0.003 -2"><span class='ocrx_word' id='word_1_184' title='bbox 390 2258 582 2295; x_wconf 80' lang='lat' dir='ltr'>discedere</span> <span class='ocrx_word' id='word_1_185' title='bbox 603 2271 680 2295; x_wconf 88' lang='lat' dir='ltr'>non</span> <span class='ocrx_word' id='word_1_186' title='bbox 711 2261 823 2297; x_wconf 87' lang='lat' dir='ltr'>licuit.</span> <span class='ocrx_word' id='word_1_187' title='bbox 860 2281 915 2288; x_wconf 89' lang='lat'>——</span> <span class='ocrx_word' id='word_1_188' title='bbox 954 2262 1048 2297; x_wconf 85' lang='lat' dir='ltr'>Mox</span> 
     </span>
    </p>
   </div>
   <div class='ocr_carea' id='block_1_14' title="bbox 390 2309 1050 2423">
    <p class='ocr_par' dir='ltr' id='par_1_14' title="bbox 390 2309 1050 2423">
     <span class='ocr_line' id='line_1_40' title="bbox 391 2309 1050 2366; baseline 0.006 -15"><span class='ocrx_word' id='word_1_189' title='bbox 391 2314 479 2351; x_wconf 82' lang='lat' dir='ltr'>dedi</span> <span class='ocrx_word' id='word_1_190' title='bbox 500 2309 604 2365; x_wconf 69' lang='grc' dir='ltr'><strong><em>ἦσαν</em></strong></span> <span class='ocrx_word' id='word_1_191' title='bbox 621 2329 690 2365; x_wconf 87' lang='lat' dir='ltr'>pro</span> <span class='ocrx_word' id='word_1_192' title='bbox 714 2315 806 2354; x_wconf 76' lang='grc' dir='ltr'><strong><em>ἕσαν</em></strong></span> <span class='ocrx_word' id='word_1_193' title='bbox 828 2322 864 2352; x_wconf 82' lang='lat' dir='ltr'>et</span> <span class='ocrx_word' id='word_1_194' title='bbox 886 2316 1050 2366; x_wconf 80' lang='grc' dir='ltr'><strong><em>βασιλέα</em></strong></span> 
     </span>
     <span class='ocr_line' id='line_1_41' title="bbox 390 2368 1047 2423; baseline 0.006 -16"><span class='ocrx_word' id='word_1_195' title='bbox 390 2384 459 2422; x_wconf 87' lang='lat' dir='ltr'>pro</span> <span class='ocrx_word' id='word_1_196' title='bbox 480 2371 664 2421; x_wconf 81' lang='grc' dir='ltr'><strong><em>βασιλῆα.</em></strong></span> <span class='ocrx_word' id='word_1_197' title='bbox 686 2393 742 2399; x_wconf 91' lang='grc'>-</span> <span class='ocrx_word' id='word_1_198' title='bbox 761 2373 803 2408; x_wconf 88' lang='lat' dir='ltr'>Iu</span> <span class='ocrx_word' id='word_1_199' title='bbox 825 2385 929 2423; x_wconf 81' lang='lat' dir='ltr'>seqq.</span> <span class='ocrx_word' id='word_1_200' title='bbox 953 2368 1047 2422; x_wconf 69' lang='grc' dir='ltr'><strong><em>μετά</em></strong></span> 
     </span>
    </p>
   </div>
   <div class='ocr_carea' id='block_1_15' title="bbox 393 2424 1054 2691">
    <p class='ocr_par' dir='ltr' id='par_1_15' title="bbox 393 2424 1054 2691">
     <span class='ocr_line' id='line_1_42' title="bbox 393 2424 1049 2479; baseline -0.003 -13"><span class='ocrx_word' id='word_1_201' title='bbox 393 2442 436 2479; x_wconf 82' lang='grc' dir='ltr'>γε</span> <span class='ocrx_word' id='word_1_202' title='bbox 457 2424 581 2475; x_wconf 66' lang='grc' dir='ltr'><strong><em>θεούς</em></strong></span> <span class='ocrx_word' id='word_1_203' title='bbox 600 2429 722 2465; x_wconf 80' lang='lat' dir='ltr'>valet:</span> <span class='ocrx_word' id='word_1_204' title='bbox 757 2432 835 2477; x_wconf 81' lang='lat' dir='ltr'>post</span> <span class='ocrx_word' id='word_1_205' title='bbox 866 2428 944 2465; x_wconf 84' lang='lat' dir='ltr'>deos</span> <span class='ocrx_word' id='word_1_206' title='bbox 965 2431 1049 2478; x_wconf 75' lang='lat' dir='ltr'>qui-</span> 
     </span>
     <span class='ocr_line' id='line_1_43' title="bbox 393 2483 1048 2532; baseline 0.002 -12"><span class='ocrx_word' id='word_1_207' title='bbox 393 2484 486 2528; x_wconf 82' lang='lat' dir='ltr'>dem,</span> <span class='ocrx_word' id='word_1_208' title='bbox 516 2485 540 2520; x_wconf 91' lang='lat' dir='ltr'>i.</span> <span class='ocrx_word' id='word_1_209' title='bbox 573 2498 604 2521; x_wconf 88' lang='lat' dir='ltr'>e.</span> <span class='ocrx_word' id='word_1_210' title='bbox 635 2486 665 2521; x_wconf 89' lang='lat' dir='ltr'>si</span> <span class='ocrx_word' id='word_1_211' title='bbox 694 2498 715 2520; x_wconf 83' lang='lat' dir='ltr'>a</span> <span class='ocrx_word' id='word_1_212' title='bbox 739 2484 806 2521; x_wconf 90' lang='lat' dir='ltr'>diis</span> <span class='ocrx_word' id='word_1_213' title='bbox 829 2483 1048 2532; x_wconf 72' lang='lat' dir='ltr'>discesseris,</span> 
     </span>
     <span class='ocr_line' id='line_1_44' title="bbox 394 2541 1051 2592; baseline 0.002 -16"><span class='ocrx_word' id='word_1_214' title='bbox 394 2553 560 2591; x_wconf 87' lang='lat' dir='ltr'>quorum</span> <span class='ocrx_word' id='word_1_215' title='bbox 590 2553 703 2591; x_wconf 84' lang='lat' dir='ltr'>opera</span> <span class='ocrx_word' id='word_1_216' title='bbox 733 2542 903 2592; x_wconf 84' lang='lat' dir='ltr'>inprimis</span> <span class='ocrx_word' id='word_1_217' title='bbox 933 2541 1051 2578; x_wconf 81' lang='lat' dir='ltr'>adiuti</span> 
     </span>
     <span class='ocr_line' id='line_1_45' title="bbox 397 2597 1053 2648; baseline 0.002 -16"><span class='ocrx_word' id='word_1_218' title='bbox 397 2597 532 2633; x_wconf 79' lang='lat' dir='ltr'>Graeci</span> <span class='ocrx_word' id='word_1_219' title='bbox 554 2598 685 2634; x_wconf 79' lang='lat' dir='ltr'>Persas</span> <span class='ocrx_word' id='word_1_220' title='bbox 705 2599 935 2648; x_wconf 78' lang='lat' dir='ltr'>repulerunt.</span> <span class='ocrx_word' id='word_1_221' title='bbox 967 2599 1053 2634; x_wconf 90' lang='lat' dir='ltr'>Uti-</span> 
     </span>
     <span class='ocr_line' id='line_1_46' title="bbox 397 2651 1054 2691; baseline 0.005 -3"><span class='ocrx_word' id='word_1_222' title='bbox 397 2660 457 2688; x_wconf 86' lang='lat' dir='ltr'>tur</span> <span class='ocrx_word' id='word_1_223' title='bbox 478 2651 550 2689; x_wconf 90' lang='lat' dir='ltr'>hoc</span> <span class='ocrx_word' id='word_1_224' title='bbox 566 2654 650 2690; x_wconf 90' lang='lat' dir='ltr'>loco</span> <span class='ocrx_word' id='word_1_225' title='bbox 662 2653 877 2691; x_wconf 78' lang='lat' dir='ltr'>Blomfield.</span> <span class='ocrx_word' id='word_1_226' title='bbox 894 2655 1054 2691; x_wconf 86' lang='lat' dir='ltr'>iuGlos-</span> 
     </span>
    </p>
   </div>
   <div class='ocr_carea' id='block_1_16' title="bbox 395 2708 1056 2762">
    <p class='ocr_par' dir='ltr' id='par_1_16' title="bbox 395 2708 1056 2762">
     <span class='ocr_line' id='line_1_47' title="bbox 395 2708 1056 2762; baseline 0.011 -17"><span class='ocrx_word' id='word_1_227' title='bbox 395 2722 467 2746; x_wconf 79' lang='lat' dir='ltr'>sar.</span> <span class='ocrx_word' id='word_1_228' title='bbox 490 2708 537 2747; x_wconf 86' lang='lat' dir='ltr'>ad</span> <span class='ocrx_word' id='word_1_229' title='bbox 553 2708 730 2762; x_wconf 86' lang='lat' dir='ltr'>Aeschyl.</span> <span class='ocrx_word' id='word_1_230' title='bbox 744 2711 786 2749; x_wconf 88' lang='lat' dir='ltr'>S.</span> <span class='ocrx_word' id='word_1_231' title='bbox 798 2724 832 2748; x_wconf 91' lang='lat' dir='ltr'>c.</span> <span class='ocrx_word' id='word_1_232' title='bbox 846 2709 922 2749; x_wconf 90' lang='lat' dir='ltr'>Th.</span> <span class='ocrx_word' id='word_1_233' title='bbox 936 2713 1056 2759; x_wconf 85' lang='lat'>1078,</span> 
     </span>
    </p>
   </div>
   <div class='ocr_carea' id='block_1_17' title="bbox 429 839 1692 898">
    <p class='ocr_par' dir='ltr' id='par_1_17' title="bbox 429 839 1692 898">
     <span class='ocr_line' id='line_1_48' title="bbox 429 839 1692 898; baseline 0.002 -15"><span class='ocrx_word' id='word_1_234' title='bbox 429 851 528 884; x_wconf 89' lang='grc' dir='ltr'><strong><em>σασι</em></strong></span> <span class='ocrx_word' id='word_1_235' title='bbox 559 841 657 895; x_wconf 80' lang='grc' dir='ltr'><strong><em>περὶ</em></strong></span> <span class='ocrx_word' id='word_1_236' title='bbox 688 840 735 884; x_wconf 81' lang='grc' dir='ltr'><strong><em>τό</em></strong></span> <span class='ocrx_word' id='word_1_237' title='bbox 768 841 868 897; x_wconf 83' lang='grc' dir='ltr'><strong><em>ἱρόν</em></strong></span> <span class='ocrx_word' id='word_1_238' title='bbox 897 840 949 885; x_wconf 76' lang='grc' dir='ltr'><strong><em>τοὶ</em></strong></span> <span class='ocrx_word' id='word_1_239' title='bbox 979 844 1253 898; x_wconf 80' lang='grc' dir='ltr'><strong><em>νομιζόμενα,</em></strong></span> <span class='ocrx_word' id='word_1_240' title='bbox 1284 839 1341 894; x_wconf 74' lang='grc' dir='ltr'>ὦς</span> <span class='ocrx_word' id='word_1_241' title='bbox 1360 842 1402 893; x_wconf 85' lang='grc' dir='ltr'>ἐς</span> <span class='ocrx_word' id='word_1_242' title='bbox 1423 841 1472 885; x_wconf 82' lang='grc' dir='ltr'><strong><em>τό</em></strong></span> <span class='ocrx_word' id='word_1_243' title='bbox 1503 842 1692 898; x_wconf 83' lang='grc' dir='ltr'><strong><em>μέγαρον</em></strong></span> 
     </span>
    </p>
   </div>
   <div class='ocr_carea' id='block_1_18' title="bbox 1091 1039 1755 1488">
    <p class='ocr_par' dir='ltr' id='par_1_18' title="bbox 1091 1039 1755 1488">
     <span class='ocr_line' id='line_1_49' title="bbox 1091 1039 1749 1092; baseline -0.002 -16"><span class='ocrx_word' id='word_1_244' title='bbox 1091 1053 1207 1092; x_wconf 87' lang='lat' dir='ltr'>quem</span> <span class='ocrx_word' id='word_1_245' title='bbox 1237 1040 1366 1076; x_wconf 89' lang='lat' dir='ltr'>locum</span> <span class='ocrx_word' id='word_1_246' title='bbox 1387 1040 1517 1077; x_wconf 87' lang='lat' dir='ltr'>confer</span> <span class='ocrx_word' id='word_1_247' title='bbox 1545 1039 1603 1077; x_wconf 90' lang='lat' dir='ltr'>sis.</span> <span class='ocrx_word' id='word_1_248' title='bbox 1663 1040 1749 1076; x_wconf 91' lang='lat' dir='ltr'>Non</span> 
     </span>
     <span class='ocr_line' id='line_1_50' title="bbox 1092 1093 1751 1147; baseline -0.003 -14"><span class='ocrx_word' id='word_1_249' title='bbox 1092 1098 1199 1134; x_wconf 81' lang='lat' dir='ltr'>aliter</span> <span class='ocrx_word' id='word_1_250' title='bbox 1229 1093 1324 1147; x_wconf 80' lang='grc' dir='ltr'><strong><em>μετὰ</em></strong></span> <span class='ocrx_word' id='word_1_251' title='bbox 1354 1097 1417 1145; x_wconf 88' lang='lat' dir='ltr'>IV,</span> <span class='ocrx_word' id='word_1_252' title='bbox 1440 1095 1493 1137; x_wconf 81' lang='grc'>49</span> <span class='ocrx_word' id='word_1_253' title='bbox 1512 1126 1522 1145; x_wconf 80' lang='lat'>,</span> <span class='ocrx_word' id='word_1_254' title='bbox 1561 1096 1627 1132; x_wconf 91' lang='lat' dir='ltr'>ubi</span> <span class='ocrx_word' id='word_1_255' title='bbox 1648 1095 1751 1132; x_wconf 82' lang='lat' dir='ltr'>conf.</span> 
     </span>
     <span class='ocr_line' id='line_1_51' title="bbox 1093 1148 1754 1204; baseline -0.002 -15"><span class='ocrx_word' id='word_1_256' title='bbox 1093 1155 1217 1190; x_wconf 79' lang='lat' dir='ltr'>allata.</span> <span class='ocrx_word' id='word_1_257' title='bbox 1239 1155 1313 1189; x_wconf 89' lang='lat' dir='ltr'>Pro</span> <span class='ocrx_word' id='word_1_258' title='bbox 1337 1148 1591 1204; x_wconf 68' lang='grc' dir='ltr'><strong><em>ἀνωσάμενοι</em></strong></span> <span class='ocrx_word' id='word_1_259' title='bbox 1602 1154 1651 1190; x_wconf 91' lang='lat' dir='ltr'>H.</span> <span class='ocrx_word' id='word_1_260' title='bbox 1664 1153 1754 1189; x_wconf 87' lang='lat' dir='ltr'>Ste-</span> 
     </span>
     <span class='ocr_line' id='line_1_52' title="bbox 1092 1205 1754 1262; baseline -0.003 -16"><span class='ocrx_word' id='word_1_261' title='bbox 1092 1210 1207 1262; x_wconf 83' lang='lat' dir='ltr'>phau.</span> <span class='ocrx_word' id='word_1_262' title='bbox 1221 1205 1499 1259; x_wconf 74' lang='grc' dir='ltr'><strong><em>ἄπωσοέμενοις</em></strong></span> <span class='ocrx_word' id='word_1_263' title='bbox 1521 1208 1625 1246; x_wconf 82' lang='lat' dir='ltr'>haud</span> <span class='ocrx_word' id='word_1_264' title='bbox 1639 1210 1754 1245; x_wconf 84' lang='lat' dir='ltr'>male.</span> 
     </span>
     <span class='ocr_line' id='line_1_53' title="bbox 1095 1260 1755 1304; baseline 0.005 -2"><span class='ocrx_word' id='word_1_265' title='bbox 1095 1290 1146 1295; x_wconf 85' lang='lat'><em>-</em></span> <span class='ocrx_word' id='word_1_266' title='bbox 1167 1266 1229 1303; x_wconf 83' lang='lat' dir='ltr'>Ad</span> <span class='ocrx_word' id='word_1_267' title='bbox 1259 1273 1489 1302; x_wconf 81' lang='lat' dir='ltr'>structuram</span> <span class='ocrx_word' id='word_1_268' title='bbox 1526 1267 1632 1303; x_wconf 87' lang='lat' dir='ltr'>verbi</span> <span class='ocrx_word' id='word_1_269' title='bbox 1662 1260 1755 1304; x_wconf 79' lang='grc' dir='ltr'><strong><em>οἷνέ-</em></strong></span> 
     </span>
     <span class='ocr_line' id='line_1_54' title="bbox 1095 1322 1755 1374; baseline 0 -16"><span class='ocrx_word' id='word_1_270' title='bbox 1095 1327 1239 1374; x_wconf 78' lang='grc' dir='ltr'><strong><em>χεσθαι</em></strong></span> <span class='ocrx_word' id='word_1_271' title='bbox 1258 1324 1298 1358; x_wconf 87' lang='lat' dir='ltr'>in</span> <span class='ocrx_word' id='word_1_272' title='bbox 1318 1323 1394 1358; x_wconf 84' lang='lat' dir='ltr'>fine</span> <span class='ocrx_word' id='word_1_273' title='bbox 1412 1336 1491 1373; x_wconf 84' lang='lat' dir='ltr'>cap.</span> <span class='ocrx_word' id='word_1_274' title='bbox 1516 1336 1605 1359; x_wconf 90' lang='lat' dir='ltr'>cum</span> <span class='ocrx_word' id='word_1_275' title='bbox 1624 1322 1755 1359; x_wconf 90' lang='lat' dir='ltr'>infini-</span> 
     </span>
     <span class='ocr_line' id='line_1_55' title="bbox 1094 1378 1753 1427; baseline 0 -11"><span class='ocrx_word' id='word_1_276' title='bbox 1094 1382 1187 1427; x_wconf 82' lang='lat' dir='ltr'>tiv0‚</span> <span class='ocrx_word' id='word_1_277' title='bbox 1209 1379 1284 1418; x_wconf 76' lang='lat' dir='ltr'>vId.</span> <span class='ocrx_word' id='word_1_278' title='bbox 1305 1378 1439 1417; x_wconf 80' lang='lat' dir='ltr'>Matth.</span> <span class='ocrx_word' id='word_1_279' title='bbox 1454 1381 1518 1421; x_wconf 83' lang='lat' dir='ltr'>Gr.</span> <span class='ocrx_word' id='word_1_280' title='bbox 1534 1381 1600 1417; x_wconf 87' lang='lat' dir='ltr'>Gr.</span> <span class='ocrx_word' id='word_1_281' title='bbox 1622 1380 1659 1425; x_wconf 66' lang='grc' dir='ltr'>ξ.</span> <span class='ocrx_word' id='word_1_282' title='bbox 1673 1379 1753 1421; x_wconf 81' lang='lat'>553</span> 
     </span>
     <span class='ocr_line' id='line_1_56' title="bbox 1096 1439 1480 1488; baseline -0.003 -14"><span class='ocrx_word' id='word_1_283' title='bbox 1096 1444 1178 1474; x_wconf 82' lang='lat' dir='ltr'>not.</span> <span class='ocrx_word' id='word_1_284' title='bbox 1200 1439 1225 1477; x_wconf 80' lang='grc'>2</span> <span class='ocrx_word' id='word_1_285' title='bbox 1245 1449 1334 1488; x_wconf 80' lang='lat' dir='ltr'>pag.</span> <span class='ocrx_word' id='word_1_286' title='bbox 1360 1439 1480 1478; x_wconf 88' lang='grc'>1086.</span> 
     </span>
    </p>
   </div>
   <div class='ocr_carea' id='block_1_19' title="bbox 1318 1559 1536 1610">
    <p class='ocr_par' dir='ltr' id='par_1_19' title="bbox 1318 1559 1536 1610">
     <span class='ocr_line' id='line_1_57' title="bbox 1318 1559 1536 1610; baseline 0.014 -15"><span class='ocrx_word' id='word_1_287' title='bbox 1318 1559 1409 1610; x_wconf 70' lang='lat' dir='ltr'>cap.</span> <span class='ocrx_word' id='word_1_288' title='bbox 1422 1560 1536 1598; x_wconf 83' lang='lat' dir='ltr'>CXL.</span> 
     </span>
    </p>
   </div>
   <div class='ocr_carea' id='block_1_20' title="bbox 1098 1657 1757 1769">
    <p class='ocr_par' dir='ltr' id='par_1_20' title="bbox 1098 1657 1757 1769">
     <span class='ocr_line' id='line_1_58' title="bbox 1158 1657 1755 1712; baseline 0 -12"><span class='ocrx_word' id='word_1_289' title='bbox 1158 1657 1755 1712; x_wconf 81' lang='grc' dir='ltr'><strong><em>Πὲμψαντες-θεοπρόπους]</em></strong></span> 
     </span>
     <span class='ocr_line' id='line_1_59' title="bbox 1098 1715 1757 1769; baseline 0.003 -14"><span class='ocrx_word' id='word_1_290' title='bbox 1098 1720 1157 1755; x_wconf 86' lang='lat' dir='ltr'>De</span> <span class='ocrx_word' id='word_1_291' title='bbox 1187 1731 1281 1755; x_wconf 85' lang='lat' dir='ltr'>voce</span> <span class='ocrx_word' id='word_1_292' title='bbox 1317 1715 1545 1769; x_wconf 77' lang='grc' dir='ltr'><strong><em>θεοπρόπος</em></strong></span> <span class='ocrx_word' id='word_1_293' title='bbox 1575 1718 1623 1754; x_wconf 86' lang='lat' dir='ltr'>cf.</span> <span class='ocrx_word' id='word_1_294' title='bbox 1652 1719 1681 1765; x_wconf 80' lang='grc' dir='ltr'>Ι,</span> <span class='ocrx_word' id='word_1_295' title='bbox 1704 1719 1757 1757; x_wconf 88' lang='grc'>67</span> 
     </span>
    </p>
   </div>
   <div class='ocr_carea' id='block_1_21' title="bbox 1099 1773 1756 1826">
    <p class='ocr_par' dir='ltr' id='par_1_21' title="bbox 1099 1773 1756 1826">
     <span class='ocr_line' id='line_1_60' title="bbox 1099 1773 1756 1826; baseline 0 -14"><span class='ocrx_word' id='word_1_296' title='bbox 1099 1776 1230 1826; x_wconf 86' lang='lat' dir='ltr'>ibique</span> <span class='ocrx_word' id='word_1_297' title='bbox 1250 1781 1345 1813; x_wconf 83' lang='lat' dir='ltr'>nott.</span> <span class='ocrx_word' id='word_1_298' title='bbox 1359 1774 1440 1823; x_wconf 82' lang='lat' dir='ltr'>Vn,</span> <span class='ocrx_word' id='word_1_299' title='bbox 1455 1773 1547 1814; x_wconf 83' lang='lat'>141.</span> <span class='ocrx_word' id='word_1_300' title='bbox 1560 1773 1653 1814; x_wconf 77' lang='lat'>142.</span> <span class='ocrx_word' id='word_1_301' title='bbox 1668 1774 1756 1814; x_wconf 85' lang='lat'>148.</span> 
     </span>
    </p>
   </div>
   <div class='ocr_carea' id='block_1_22' title="bbox 1029 1828 1760 1882">
    <p class='ocr_par' dir='ltr' id='par_1_22' title="bbox 1029 1828 1760 1882">
     <span class='ocr_line' id='line_1_61' title="bbox 1029 1828 1760 1882; baseline -0.008 -9"><span class='ocrx_word' id='word_1_302' title='bbox 1029 1844 1037 1849; x_wconf 86' lang='grc'><strong><em>·</em></strong></span> <span class='ocrx_word' id='word_1_303' title='bbox 1103 1834 1262 1872; x_wconf 85' lang='grc'><strong>169--</strong></span> <span class='ocrx_word' id='word_1_304' title='bbox 1281 1828 1638 1882; x_wconf 74' lang='grc' dir='ltr'><strong><em>χρηστηριάζεσθαι</em></strong></span> <span class='ocrx_word' id='word_1_305' title='bbox 1656 1828 1760 1866; x_wconf 87' lang='lat' dir='ltr'>idem</span> 
     </span>
    </p>
   </div>
   <div class='ocr_carea' id='block_1_23' title="bbox 1098 1888 1763 2106">
    <p class='ocr_par' dir='ltr' id='par_1_23' title="bbox 1098 1888 1763 2106">
     <span class='ocr_line' id='line_1_62' title="bbox 1098 1888 1762 1940; baseline -0.003 -16"><span class='ocrx_word' id='word_1_306' title='bbox 1098 1889 1179 1925; x_wconf 84' lang='lat' dir='ltr'>fere</span> <span class='ocrx_word' id='word_1_307' title='bbox 1200 1895 1254 1925; x_wconf 88' lang='lat' dir='ltr'>est</span> <span class='ocrx_word' id='word_1_308' title='bbox 1275 1896 1388 1940; x_wconf 83' lang='lat' dir='ltr'>atque</span> <span class='ocrx_word' id='word_1_309' title='bbox 1398 1890 1575 1938; x_wconf 74' lang='grc' dir='ltr'><strong><em>χρῆσθαι</em></strong></span> <span class='ocrx_word' id='word_1_310' title='bbox 1594 1888 1651 1939; x_wconf 73' lang='grc' dir='ltr'><strong><em>τῷ</em></strong></span> <span class='ocrx_word' id='word_1_311' title='bbox 1665 1901 1762 1938; x_wconf 78' lang='grc' dir='ltr'><strong><em>χρη-</em></strong></span> 
     </span>
     <span class='ocr_line' id='line_1_63' title="bbox 1102 1943 1763 1998; baseline -0.006 -15"><span class='ocrx_word' id='word_1_312' title='bbox 1102 1946 1248 1998; x_wconf 75' lang='grc' dir='ltr'><strong><em>στηρίῳ</em></strong></span> <span class='ocrx_word' id='word_1_313' title='bbox 1272 1959 1301 1984; x_wconf 85' lang='lat' dir='ltr'>S.</span> <span class='ocrx_word' id='word_1_314' title='bbox 1323 1947 1378 1997; x_wconf 77' lang='grc' dir='ltr'><strong><em>τῷ</em></strong></span> <span class='ocrx_word' id='word_1_315' title='bbox 1397 1948 1482 1998; x_wconf 79' lang='grc' dir='ltr'>θεῷ</span> <span class='ocrx_word' id='word_1_316' title='bbox 1494 1943 1668 1982; x_wconf 76' lang='lat' dir='ltr'>consulere</span> <span class='ocrx_word' id='word_1_317' title='bbox 1681 1956 1763 1980; x_wconf 85' lang='lat' dir='ltr'>ora-</span> 
     </span>
     <span class='ocr_line' id='line_1_64' title="bbox 1104 1999 1762 2049; baseline -0.005 -11"><span class='ocrx_word' id='word_1_318' title='bbox 1104 2002 1243 2047; x_wconf 79' lang='lat' dir='ltr'>culum,</span> <span class='ocrx_word' id='word_1_319' title='bbox 1264 2003 1464 2049; x_wconf 73' lang='lat' dir='ltr'>sciscitari,</span> <span class='ocrx_word' id='word_1_320' title='bbox 1494 2007 1537 2038; x_wconf 90' lang='lat' dir='ltr'>ut</span> <span class='ocrx_word' id='word_1_321' title='bbox 1555 2002 1584 2048; x_wconf 90' lang='lat'>1,</span> <span class='ocrx_word' id='word_1_322' title='bbox 1606 1999 1673 2042; x_wconf 88' lang='lat'>55.</span> <span class='ocrx_word' id='word_1_323' title='bbox 1695 2001 1762 2040; x_wconf 89' lang='grc'>66.</span> 
     </span>
     <span class='ocr_line' id='line_1_65' title="bbox 1105 2058 1545 2106; baseline -0.009 -8"><span class='ocrx_word' id='word_1_324' title='bbox 1105 2060 1169 2098; x_wconf 87' lang='grc'>91.</span> <span class='ocrx_word' id='word_1_325' title='bbox 1192 2060 1239 2106; x_wconf 82' lang='grc' dir='ltr'>ΙΙ,</span> <span class='ocrx_word' id='word_1_326' title='bbox 1261 2058 1326 2099; x_wconf 92' lang='grc'>50.</span> <span class='ocrx_word' id='word_1_327' title='bbox 1347 2059 1428 2106; x_wconf 85' lang='lat' dir='ltr'>Vll,</span> <span class='ocrx_word' id='word_1_328' title='bbox 1454 2059 1545 2098; x_wconf 89' lang='lat'>178.</span> 
     </span>
    </p>
   </div>
   <div class='ocr_carea' id='block_1_24' title="bbox 1102 2142 1767 2638">
    <p class='ocr_par' dir='ltr' id='par_1_24' title="bbox 1102 2142 1767 2638">
     <span class='ocr_line' id='line_1_66' title="bbox 1160 2142 1764 2197; baseline -0.01 -12"><span class='ocrx_word' id='word_1_329' title='bbox 1160 2143 1207 2185; x_wconf 73' lang='grc' dir='ltr'><strong><em>τεὲ</em></strong></span> <span class='ocrx_word' id='word_1_330' title='bbox 1229 2142 1493 2197; x_wconf 75' lang='grc' dir='ltr'><strong><em>νομιζόμενα]</em></strong></span> <span class='ocrx_word' id='word_1_331' title='bbox 1526 2146 1643 2183; x_wconf 79' lang='lat' dir='ltr'>Sacra</span> <span class='ocrx_word' id='word_1_332' title='bbox 1675 2151 1764 2181; x_wconf 85' lang='lat' dir='ltr'>sunt</span> 
     </span>
     <span class='ocr_line' id='line_1_67' title="bbox 1102 2203 1762 2253; baseline -0.003 -14"><span class='ocrx_word' id='word_1_333' title='bbox 1102 2216 1172 2253; x_wconf 85' lang='lat' dir='ltr'>pro</span> <span class='ocrx_word' id='word_1_334' title='bbox 1203 2216 1309 2239; x_wconf 87' lang='lat' dir='ltr'>more</span> <span class='ocrx_word' id='word_1_335' title='bbox 1338 2204 1530 2245; x_wconf 79' lang='lat' dir='ltr'>instituta,</span> <span class='ocrx_word' id='word_1_336' title='bbox 1565 2203 1762 2248; x_wconf 82' lang='lat' dir='ltr'>solemnia,</span> 
     </span>
     <span class='ocr_line' id='line_1_68' title="bbox 1105 2257 1764 2309; baseline -0.002 -14"><span class='ocrx_word' id='word_1_337' title='bbox 1105 2266 1147 2295; x_wconf 91' lang='lat' dir='ltr'>ut</span> <span class='ocrx_word' id='word_1_338' title='bbox 1183 2260 1212 2306; x_wconf 88' lang='lat' dir='ltr'>I,</span> <span class='ocrx_word' id='word_1_339' title='bbox 1253 2257 1320 2299; x_wconf 77' lang='grc'>49.</span> <span class='ocrx_word' id='word_1_340' title='bbox 1361 2259 1427 2300; x_wconf 84' lang='lat'>35.</span> <span class='ocrx_word' id='word_1_341' title='bbox 1486 2260 1584 2295; x_wconf 88' lang='lat' dir='ltr'>Hinc</span> <span class='ocrx_word' id='word_1_342' title='bbox 1614 2258 1764 2309; x_wconf 64' lang='grc' dir='ltr'>90ῒίεεί-</span> 
     </span>
     <span class='ocr_line' id='line_1_69' title="bbox 1105 2314 1765 2352; baseline -0.002 0"><span class='ocrx_word' id='word_1_343' title='bbox 1105 2328 1214 2352; x_wconf 88' lang='lat' dir='ltr'>mum</span> <span class='ocrx_word' id='word_1_344' title='bbox 1237 2314 1282 2350; x_wconf 89' lang='lat' dir='ltr'>de</span> <span class='ocrx_word' id='word_1_345' title='bbox 1303 2316 1405 2352; x_wconf 89' lang='lat' dir='ltr'>iustis</span> <span class='ocrx_word' id='word_1_346' title='bbox 1434 2322 1673 2352; x_wconf 80' lang='lat' dir='ltr'>mortuorum</span> <span class='ocrx_word' id='word_1_347' title='bbox 1695 2327 1765 2351; x_wconf 87' lang='lat' dir='ltr'>ex-</span> 
     </span>
     <span class='ocr_line' id='line_1_70' title="bbox 1105 2370 1763 2422; baseline -0.002 -14"><span class='ocrx_word' id='word_1_348' title='bbox 1105 2372 1242 2422; x_wconf 79' lang='lat' dir='ltr'>sequiis</span> <span class='ocrx_word' id='word_1_349' title='bbox 1263 2370 1483 2420; x_wconf 77' lang='lat' dir='ltr'>adhibetnr3</span> <span class='ocrx_word' id='word_1_350' title='bbox 1513 2373 1614 2410; x_wconf 86' lang='lat' dir='ltr'>conf.</span> <span class='ocrx_word' id='word_1_351' title='bbox 1636 2371 1763 2421; x_wconf 79' lang='lat' dir='ltr'>Viger.</span> 
     </span>
     <span class='ocr_line' id='line_1_71' title="bbox 1105 2427 1764 2480; baseline 0 -16"><span class='ocrx_word' id='word_1_352' title='bbox 1105 2427 1330 2467; x_wconf 76' lang='lat' dir='ltr'>Idiotismm.</span> <span class='ocrx_word' id='word_1_353' title='bbox 1352 2442 1439 2480; x_wconf 85' lang='lat' dir='ltr'>pag.</span> <span class='ocrx_word' id='word_1_354' title='bbox 1458 2431 1552 2475; x_wconf 82' lang='grc'>268,</span> <span class='ocrx_word' id='word_1_355' title='bbox 1574 2441 1623 2466; x_wconf 88' lang='lat' dir='ltr'>ne</span> <span class='ocrx_word' id='word_1_356' title='bbox 1643 2429 1764 2479; x_wconf 80' lang='lat' dir='ltr'>plura.</span> 
     </span>
     <span class='ocr_line' id='line_1_72' title="bbox 1106 2482 1766 2537; baseline 0 -17"><span class='ocrx_word' id='word_1_357' title='bbox 1106 2486 1163 2520; x_wconf 90' lang='lat' dir='ltr'>De</span> <span class='ocrx_word' id='word_1_358' title='bbox 1184 2498 1279 2522; x_wconf 83' lang='lat' dir='ltr'>voce</span> <span class='ocrx_word' id='word_1_359' title='bbox 1300 2483 1469 2537; x_wconf 79' lang='grc' dir='ltr'><strong><em>μέγαρον</em></strong></span> <span class='ocrx_word' id='word_1_360' title='bbox 1490 2484 1568 2522; x_wconf 87' lang='lat' dir='ltr'>vid.</span> <span class='ocrx_word' id='word_1_361' title='bbox 1593 2485 1703 2522; x_wconf 84' lang='lat' dir='ltr'>allata</span> <span class='ocrx_word' id='word_1_362' title='bbox 1719 2482 1766 2520; x_wconf 83' lang='lat' dir='ltr'>ad</span> 
     </span>
     <span class='ocr_line' id='line_1_73' title="bbox 1107 2539 1767 2588; baseline -0.002 -11"><span class='ocrx_word' id='word_1_363' title='bbox 1107 2542 1137 2588; x_wconf 82' lang='grc' dir='ltr'>Ι,</span> <span class='ocrx_word' id='word_1_364' title='bbox 1178 2539 1245 2581; x_wconf 83' lang='grc'>47.</span> <span class='ocrx_word' id='word_1_365' title='bbox 1302 2541 1454 2579; x_wconf 88' lang='lat' dir='ltr'>Eodem</span> <span class='ocrx_word' id='word_1_366' title='bbox 1482 2555 1594 2579; x_wconf 87' lang='lat' dir='ltr'>sensu</span> <span class='ocrx_word' id='word_1_367' title='bbox 1622 2542 1661 2577; x_wconf 87' lang='lat' dir='ltr'>in</span> <span class='ocrx_word' id='word_1_368' title='bbox 1698 2553 1767 2577; x_wconf 84' lang='lat' dir='ltr'>ex-</span> 
     </span>
     <span class='ocr_line' id='line_1_74' title="bbox 1109 2595 1763 2638; baseline 0.005 -5"><span class='ocrx_word' id='word_1_369' title='bbox 1109 2605 1231 2634; x_wconf 84' lang='lat' dir='ltr'>tremo</span> <span class='ocrx_word' id='word_1_370' title='bbox 1249 2599 1390 2635; x_wconf 84' lang='lat' dir='ltr'>oraculi</span> <span class='ocrx_word' id='word_1_371' title='bbox 1409 2611 1519 2636; x_wconf 84' lang='lat' dir='ltr'>versu</span> <span class='ocrx_word' id='word_1_372' title='bbox 1540 2595 1581 2638; x_wconf 82' lang='grc' dir='ltr'>τό</span> <span class='ocrx_word' id='word_1_373' title='bbox 1599 2596 1763 2638; x_wconf 56' lang='lat' dir='ltr'>&amp;dmum</span> 
     </span>
    </p>
   </div>
   <div class='ocr_carea' id='block_1_25' title="bbox 1113 2653 1763 2758">
    <p class='ocr_par' dir='ltr' id='par_1_25' title="bbox 1113 2653 1763 2758">
     <span class='ocr_line' id='line_1_75' title="bbox 1113 2653 1763 2747; baseline 0.002 -57"><span class='ocrx_word' id='word_1_374' title='bbox 1113 2653 1160 2747; x_wconf 41' lang='lat' dir='ltr'>ze</span> <span class='ocrx_word' id='word_1_375' title='bbox 1181 2667 1257 2706; x_wconf 88' lang='lat' dir='ltr'>quo</span> <span class='ocrx_word' id='word_1_376' title='bbox 1279 2655 1465 2693; x_wconf 83' lang='lat' dir='ltr'>vocabulo</span> <span class='ocrx_word' id='word_1_377' title='bbox 1486 2653 1563 2693; x_wconf 90' lang='lat' dir='ltr'>vid.</span> <span class='ocrx_word' id='word_1_378' title='bbox 1585 2656 1695 2693; x_wconf 82' lang='lat' dir='ltr'>allata</span> <span class='ocrx_word' id='word_1_379' title='bbox 1717 2654 1763 2692; x_wconf 83' lang='lat' dir='ltr'>ad</span> 
     </span>
     <span class='ocr_line' id='line_1_76' title="bbox 1149 2714 1245 2758; baseline -0.042 -5"><span class='ocrx_word' id='word_1_380' title='bbox 1149 2740 1157 2758; x_wconf 89' lang='lat'>‚</span> <span class='ocrx_word' id='word_1_381' title='bbox 1179 2714 1245 2752; x_wconf 81' lang='lat'>72.</span> 
     </span>
    </p>
   </div>
  </div>
 </body>
</html>
