1815 3181
401 205 486 244 204

806 195 1270 234 HERODOTI

400 310 454 355 τὰ
484 311 736 363 περιέσχατα
765 305 1007 360 νεμομένου
1035 309 1116 348 τοῦ
1145 303 1306 356 πυρὸς,
1338 305 1410 347 καὶ
1441 303 1523 347 οὐκ
1553 305 1718 360 ἔχον-55

402 396 475 430 τος
505 379 698 433 ἐξήλυσιν
736 375 781 417 ἐκ
817 377 896 416 τοῦ
935 371 1105 422 ἄστεος,
1146 372 1381 426 συνέρρεον
1420 371 1463 423 ἒς
1500 388 1544 415 τε
1583 373 1663 428 τὴν

405 445 571 501 ἀγορήν
615 444 686 487 καὶ
725 442 792 485 ἐπὶ
832 440 912 484 τόν
959 439 1201 482 Πακτωλὸν
1236 437 1455 493 ποταμόν·
1503 439 1552 491 ὅς
1582 451 1663 495 σφι

402 518 552 569 ψῆγμα
597 514 762 566 χρυσοῦ
801 506 1087 562 καταφορέων
1126 506 1172 548 ἐκ
1208 510 1290 550 τοῦ
1339 505 1544 562 Τμώλου,
1589 507 1661 550 διὰ

401 582 530 639 μέσης
564 583 639 634 τῆς
668 575 833 633 ἀγορῆς
863 576 970 631 ῥέει,
1015 574 1088 618 καὶ
1128 574 1272 617 ἔπειτα
1311 573 1354 626 ἐς
1389 573 1468 618 τόν
1495 572 1663 630 “Ἐρμον

401 774 467 814 καὶ
497 768 572 813 οὔκ
603 771 758 824 ἔχοντος
787 767 997 822 ἐξήλυσιν]

342 835 370 869 i.
398 846 430 868 e.
457 843 564 880 neque
595 830 687 879 (ut)
709 831 841 865 exitum
860 829 1000 864 haberet

345 889 457 926 ullam
480 887 628 937 (ignis)
650 898 692 922 ex
712 885 813 932 urbe,
843 885 908 920 ubi
921 897 1000 920 non

346 958 438 1013 opus
461 943 614 994 ἔχοντος
635 943 803 992 accipere
827 954 896 992 pro
921 956 1000 979 πα-

342 1000 522 1053 ρέχοντος
555 999 609 1048 (i.
638 1012 670 1038 e
703 998 838 1034 millum
868 1000 1000 1034 exitum

336 1059 544 1109 praeberet),
556 1063 597 1092 ut
617 1056 765 1091 monuit
777 1052 895 1091 Sclm
897 1053 998 1104 eigh.

342 1116 381 1150 in
410 1116 504 1150 Lex.
545 1111 726 1148 Herodot.
765 1113 895 1158 citans,
931 1112 997 1160 111,

346 1174 421 1211 117
443 1171 527 1207 coll.
548 1170 628 1215 VII,
653 1171 752 1213 13ος
794 1180 869 1219 quo
890 1174 1000 1204 utro—

341 1241 415 1278 que
427 1228 509 1263 loco
521 1224 698 1276 ἐξήλυσις
711 1223 758 1260 de
767 1224 897 1261 fluvio.
918 1226 998 1261 Nec

339 1285 460 1334 magis
480 1296 572 1333 opus
593 1295 682 1318 cum
701 1282 833 1317 Pawio
855 1289 891 1318 et
902 1283 999 1318 Lar-

340 1339 453 1377 chero
473 1340 631 1377 scribere
653 1353 727 1377 ουκ
747 1336 910 1389 ἔχοντες.

395 1450 457 1491 ἐπὶ
478 1448 548 1490 τόν
569 1446 806 1498 Πακτωλὸν]
831 1452 903 1496 Qui
922 1451 999 1487 flu-

339 1509 420 1546 vius
448 1507 537 1545 inde
569 1506 846 1559 Chrysorrhoas
877 1521 898 1544 a
928 1522 999 1545 ve-

338 1566 476 1602 teribus
496 1565 566 1601 fuit
598 1563 739 1612 dictus,
778 1571 872 1601 teste
903 1566 999 1601 Plu-

339 1621 457 1660 tarch.
484 1623 519 1657 II
548 1635 586 1671 p.
612 1621 732 1662 1151.
759 1622 859 1658 Plin.
880 1623 928 1658 H.
949 1623 997 1662 N,

340 1679 384 1726 V,
414 1681 466 1720 29
489 1679 577 1728 (30)
609 1678 694 1714 coll.
712 1678 888 1717 Strabon.
905 1680 999 1714 XIII

336 1749 375 1785 p.
396 1737 475 1775 928
498 1735 539 1771 C.
561 1748 588 1772 S.
611 1748 649 1784 p.
672 1737 765 1774 626.
803 1737 901 1771 Nam
921 1734 998 1771 hu-

336 1793 393 1827 ius
414 1798 533 1827 aetate
553 1792 657 1827 nulla
677 1792 839 1841 amplius
866 1805 998 1828 secum

337 1847 487 1884 duxisse
522 1848 641 1884 fertur
689 1849 770 1884 auri
809 1856 996 1886 ramenta.

336 1905 494 1956 Reliqua
503 1905 718 1941 testimonia
740 1903 786 1941 de
799 1905 914 1942 fluvio
926 1919 998 1941 au-

336 1962 447 1997 rifero
475 1962 717 2012 multumque
753 1962 799 1997 ab
832 1963 997 2014 antiquis

336 2016 425 2053 hinc
435 2018 620 2054 celebrato
640 2017 896 2068 suppeditabit
909 2020 1000 2056 Cel-

336 2074 404 2110 lar.
425 2075 540 2114 Notit.
562 2075 651 2110 Orb.
671 2076 802 2127 Antiq.
826 2077 889 2123 III,
911 2075 937 2116 4
957 2089 997 2126 p.

337 2132 415 2170 126
425 2143 502 2181 seq.
515 2131 598 2167 coll.
612 2132 781 2168 Plinium
791 2133 996 2183 interprete

335 2187 445 2222 Gallo
476 2186 586 2223 docto
613 2202 651 2238 p.
684 2191 766 2228 362
796 2202 902 2241 seqq.
934 2188 994 2226 ed.

335 2241 583 2279 Panckouck.
665 2245 840 2295 Angusto
888 2246 996 2282 alveo

335 2299 570 2350 minimeque
580 2301 769 2350 profundo
781 2303 994 2350 Pactolum,

336 2356 398 2391 cui
425 2368 527 2392 nunc
548 2369 688 2393 nomen
712 2358 892 2407 Sarabat,
918 2359 995 2395 flu-

334 2424 397 2447 ere
425 2418 607 2448 testantur
636 2416 854 2452 recentioris
889 2422 994 2452 aeta-

334 2468 379 2503 tis
408 2470 716 2518 peregrinatores.
748 2472 805 2508 Cf.
836 2471 994 2509 Chand-

334 2524 390 2559 ler
419 2525 443 2559 l.
474 2525 499 2563 l.
532 2537 618 2574 pag.
650 2527 744 2568 359.
783 2528 994 2566 Plokesch.

333 2580 613 2631 Erinnerungg.
635 2595 700 2619 aus
721 2585 828 2636 Aeg)
833 2592 885 2635 pt.
915 2585 995 2622 und

332 2611 756 2688 Kleinas.111⁰p.158
780 2641 871 2682 143
903 2645 996 2683 161,

389 2693 511 2729 Verba
522 2707 627 2745 seqq.
651 2690 695 2740 ὅς
712 2707 784 2746 σφι
802 2700 944 2748 ψῆγμα
958 2713 995 2737 κ.

333 2764 363 2785 τ.
385 2751 418 2786 λ.
456 2750 544 2786 citat
565 2750 736 2789 Eustatb.
767 2751 815 2789 acl
835 2755 993 2806 Dionys.

1113 770 1155 811 ἐκ
1168 773 1240 810 τοῦ
1256 767 1441 823 Τμώλου]
1458 771 1604 808 Dicitur
1615 770 1719 822 apud

1058 829 1222 865 Graecos
1243 827 1267 867 ὁ
1292 830 1463 878 Τμῶλος,
1489 835 1533 864 ut
1552 828 1603 872 V,
1627 829 1719 875 100,

1062 884 1227 929 Τιηοίαες
1248 884 1349 921 unde
1368 885 1436 921 ins.
1455 883 1611 921 exhibui
1622 881 1720 934 πρὸς

1056 937 1102 980 τὸ
1133 936 1253 992 οὖρος
1273 939 1338 981 τὸν
1373 943 1538 992 Τμῶλον
1568 941 1720 991 optimis

1058 999 1270 1050 quibusque
1310 999 1413 1035 libris
1445 996 1718 1034 addicentibus.

1057 1056 1130 1100 Qui
1159 1068 1272 1091 mons
1305 1069 1325 1091 e
1347 1056 1478 1091 Tauro
1507 1067 1661 1091 exorsus
1683 1060 1721 1091 et

1054 1125 1123 1162 per
1148 1111 1319 1148 mediam
1356 1110 1527 1162 Lydiam,
1556 1123 1720 1162 eamque

1053 1170 1274 1205 interiorem
1282 1175 1476 1219 porrectus
1495 1181 1614 1218 prope
1627 1168 1721 1204 Sar-

1056 1225 1134 1273 des,
1152 1238 1315 1278 quarum
1338 1238 1407 1261 arx
1427 1226 1468 1260 in
1488 1237 1565 1261 una
1587 1224 1720 1261 Tmoli

1054 1296 1149 1333 rupe
1171 1281 1402 1329 considebat,
1428 1280 1642 1325 desinebat,
1663 1281 1721 1317 al-

1054 1345 1115 1376 tus
1134 1339 1198 1375 ille
1212 1338 1384 1390 quidem,
1396 1337 1462 1375 sed
1473 1337 1578 1374 idem
1590 1337 1721 1374 omni-

1055 1409 1123 1432 um
1143 1409 1284 1443 rerum,
1306 1396 1385 1432 vini
1405 1395 1639 1446 praesertim,
1659 1394 1721 1430 fe-

1055 1453 1280 1489 racissimus.
1339 1453 1405 1488 Tu
1431 1450 1508 1488 vid.
1529 1452 1720 1487 Mannert.

1055 1510 1196 1559 Geogr.
1208 1509 1272 1557 VI,
1286 1511 1310 1548 3
1323 1522 1360 1559 p.
1375 1510 1470 1548 362-
1489 1508 1720 1544 Maltebrun.

1053 1567 1094 1602 in
1114 1567 1267 1604 Annall.
1291 1564 1357 1602 des
1378 1565 1553 1616 Voyages
1571 1563 1720 1614 (1809)

1053 1624 1108 1658 III
1141 1636 1230 1673 pag.
1262 1623 1359 1662 258.
1392 1620 1602 1659 Prokesch.
1635 1621 1661 1658 l.
1691 1621 1720 1658 l.

1053 1692 1143 1730 pag.
1168 1682 1244 1720 131
1268 1691 1376 1730 seqq.
1405 1679 1517 1714 Nunc
1537 1691 1628 1714 eum
1647 1690 1720 1714 vo-

1054 1737 1131 1773 cari
1148 1735 1337 1783 Buz-Dag
1357 1748 1386 1771 s.
1410 1734 1610 1783 Tomolitzi,
1640 1735 1719 1770 iam

1054 1792 1103 1829 ad
1123 1794 1153 1839 I,
1171 1795 1224 1832 93
1244 1791 1510 1828 indicavimus.

1111 1845 1177 1887 διοέ
1200 1847 1321 1898 μέσης
1341 1850 1413 1899 τῆς
1440 1843 1589 1899 ἀγορῆς
1617 1844 1717 1898 ῥέει]

1056 1905 1165 1942 Conf.
1182 1903 1317 1942 Matth.
1331 1906 1396 1941 Gr.
1418 1905 1484 1941 Gr.
1474 1916 1582 1955 .pag.
1598 1901 1719 1943 1314.

1054 1962 1289 2012 Wesseling.
1317 1961 1427 1998 affert
1458 1963 1573 1997 Dion.
1594 1957 1721 2011 Chry-

1056 2026 1144 2057 sost.
1177 2019 1280 2055 Orat.
1313 2021 1366 2059 83
1399 2032 1437 2069 p.
1461 2018 1542 2059 659
1563 2017 1625 2064 A.,
1655 2016 1721 2083 qui

1056 2076 1260 2113 Pactolum
1280 2076 1407 2112 scribit
1429 2071 1494 2113 δια
1517 2071 1648 2125 μέσων
1673 2068 1723 2111 α’-

1053 2146 1329 2183 φικνουμενον
1367 2126 1559 2183 Σαρδεων
1586 2128 1722 2179 ἕτοιμα

1051 2203 1231 2241 χρηματα
1249 2187 1434 2237 κομίζειν.
1465 2207 1522 2214 —
1556 2185 1720 2222 DeHer-

1051 2259 1104 2283 mo
1132 2243 1209 2282 vid.
1238 2251 1334 2281 nott.
1365 2242 1413 2280 ad
1436 2244 1466 2290 I,
1489 2241 1556 2284 55.
1613 2240 1718 2279 Add.

1053 2300 1255 2339 Chandler.
1285 2301 1309 2337 l.
1340 2300 1365 2336 l.
1396 2312 1480 2350 cap.
1501 2299 1598 2334 XXI
1626 2311 1716 2349 pag.

1055 2361 1133 2399 105
1146 2370 1266 2409 seqq.,
1288 2357 1630 2408 quifluviicursum
1650 2368 1717 2392 ac-

1052 2422 1180 2452 curate
1200 2415 1438 2465 persequitur
1459 2419 1495 2449 et
1505 2409 1716 2449 Prokesch.

1049 2473 1076 2509 l.
1096 2472 1122 2509 l.
1140 2483 1229 2522 pag.
1262 2473 1337 2510 161
1371 2482 1450 2521 seq.
1507 2467 1571 2505 Ad
1598 2468 1716 2505 verba

1052 2526 1076 2568 ὁ
1097 2525 1139 2565 δὲ
1161 2527 1200 2573 ἐς
1220 2522 1432 2565 θάλασσαν
1462 2525 1564 2564 conf.
1586 2525 1713 2563 Strab.

1052 2585 1145 2622 XIII
1175 2595 1262 2634 pag.
1282 2586 1364 2624 626
1384 2584 1432 2619 A.
1453 2595 1482 2619 s.
1503 2595 1542 2633 p.
1563 2582 1656 2622 928.
1670 2581 1714 2618 C.

1055 2662 1106 2669 —-
1118 2642 1163 2676 Iu
1174 2652 1282 2691 seqq.
1297 2640 1413 2677 verba
1425 2641 1503 2677 τῶν
1514 2637 1715 2687 πολεμίων

1052 2697 1158 2734 uncis
1168 2697 1317 2733 inclusit
1325 2694 1460 2733 Matth.
1472 2701 1515 2731 ut
1529 2700 1716 2745 suspecta.

1051 2752 1146 2790 Mihi
1166 2766 1244 2790 non
1275 2754 1371 2791 iusta
1403 2757 1559 2803 apparet
1591 2750 1716 2801 suspi-

1052 2811 1172 2848 cionis
1194 2822 1318 2847 causa.
1343 2833 1392 2839 —
1452 2810 1494 2844 In
1525 2808 1600 2844 fine.
1631 2819 1712 2857 cap.
