1815 3181
415 232 498 272 292
807 221 1273 261 HERODOTI

419 355 480 395 μα
510 334 620 381 εἶναι
648 333 861 390 Ἀργείην·
897 332 1120 388 θυγατέρα
1151 331 1197 375 δὲ
1237 327 1375 385 αὐτὴν
1415 328 1590 383 λέγουσι
1619 326 1675 373 εἷ-

419 423 495 450 ναι
525 403 819 454 Αὐτεσίωνος,
849 403 931 442 τοῦ
964 400 1227 454 Τισαμενοῦ,
1267 400 1346 440 τοῦ
1380 395 1732 449 Θερσάνδρου,80

420 475 499 516 τοῦ
530 471 838 519 Πολυνείκεος·
868 465 1031 522 ταύτην
1055 467 1100 509 δὲ
1129 469 1268 509 τεκεῖν
1299 466 1477 519 δίδυμα·
1508 460 1677 506 ἐπιδόν-

390 547 474 582 3τα
503 538 550 581 δὲ
579 535 657 580 τὸν
682 535 992 591 Ἀριστόδημον
1019 533 1072 576 τοὶ
1100 534 1250 582 τέκνα,
1279 530 1427 589 νούσῳ
1461 532 1676 572 τελευτᾶν.

418 594 793 648 Λακεδαιμονίους
831 592 898 644 δὲ,
948 590 1052 641 τούς
1091 588 1185 633 τότε
1225 588 1396 639 ἐόντας,
1443 590 1678 641 βουλεῦσαι

418 661 527 707 κατα
568 659 707 714 νόμον
743 659 923 717 βασιλέα
962 662 1050 701 τῶν
1078 658 1247 700 παίδων
1276 654 1353 699 τὸν
1382 653 1677 708 πρεσβύτερον

419 726 702 784 ποιήσασθαι.
751 726 896 770 οὔκων
925 724 978 780 δή
1009 735 1143 779 σφεας
1173 723 1282 780 ἔχειν
1312 721 1517 776 ὁκότερον
1546 720 1678 764 ἕλων-

419 798 512 847 ται,
545 793 650 838 ὥστε
679 793 752 837 καὶ
781 794 947 849 ὁμοίων
967 792 1039 836 καὶ
1068 793 1176 834 ’ίσων
1205 791 1390 835 ἐόντων·
1423 788 1476 833 οὐ
1497 788 1676 844 δυναμέ-
1689 793 1734 830 85

420 879 528 913 νους
557 861 603 905 δὲ
632 865 817 916 γνῶναι,
848 859 878 917 ἢ
904 860 977 904 καὶ
1005 860 1089 914 πρὸ
1121 857 1302 912 τούτου,
1334 858 1569 912 ἐπειρωτᾶν
1599 855 1679 912 τήν

392 933 651 974 4τεκοῦσαν.
700 929 780 984 τὴν
820 928 865 972 δὲ
902 927 1033 980 ,,ου’δὲ
1075 926 1234 982 αὐτὴν,
1272 922 1431 978 φάναι,
1480 921 1679 978 διαγινώ-Β

420 1002 625 1052 ,,σκειν·“
680 998 848 1040 εἰδυῖαν
884 996 964 1051 μὲν
998 995 1071 1039 καὶ
1108 992 1158 1038 τό
1199 991 1335 1046 κάρτα
1363 992 1500 1046 λέγειν
1528 993 1680 1042 ταῦτα,

422 1065 694 1124 βουλομένην
725 1064 770 1108 δὲ
800 1066 839 1107 εἴ
866 1080 951 1114 κως
979 1061 1220 1117 ἀμφότεροι
1249 1061 1446 1116 γενοίατο
1476 1059 1680 1114 βασιλέες.

425 1134 542 1186 Τοὺς
572 1129 632 1177 ὦν
664 1131 715 1187 δὴ
746 1131 1119 1185 Λακεδαιμονίους
1149 1128 1373 1182 ἀπορέειν·
1415 1125 1739 1180 ἀπορέοντας90

424 1204 496 1256 δὲ,
525 1202 705 1257 πέμπειν
733 1199 776 1251 ἐς
804 1197 1030 1265 Δελφους,
1071 1195 1432 1252 ἐπειρησομένους
1461 1192 1487 1237 ὅ
1515 1209 1557 1236 τι
1574 1184 1697 1249 wi:

87 364 153 419 ἓιιο
172 353 310 391 geminis,

119 390 280 424 ary-sthene
300 389 332 414 et

89 424 198 451 Procle
209 444 217 458 ‚
237 422 363 449 duarum

88 457 273 484 familiarum
292 458 345 481 re>

112 491 208 518 iarum
231 488 362 518 auctori-

110 532 152 552 us.

422 1359 626 1416 Ἀργείην]
648 1357 753 1399 Haec
772 1361 924 1412 Argeia,
943 1373 1025 1398 ma-

367 1427 426 1459 ter
445 1419 691 1472 Eurysthenis
720 1431 762 1455 ac
783 1419 932 1466 Procli,
962 1431 1026 1455 so-

369 1491 434 1515 ror
453 1477 525 1513 fuit
544 1475 697 1513 Therae
710 1504 719 1522 ‚
750 1477 815 1526 qui
834 1482 936 1512 tutor
955 1475 1027 1512 fuit

367 1533 480 1572 huius
501 1533 696 1584 utriusque
711 1531 792 1569 filii.
848 1530 936 1570 Vid.
960 1532 1024 1580 IV,

372 1589 452 1631 147
480 1590 609 1641 ibique
628 1595 726 1626 nott.

426 1645 770 1696 Λακεδαιμονίους
782 1640 824 1683 δὲ
844 1640 936 1690 τούς
947 1640 1029 1683 τότε

371 1699 538 1751 ἐόντας]
580 1702 759 1738 Consulto
787 1702 922 1737 Noster
959 1700 1029 1737 ad-

374 1758 511 1796 didisse
530 1757 679 1796 videtur
697 1757 812 1794 verba
831 1754 923 1803 τούς
941 1753 1030 1796 τότε

372 1812 518 1863 ἐόντας,
539 1814 770 1852 indicaturus
788 1812 958 1850 Lacones
972 1815 1032 1851 vi-

373 1885 435 1909 ros
463 1873 566 1918 illos,
605 1872 778 1908 Herculis
807 1871 920 1921 stirpe
939 1883 1033 1921 pro-

374 1935 509 1978 gnatos
542 1929 620 1965 sive
660 1928 885 1978 Spartanos,
943 1939 1033 1963 cum

375 1986 575 2021 Laconum
601 1997 747 2021 nomen
779 1985 895 2033 vulgo
921 1985 1033 2020 latius

376 2048 504 2092 pateat
534 2054 765 2092 omnesque,
808 2042 874 2091 qui
906 2041 1033 2090 regio-

378 2110 470 2133 nem
489 2098 719 2133 Laconicam
733 2098 913 2144 incolant,
925 2109 1035 2133 com-

378 2152 603 2204 prehendat.
634 2175 684 2180 —
726 2154 821 2189 Mox
853 2152 942 2190 dedi
961 2153 1035 2203 βα-

382 2207 490 2248 σιλέα
505 2238 514 2256 ,
536 2207 733 2260 βασιλέες,
764 2208 946 2259 βασιλέας
966 2221 1034 2259 pro

383 2265 577 2317 βασιλῆα,
625 2266 811 2316 βασιλῆες
853 2272 890 2301 et
923 2266 1038 2316 βασι-

381 2323 495 2372 λῆας.

441 2375 636 2428 ὁμοίων
673 2375 759 2415 καὶ
797 2375 926 2415 ἴσων
950 2371 1040 2415 ἐόν-

385 2435 490 2482 των]
522 2435 736 2486 Utrumque
771 2434 895 2483 iungit
928 2433 1042 2469 simili

389 2490 506 2527 modo
527 2491 674 2526 Aelian.
695 2491 742 2526 N.
763 2491 811 2526 A.
831 2490 896 2536 111,
921 2492 940 2529 1
963 2490 1041 2525 sre-

389 2548 566 2599 quentius
586 2545 833 2596 Thucydides
848 2575 857 2593 ,
888 2544 934 2582 de
965 2557 1040 2596 quo

388 2602 465 2641 vid.
484 2605 654 2654 Lennep.
676 2602 724 2638 ad
743 2601 1042 2652 1³11alar1d.Epp.

389 2672 480 2710 pag·
501 2659 596 2701 294.
651 2659 800 2695 Monuit
830 2659 973 2695 Iacobs.
995 2657 1043 2694 ad

387 2718 538 2753 Aelian.
560 2717 587 2753 1.
605 2715 632 2752 l.

444 2772 473 2826 ἢ
497 2773 564 2814 καὶ
582 2769 660 2822 πρό
683 2769 850 2823 τούτου]
880 2773 1044 2823 Perspe-

390 2832 446 2870 xit
474 2828 826 2882 Schweighaeuser.
852 2830 927 2869 loci
954 2842 1045 2869 sen-

1079 1357 1260 1396 tentiam:
1289 1356 1367 1395 Eos
1395 1357 1503 1402 enim,
1535 1354 1586 1391 ait
1613 1354 1740 1391 Hero-

1083 1415 1213 1463 dotus,
1246 1427 1321 1453 cum
1346 1414 1407 1450 lwc
1447 1413 1647 1461 dignoscere
1673 1422 1740 1446 non

1079 1475 1241 1523 possent,
1287 1470 1341 1507 vel
1385 1473 1471 1507 tum
1501 1468 1556 1505 vel
1593 1469 1742 1504 etiam

1085 1532 1230 1566 antea
1273 1528 1413 1579 (quum
1440 1525 1520 1563 soll.
1557 1523 1737 1575 puerulos

1083 1586 1333 1636 inspexissent
1363 1595 1434 1619 nec
1469 1594 1533 1618 eos
1561 1579 1742 1629 distingui

1085 1655 1193 1692 posse
1208 1640 1498 1687 intellexissent)
1509 1641 1742 1685 interrogasse

1085 1702 1241 1735 mairem.
1283 1697 1382 1733 Cum
1400 1694 1537 1731 eodem
1557 1691 1741 1742 Schwgh.

1087 1762 1124 1791 et
1144 1753 1260 1790 Gaisf.
1280 1754 1465 1790 maiorem
1485 1752 1594 1802 posui
1608 1749 1743 1786 distin-

1088 1812 1256 1848 ctionem
1312 1815 1397 1860 post
1452 1803 1741 1858 διαγινώσκειν,

1089 1880 1186 1920 quae
1205 1872 1415 1917 sequuntur
1432 1865 1548 1902 verba
1565 1875 1655 1900 cum
1676 1874 1746 1898 eo-

1089 1927 1180 1961 dem
1200 1921 1417 1972 Schweigh.
1440 1928 1476 1957 et
1490 1919 1679 1957 Larchero
1691 1919 1745 1954 sic

1088 1982 1358 2030 interpretans:
1387 1978 1497 2026 „haec
1517 1989 1597 2014 vero
1621 1974 1746 2025 (ταῦ-

1089 2038 1165 2087 τα)
1195 2049 1269 2073 eam
1289 2036 1445 2081 dixisse,
1473 2036 1636 2070 scientem
1665 2029 1746 2082 que·-

1090 2093 1170 2131 dem
1190 2105 1292 2143 quam
1310 2093 1458 2129 maxime
1482 2087 1554 2138 (τό
1581 2084 1705 2139 κάρτα
1717 2092 1766 2136 )„
1813 2086 1815 2100 '

1091 2148 1184 2202 quid
1192 2151 1246 2185 rei
1266 2154 1371 2194 esset,
1385 2148 1540 2198 quinam
1559 2145 1638 2183 scil.
1658 2155 1747 2179 ma-

1091 2208 1150 2242 ior
1170 2212 1264 2241 esset
1282 2211 1386 2250 natu,
1407 2203 1467 2239 sed
1482 2203 1680 2251 cupientem,
1703 2202 1746 2236 ut

1093 2266 1235 2310 uterque
1245 2262 1348 2311 fieret
1361 2271 1430 2295 rex.
1460 2258 1625 2305 Addam,
1647 2268 1746 2308 quae

1096 2317 1144 2354 de
1162 2316 1201 2353 h.
1220 2318 1246 2353 l.
1267 2315 1460 2366 adscripsit
1478 2316 1527 2351 A.
1537 2312 1718 2351 Matthiae
1730 2323 1744 2349 τ

1094 2376 1235 2422 „Recte
1246 2370 1462 2422 Schweigh.
1482 2377 1615 2408 monet
1631 2370 1748 2407 verba

1094 2430 1220 2481 λέγειν
1256 2432 1378 2467 ταῦτα
1406 2441 1486 2464 non
1524 2425 1689 2478 pendere
1723 2438 1746 2462 e

1095 2487 1210 2523 verbo
1231 2485 1383 2525 εἰδυῖαν
1400 2486 1652 2537 (quamquam
1668 2483 1748 2519 novi

1097 2544 1158 2580 hoc
1176 2543 1288 2580 dicere
1317 2541 1357 2578 id
1378 2549 1431 2579 est
1445 2553 1582 2591 possum
1595 2569 1605 2588 ‚
1644 2545 1747 2576 recte

1099 2599 1283 2637 diceretur
1293 2594 1382 2638 οἶδα
1393 2600 1509 2637 τοῦτο
1520 2596 1657 2648 λέγειν,
1666 2607 1747 2632 non

1097 2654 1260 2708 λέγων),
1288 2654 1354 2692 sed
1374 2655 1502 2691 referri
1521 2653 1568 2691 ad
1588 2664 1747 2704 praece-

1100 2712 1191 2750 dens
1204 2709 1342 2761 φάναι,
1352 2718 1392 2748 ut
1412 2709 1625 2747 Herodotus
1633 2720 1745 2759 saepe

1098 2771 1255 2820 repetit,
1321 2781 1419 2820 quae
1458 2770 1748 2818 praecesserant.

1099 2827 1218 2879 Seqq.
1247 2821 1495 2878 βουλομένην
1525 2822 1569 2864 δὲ
1596 2822 1635 2863 εἴ
1666 2833 1747 2867 κως
