1851 3181
133 364 315 424 ⁸¹1⁹?0J111t-h,
336 364 411 424 Ἶρςῑ

132 399 277 471 glthglsmisn
293 406 410 459 lliem‘iio

129 466 393 539 ἕεεὲξθῗεξεὲἰ-

131 542 236 561 carum
247 534 406 561 mulierum

132 567 240 594 infesti
253 567 405 607 fideren-

130 604 190 635 tur,
204 604 235 628 et
252 609 334 636 ipsas
343 609 406 628 ma-

130 638 196 663 tres
222 638 341 663 necant.

465 252 550 292 420

866 251 1336 290 HERODOTI

469 358 750 415 στησάμενοι,
782 357 993 416 ἐλόχησαν
1012 358 1226 417 Ἀρτέμιδι
1252 361 1299 405 ἐν
1329 364 1568 418 Βραυρῶνι
1603 360 1733 418 ἀγού-

468 441 546 478 σας
586 424 719 481 ὁρτὴν
756 426 834 477 τὰς
879 432 967 470 τῶν
1005 427 1251 484 Ἀθηναίων
1290 436 1514 486 γυναῖκας.

439 503 545 537 Ξτεν
575 493 621 536 δὲ
652 491 924 547 ἁρπάσαντες
962 495 1153 539 τουτέων
1189 496 1377 548 πολλὰς,
1424 499 1597 552 οἴχοντο
1629 496 1733 542 ἀπο-

463 561 687 611 πλέοντες·
719 562 795 604 καί
826 573 962 617 σφεας
992 563 1035 614 ἐς
1066 567 1249 620 Λῆμνον
1277 564 1531 620 ἀγαγόντες,
1573 570 1790 609 παλλα-ὅο

437 628 552 680 Βκὰς
585 626 714 684 εἶχον.
769 627 846 679 Ὡς
877 631 923 673 δὲ
951 631 1117 674 τέκνων
1147 627 1278 675 αὗται
1311 634 1355 674 αἱ
1397 636 1598 688 γυναῖκες
1629 632 1733 677 ὑπε-

1581 430 1733 474 ἐνθεῦ-

465 695 745 753 πλήσθησαν,
795 697 999 753 γλῶσσαν
1030 715 1074 742 τε
1106 699 1186 755 τὴν
1216 698 1412 754 Ἀττικήν
1441 700 1514 742 καὶ
1543 699 1734 753 τρόπους

437 767 560 807 4τῶν
585 762 831 820 Ἀθηναίων
861 766 1095 811 ἐδίδασκον
1125 767 1229 817 τούς
1257 768 1430 816 παῖδας.
1477 767 1520 809 οἱ
1556 766 1604 809 δὲ
1634 765 1734 812 οὔτε

463 833 782 888 συμμίσγεσθαι
818 838 932 876 τοῖσι
982 835 1029 878 ἐκ
1064 838 1153 878 τῶν
1190 835 1472 890 Πελασγίδων
1509 838 1734 888 γυναικῶν

461 900 586 943 παισὶ
623 899 806 955 ἤθελον,
847 903 887 944 εἴ
921 918 966 945 τε
1003 900 1207 947 τύπτοιτό
1238 918 1302 952 τις
1332 899 1481 944 αὐτῶν
1508 898 1587 944 ὑπ’
1625 901 1733 944 ἐκεί-

461 984 553 1011 νων
582 967 722 1020 τινὸς,
769 968 983 1025 ἐβοήθεόν
1017 986 1061 1014 τε
1101 968 1259 1020 πάντες
1295 969 1369 1012 καὶ
1399 968 1632 1024 ἐτιμώρεον
1663 968 1732 1013 ἅλ-

462 1035 653 1092 λήλοισι·
692 1037 767 1080 καὶ
797 1036 851 1095 δὴ
881 1038 954 1081 καὶ
984 1036 1133 1093 ἄρχειν
1169 1053 1213 1080 τε
1242 1041 1331 1080 τῶν
1360 1038 1529 1080 παίδων
1567 1038 1611 1079 οἱ
1637 1042 1731 1080 παῐ-
1746 1043 1789 1078 55

463 1106 534 1154 δες
572 1104 810 1155 ἐδικαίευν,
852 1105 925 1149 καὶ
967 1104 1132 1149 πολλὸν
1168 1103 1437 1160 ἐπεκράτεον.

1499 1102 1734 1156 Μαθόντες

434 1174 516 1215 ὅδὲ
544 1176 682 1216 ταῦτα
712 1174 755 1216 οἱ
787 1173 1024 1229 Πελασγοὶ,
1068 1172 1270 1216 ἑωυτοῖσι
1309 1169 1468 1228 λόγους
1507 1172 1730 1216 ἐδίδοσαν·

406 1347 482 1372 cum
504 1348 609 1372 naves
625 1335 696 1372 sibi
699 1341 901 1385 parassent,
914 1337 1068 1374 insidias

404 1395 624 1431 struxerunt.
671 1392 864 1430 Larchero
885 1400 1068 1430 neutrum

404 1450 542 1499 placet.
608 1449 665 1484 Ita
696 1451 799 1485 enim
839 1451 1068 1501 interpreta-

405 1513 467 1542 tur
491 1518 534 1542 ac
555 1505 586 1541 si
606 1506 645 1540 in
666 1512 774 1542 textu
795 1514 914 1543 esset:
946 1522 1068 1546 κατα-

404 1557 720 1613 σκευασάμενοιτ
772 1563 822 1600 ils
869 1565 1068 1614 equiperent

404 1619 464 1656 des
482 1620 684 1655 vaisseaux.
742 1621 822 1656 Nec
854 1622 962 1657 aliter
988 1622 1069 1657 La-

402 1676 504 1712 tinus
524 1676 728 1725 interpres:
785 1674 949 1714 Navibus
967 1679 1069 1727 quin-

405 1734 582 1782 quaginta
606 1734 989 1780 remorum-instructis.
1010 1755 1068 1761 —-

403 1787 466 1825 Ad
508 1790 631 1839 ipsam
670 1791 929 1826 narrationem
964 1791 1068 1827 conf.

402 1844 468 1893 IV,
492 1844 570 1885 145
600 1846 730 1897 ibique
761 1853 856 1884 nott.
887 1854 924 1884 et
951 1848 1069 1884 Arse-

403 1903 459 1938 nii
477 1901 612 1941 Violet.
635 1914 722 1952 pag.
745 1901 826 1942 335
856 1902 916 1942 ed.
935 1905 1067 1942 Walz.

405 1959 491 1995 coll.
521 1958 667 1995 Villois.
709 1957 840 1996 Schol.
873 1959 922 1997 ad
953 1961 999 1997 11.
1037 1963 1068 2008 1,

404 2014 500 2055 594.
533 2037 583 2042 -—
637 2013 700 2052 Ad
728 2028 840 2053 voces
877 2014 948 2063 τὰς
988 2020 1069 2056 τῶν

402 2066 642 2120 Ἀθηναίων
679 2076 875 2124 γυναῖκας
913 2080 1071 2110 annotat

403 2126 583 2164 Larcher.
612 2126 865 2166 Athenienses
878 2159 887 2177 ,
918 2131 984 2181 qui
998 2143 1070 2167 vo-

406 2184 592 2220 cabantur
610 2179 846 2235 Ἀθηναῖοι,
868 2199 1070 2238 nunquam

405 2240 583 2277 foeminis
605 2239 751 2278 dedisse
771 2254 916 2278 nomen
935 2238 1068 2293 Ἀθη-

404 2300 517 2335 ναῖαι
530 2326 539 2344 ‚
562 2297 610 2333 ob
630 2298 844 2334 Minervam
857 2299 952 2346 scil„
968 2312 1067 2350 quae

405 2360 540 2389 vocata
553 2353 667 2389 fuerit
676 2349 894 2403 Ἀθηναία,
905 2354 971 2391 sed
982 2356 1068 2406 ple-

407 2422 571 2460 rumque
591 2410 632 2445 in
652 2409 864 2447 indicandis
893 2413 1068 2448 mulieri-

406 2466 476 2503 bus
487 2466 553 2502 tali
572 2465 781 2516 periphrasi
802 2480 880 2503 esse
900 2481 986 2505 usos
1003 2475 1067 2505 aut

407 2535 502 2559 voce
523 2517 660 2569 ἀσταὶ,
693 2535 714 2559 a
734 2535 827 2559 voce
850 2518 969 2571 οἷστῦ,
992 2515 1067 2576 quei

409 2579 601 2629 sigillatim
639 2577 881 2615 Athenarum
930 2582 1067 2618 urbem

408 2635 595 2686 designari
609 2637 806 2672 neminem
818 2636 927 2685 fugit.
957 2637 1067 2674 Idem

407 2691 455 2728 de
484 2691 541 2729 his
571 2693 710 2729 excitat
738 2691 912 2729 Eustath.
944 2693 991 2730 ad
1022 2696 1065 2731 Il.

407 2750 424 2784 1
444 2761 532 2798 pag.
554 2748 620 2797 84,
645 2751 715 2796 123
747 2748 795 2786 de
814 2749 930 2797 festo,
962 2750 1067 2802 quod

407 2805 572 2855 virgines
618 2806 766 2842 Atticae
813 2806 1066 2855 celebrabant,

409 2862 470 2900 cui
494 2874 638 2899 nomen
656 2858 908 2914 Βραυρῶνια,
932 2865 1066 2916 quinto

1126 1347 1281 1387 quoque
1308 1347 1409 1370 anno
1440 1334 1623 1371 celebrari
1665 1335 1787 1383 solita,

1125 1392 1269 1430 confer.
1291 1389 1459 1442 Hesych.
1480 1404 1510 1428 s.
1541 1404 1578 1430 v,
1598 1393 1749 1444 Βραυρ.
1771 1392 1790 1427 Ι

1124 1463 1163 1499 p.
1186 1451 1281 1489 761.
1301 1449 1450 1485 Polluc.
1479 1448 1551 1487 On.
1571 1448 1672 1496 VIII,
1703 1450 1727 1487 9
1751 1449 1787 1494 §-

1129 1507 1221 1552 107,
1244 1506 1331 1542 alla.
1358 1505 1416 1541 Ac
1437 1517 1560 1555 nuper
1579 1506 1621 1542 in
1631 1517 1789 1541 omnem

1124 1560 1224 1598 hanc
1274 1562 1320 1598 ab
1366 1561 1562 1598 Herodoto
1610 1560 1788 1598 traditam

1123 1619 1384 1655 narrationem
1398 1619 1593 1670 inquisivit
1610 1618 1788 1655 Broend-

1124 1674 1222 1711 sted.
1248 1676 1386 1711 Reisen
1396 1688 1435 1711 u.
1447 1674 1786 1725 Untersuchungg.

1122 1732 1164 1767 in
1195 1730 1413 1767 Griechenl.
1439 1733 1475 1767 Π
1494 1744 1583 1782 pag.
1603 1734 1686 1772 267
1707 1745 1786 1783 seq.

1123 1789 1268 1824 mirum
1285 1801 1364 1825 esse
1376 1800 1533 1825 narrans
1545 1817 1556 1836 ‚
1588 1787 1692 1839 quod
1704 1790 1786 1824 He-

1123 1844 1279 1881 rodotus
1298 1857 1425 1896 neque
1454 1843 1529 1881 hoc
1558 1857 1686 1896 neque
1713 1845 1787 1881 alio

1124 1902 1209 1938 loco
1238 1902 1431 1938 simulacri
1456 1902 1561 1938 Deae
1588 1902 1787 1938 Braurone

1125 1959 1302 1996 asservati
1349 1958 1481 1994 fecerit
1535 1959 1787 2006 mentionem,

1126 2028 1215 2051 cum
1235 2028 1326 2052 sane
1346 2013 1442 2051 haec
1471 2013 1672 2052 videantur
1691 2027 1787 2052 cou-

1126 2073 1255 2108 iuncta
1276 2085 1355 2108 esse
1375 2084 1464 2108 cum
1475 2072 1587 2108 sacris
1600 2072 1787 2124 antiquis-

1126 2130 1230 2166 simis
1250 2129 1396 2164 Dianae
1414 2129 1626 2166 Laconicis.

1181 2181 1368 2237 γλῶσσάν
1411 2199 1451 2224 τε
1486 2181 1562 2235 τήν
1599 2179 1799 2235 Ἀττικήν·

1124 2241 1192 2280 καὶ
1214 2237 1381 2292 τρόπους
1402 2256 1438 2280 κ.
1451 2255 1485 2278 τ.
1507 2241 1568 2289 λ.]
1599 2239 1786 2278 Valcken.

1123 2298 1270 2334 confert
1290 2296 1422 2334 Schol.
1441 2297 1481 2333 in
1495 2296 1669 2348 Euripid.
1690 2300 1785 2334 Hec.

1126 2355 1222 2394 886.
1245 2354 1414 2390 Verbum
1425 2354 1719 2406 συμμίσγεσθαι
1744 2355 1785 2390 in

1124 2422 1230 2463 seqq.
1253 2411 1411 2447 omuino
1432 2411 1533 2447 valet
1562 2411 1785 2448 consuetudi·
1826 2450 1835 2460 ‚

1124 2479 1199 2503 nem
1241 2479 1369 2516 agere,
1408 2467 1483 2503 una
1520 2467 1625 2504 simul
1660 2470 1784 2505 vivere.

1123 2522 1185 2559 Ad
1207 2522 1406 2562 ἐδικαίευν
1426 2523 1528 2560 conf.
1548 2525 1612 2572 VI,
1637 2524 1701 2565 15.
1716 2527 1783 2564 73.

1123 2578 1185 2616 Ad
1205 2577 1443 2633 ἐπεκράτεον
1469 2581 1593 2631 suppl.
1620 2579 1783 2620 ἐκείνων

1123 2649 1174 2673 sc.
1184 2640 1265 2676 τῶν
1280 2637 1436 2675 παίδων
1447 2651 1458 2673 :
1479 2637 1692 2686 multumque
1699 2637 1783 2674 inde

1122 2694 1198 2730 illis
1215 2695 1404 2743 superiores
1423 2697 1536 2733 erant.
1567 2693 1624 2732 Cf.
1636 2693 1699 2741 IV,
1713 2694 1781 2735 65.

1122 2751 1188 2797 111,
1210 2753 1278 2790 32.
1300 2750 1362 2798 VI,
1384 2752 1450 2790 32.
1473 2750 1552 2797 vll,
1575 2748 1668 2790 155.
1682 2749 1779 2789 234.

1122 2806 1185 2843 Ad
1205 2807 1319 2843 verba
1335 2805 1514 2845 ἑωυτοῖσι
1539 2801 1682 2856 λόγους
1700 2805 1783 2845 ἐδί-

1124 2864 1248 2903 δοσαν
1270 2864 1369 2902 conf.
1391 2869 1487 2900 nott.
1509 2860 1558 2899 ad
1577 2863 1642 2911 111,
1662 2862 1731 2904 45.
