1851 3181
330 789 395 834 26

122 865 288 894 pedestres
297 865 377 901 copi-

123 908 161 927 ae
183 900 215 927 in
234 900 394 937 Cappado-

121 934 212 994 :iiam⁷
229 934 267 973 ad
288 934 371 970 appi<

145 975 191 995 um
210 968 339 1003 cutam,

453 271 536 312 482

853 270 1318 309 HERODOTI

451 377 798 435 ἐπιτηδειότατον
841 381 928 433 εἴη,
968 378 1100 422 ἄλλον
1130 377 1237 436 ἄλλῃ
1280 379 1535 436 ἀγινέοντας
1565 378 1720 425 ὁλκάσι
1734 389 1776 423 80

420 453 497 489 3τε
525 446 599 488 καὶ
626 448 916 501 πορθμηίοισι
935 447 981 490 ἐκ
1012 451 1088 502 τῆς
1114 446 1265 503 Ἀσίης
1296 448 1588 504 πανταχόθεν.
1643 448 1722 492 τὸν

455 515 502 557 δὲ
540 509 602 557 ὧν
638 517 842 558 πλεῖστον
883 515 924 566 ἐς
955 515 1129 571 Λευκὴν
1170 514 1324 571 Ἀκτὴν
1361 515 1626 573 καλεομένην
1646 521 1722 572 τῆς

456 583 648 638 Θρηΐκης
689 578 888 635 άγίνεον,
931 585 975 626 οἱ
1019 583 1064 627 ὁὲ
1099 584 1140 634 ἐς
1175 583 1419 637 Τυρόδιζαν
1447 586 1526 640 τήν
1558 589 1722 639 Περιν-

451 652 588 703 θίων,
629 652 672 694 οἱ
704 649 750 693 δὲ
776 649 819 700 ἐς
848 654 1097 703 Δορίσκον,
1139 653 1182 694 οἱ
1211 651 1256 694 δὲ
1287 653 1327 702 ἐς
1354 651 1507 695 Ἠϊόνα
1543 651 1622 709 τὴν
1655 653 1723 696 ἐπὶ

454 716 703 773 Στρυμόνι,
735 719 779 762 οἱ
808 719 854 762 δὲ
885 718 927 770 ἐς
957 722 1241 776 Μακεδονίην
1273 720 1611 775 διατεταγμένοι.

535 784 608 828 Ἑν
651 789 713 842 τῷ
744 787 790 830 δὲ
824 784 953 831 οὗτοι
983 788 1060 831 τὸν
1100 789 1389 843 προκείμενον
1419 787 1560 831 πόνον
1602 786 1780 842 ἔργά-85
1847 806 1851 808 ·

454 857 595 905 ζοντο,
637 853 685 897 ἐν
714 854 856 914 τούτῳ
897 855 920 899 ὁ
960 856 1087 910 πεζὸς
1130 857 1243 906 ἅπας
1273 855 1605 911 συλλελεγμένος
1634 855 1725 910 ἅμα
1782 859 1851 906 525

454 921 592 978 Ξέρξῃ
635 921 865 977 ἐπορεύετο
908 923 951 974 ἐς
994 924 1183 979 Σάρδις,
1226 924 1272 966 ἐκ
1317 925 1570 979 Κριτάλλων
1591 922 1722 979 ὁρμη-

454 1111 749 1170 πορθμηΐοισι]
790 1119 1059 1168 Intelliguntur

398 1177 561 1224 navigia,
580 1179 803 1224 pontones‚nt
823 1175 925 1226 apud
944 1175 1059 1212 Diod.

398 1233 502 1280 XIV,
521 1231 588 1271 74.
634 1233 720 1268 Alio
738 1245 851 1268 sensu
871 1231 973 1267 idem
989 1244 1060 1268 vo—

399 1289 582 1326 cabulan
603 1287 651 1324 de
671 1289 775 1331 Iocis,
799 1290 863 1323 ubi
883 1291 1061 1324 traiectus

397 1345 534 1391 fiebat,
565 1346 628 1391 IV,
673 1347 735 1384 12.
766 1344 832 1384 45.
890 1346 934 1380 Ι11
961 1342 1063 1381 San-

399 1402 510 1439 crofti
528 1401 625 1437 libro
657 1407 777 1436 exstat
797 1397 1062 1450 πορθμήϊσιν.

456 1458 496 1504 ἐς
517 1454 683 1506 Λευκὴν
703 1453 861 1507 Ἀκτήν]
894 1460 976 1494 Hoc
998 1470 1064 1493 ca-

399 1515 574 1561 stellum,
613 1515 718 1550 cuius
750 1516 863 1549 etiam
886 1514 1064 1550 meminit

397 1572 530 1623 Lysias
562 1577 684 1608 contr.
715 1571 838 1607 Alcib.
860 1572 948 1611 Des,
972 1569 1062 1607 Ord.

399 1642 436 1679 p.
474 1626 566 1673 142,
603 1630 666 1672 16,
697 1640 809 1677 supra
838 1625 1064 1664 Chersonesi

399 1682 584 1721 isthmum
605 1682 654 1719 ad
685 1683 962 1732 Propontidem
983 1684 1065 1719 col-

399 1742 500 1778 locat
524 1739 668 1791 Scylax
695 1740 733 1785 §.
761 1741 812 1779 68
834 1754 871 1790 p.
893 1741 946 1779 28
976 1752 1067 1789 pag.

400 1799 478 1837 281
494 1797 593 1832 Gail.
613 1795 738 1833 Hodie
747 1798 945 1832 castellum
964 1796 1068 1833 San-

402 1854 451 1890 cti
472 1854 628 1903 Georgii
648 1851 722 1889 dici
733 1860 860 1890 narrat
875 1854 1068 1889 Mannert.

401 1911 427 1948 l.
448 1910 474 1946 I.
492 1910 561 1945 Vll
589 1923 627 1959 p.
653 1908 744 1956 184,
774 1911 836 1946 cui
863 1908 950 1945 add.
971 1911 1068 1945 Lar-

403 1964 507 2004 cher.
544 1967 662 2009 Tab„
687 1966 827 2016 Geogr.
861 1979 890 2002 s.
910 1979 948 2002 v.
976 1978 1066 2017 pag.

402 2024 499 2063 298.
533 2022 769 2073 Tyrodizam,
800 2035 899 2074 quae
920 2021 969 2058 ad
990 2024 1068 2058 Pe-

402 2077 521 2115 rinthi
541 2077 728 2115 ditionem
748 2079 931 2130 pertinuit
943 2109 953 2126 ‚
972 2091 1067 2130 pro-

401 2148 451 2186 pe
485 2134 702 2184 Serrhium,
741 2136 807 2172 ubi
828 2135 964 2173 desinit
984 2137 1068 2172 Do-

403 2192 488 2228 risci
509 2204 575 2227 ora
595 2191 835 2229 occidentem
855 2205 983 2229 versus
1013 2193 1067 2229 si-

404 2255 484 2284 tam
512 2247 626 2284 fuisse
646 2261 666 2284 e
688 2248 821 2299 Steph.
853 2250 949 2299 Byz.
969 2262 1000 2289 s.
1027 2262 1066 2286 v.

404 2316 495 2355 pag.
516 2307 600 2344 722
624 2305 822 2354 colligunt.
881 2305 940 2341 cf.
971 2306 1068 2341 Gat-

405 2367 519 2397 terer.
539 2360 565 2396 l.
586 2361 612 2396 l.
633 2374 669 2410 p.
691 2364 757 2401 60.
781 2364 849 2401 61.
902 2362 1012 2398 Nunc
1033 2362 1069 2397 ei

405 2429 550 2454 nomen
581 2430 659 2453 esse
686 2416 916 2454 Fereclschiclc
961 2423 1070 2453 notat

407 2474 439 2511 Ι.
461 2471 509 2510 de
530 2474 727 2510 Hanuner.
750 2474 890 2510 Histor.
912 2474 1068 2512 Osman.

407 2531 426 2567 1
445 2543 485 2580 p.
507 2531 601 2571 166.
621 2531 679 2566 De
711 2530 854 2567 Dorisco
873 2528 949 2568 vid.
972 2536 1069 2567 nott.

410 2585 459 2624 ad
479 2586 524 2632 V,
555 2588 623 2626 98.

466 2641 505 2689 ἐς
524 2637 674 2681 Ἠϊόνα
685 2637 760 2690 τήν
774 2639 838 2681 ἐπὶ
848 2636 1069 2692 Στρυμόνι]

409 2698 591 2736 Consulto
619 2700 754 2735 Noster
783 2696 932 2735 videtur
960 2697 1071 2735 addi-

410 2754 508 2792 disse
528 2752 602 2804 τὴν
634 2753 700 2794 ἐπὶ
731 2751 953 2805 Στρυμόνιῑ
994 2767 1069 2807 quo

409 2810 510 2848 hanc
537 2812 702 2848 Eionem
721 2811 768 2847 ab
790 2824 856 2859 ea,
893 2824 990 2862 quae
1030 2812 1071 2848 in

411 2869 533 2904 Pieria
553 2881 670 2919 prope
699 2868 792 2905 fines
811 2868 1072 2906 Bottiaeorum

1117 1126 1152 1154 et
1180 1117 1488 1155 Chalcidensium
1514 1119 1584 1155 sita
1614 1118 1684 1153 fuit
1713 1129 1780 1153 co-
1843 1158 1851 1165 ,1

1117 1177 1220 1211 Ionia
1240 1166 1539 1222 M‘eudaeormn‚
1571 1173 1783 1223 distingue-
1847 1169 1851 1176 ⁸

1118 1238 1199 1279 ret3
1243 1231 1340 1268 Eion
1384 1231 1592 1281 Strymonia
1632 1231 1782 1267 colonia
1849 1228 1851 1241 ²

1119 1288 1189 1324 fuit
1231 1286 1529 1324 Atheniensium
1573 1299 1784 1337 eorumque

1121 1345 1235 1380 etiam
1257 1345 1296 1379 in
1313 1351 1496 1394 potestate
1524 1343 1596 1380 fuit
1626 1356 1694 1393 per
1722 1350 1784 1379 to-

1120 1408 1204 1437 tum
1224 1401 1370 1436 bellum
1400 1400 1784 1450 Peloponnesiacum,

1122 1456 1244 1493 donec
1276 1469 1297 1493 a
1334 1458 1550 1493 Laconibus
1587 1463 1786 1507 caperetur
1842 1475 1851 1505 ς

1123 1514 1276 1564 Olymp.
1298 1513 1435 1550 XCIII.
1472 1514 1556 1551 Sita
1574 1513 1646 1549 fuit
1664 1526 1784 1564 prope
1841 1519 1851 1530 '¹

1121 1583 1241 1616 mare,
1251 1572 1304 1607 ita
1323 1577 1364 1606 ut
1376 1571 1461 1607 urbi
1471 1569 1695 1621 Amphipoli
1705 1582 1785 1606 non
1844 1563 1851 1570 ⁶

1121 1627 1237 1676 longe
1279 1633 1450 1664 remotae
1487 1634 1642 1678 portum
1671 1639 1786 1678 prae·
1846 1675 1848 1678 y

1121 1684 1211 1720 bere
1241 1696 1404 1735 eamque
1434 1686 1556 1735 ipsam
1597 1684 1644 1720 ab
1679 1683 1786 1720 omni

1120 1740 1269 1790 impetu
1290 1753 1310 1775 e
1330 1741 1428 1776 mari
1459 1747 1632 1790 suscepto
1662 1747 1787 1776 tutam
1832 1732 1851 1758 ··”

1551 1799 1664 1833 Nunc
1701 1797 1787 1833 loco

1122 1866 1267 1889 nomen
1294 1852 1476 1890 Contessa.
1510 1853 1621 1890 conf.
1642 1851 1786 1890 Herod.

1124 1910 1205 1956 VII,
1238 1912 1332 1950 113.
1362 1910 1463 1958 Vm,
1499 1912 1578 1952 118
1610 1916 1647 1947 et
1673 1910 1788 1945 Mau—
1837 1914 1846 1943 1.

1121 1803 1311 1847 praestare
1355 1805 1494 1847 posset.

1122 1973 1221 2004 nert.
1240 1967 1266 2002 1.
1287 1966 1394 2003 LVII
1412 1981 1449 2018 p.
1462 1965 1557 2006 240.
1577 1967 1726 2017 Poppo.
1739 1964 1789 2002 ad

1123 2021 1347 2074 Thucydid.
1379 2024 1408 2069 Ι,
1440 2026 1466 2064 2
1490 2035 1579 2073 pag.
1611 2023 1692 2064 350
1721 2021 1789 2071 (ad

1123 2078 1307 2131 Thucyd.
1343 2080 1373 2127 Ι,
1396 2081 1449 2120 98
1470 2092 1507 2130 p.
1537 2081 1619 2120 203
1650 2079 1786 2129 Gerv.)
1823 2099 1842 2110 ν

1123 2137 1210 2174 coll.
1226 2137 1290 2185 IV,
1310 2139 1336 2177 7
1356 2136 1486 2188 ibique
1505 2142 1603 2173 nott.

1326 2225 1419 2276 cap.
1438 2225 1582 2262 xxvi.

1827 2269 1832 2285 1

1181 2301 1224 2342 ἐκ
1247 2299 1509 2355 Κριτάλλων]
1556 2305 1613 2340 Ita
1642 2316 1663 2340 e
1698 2303 1788 2340 Flo-
1814 2300 1834 2344 ’.ζ

1124 2366 1222 2399 rent.
1242 2360 1399 2412 aliisque
1409 2359 1584 2397 dedimus
1601 2373 1670 2411 pro
1682 2361 1787 2410 vulg.
1816 2362 1830 2410 '].

1128 2411 1350 2467 Κριτάλων.
1408 2418 1532 2463 Quem
1552 2418 1694 2465 locum,
1717 2417 1788 2453 ali-
1810 2416 1827 2450 ’ἒ

1126 2471 1230 2509 unde
1249 2486 1328 2510 non
1349 2475 1559 2524 cognitum,
1591 2472 1641 2510 ad
1660 2474 1789 2513 orien—
1810 2468 1826 2513 l

1125 2530 1242 2566 talem
1273 2531 1415 2582 Halyos
1452 2530 1558 2569 fluvii
1586 2530 1709 2581 ripam
1736 2530 1789 2566 si·-

1126 2592 1211 2622 tum
1231 2586 1343 2624 fuisse
1362 2587 1410 2624 ad
1422 2588 1543 2638 ipsam
1558 2587 1673 2634 viam,
1690 2597 1788 2639 quae
1850 2596 1851 2621 z

1129 2643 1233 2680 Susis
1253 2642 1414 2681 ducebat
1430 2642 1588 2691 Sardes,
1617 2643 1787 2694 suspica·
1820 2655 1822 2657 '

1126 2706 1188 2736 tur
1215 2701 1376 2737 Rennel.
1405 2701 1431 2737 1.
1456 2701 1482 2738 l.
1503 2713 1588 2750 pag.
1610 2698 1710 2746 527,
1739 2709 1785 2734 60

1127 2756 1206 2792 fere
1215 2757 1300 2793 loco
1316 2758 1571 2807 probabiliter,
1593 2767 1669 2807 quo
1680 2760 1786 2805 post-

1128 2825 1173 2849 ea
1201 2813 1394 2850 invenitur
1423 2816 1684 2851 Romanorum
1719 2822 1788 2847 co-

1128 2869 1232 2906 lonia
1261 2871 1463 2919 Archelais,
1497 2869 1558 2907 cui
1588 2879 1691 2904 nunc
1711 2878 1786 2904 no-
