1851 3181
423 276 507 316 470

822 268 1282 307 HERODOTI

428 397 584 439 ,,μενος
612 381 672 432 αἱς
701 378 841 423 κακὸν
870 382 936 437 εἴη
964 378 1014 424 τὸ
1043 381 1216 423 πολλῶν
1237 377 1499 434 ἐπιθυμέειν,
1529 392 1691 433 μεμνη-

427 449 583 506 „nevos
612 448 692 504 μὲν
731 448 811 491 τόν
838 448 908 492 ἐπὶ
937 446 1229 503 Μασσαγέτας
1258 445 1414 500 Κύρου
1445 444 1604 490 στόλον
1634 444 1693 495 ὥς

428 517 632 572 ,,ἔπρηξε,
690 515 961 574 μεμνημένος
991 515 1037 560 δὲ
1064 516 1138 560 καὶ
1165 515 1246 559 τόν
1273 513 1336 559 ἐπ’
1367 516 1588 565 Αἰθίοπας
1615 514 1694 557 τὸν

425 583 723 641 ,,Καμβύσεω,
772 582 1170 641 συστρατευόμενος
1207 582 1254 628 δὲ
1299 583 1373 627 καὶ
1403 583 1577 642 Δαρείῳ
1623 581 1692 625 ἐπὶ
1705 588 1751 622 7ο

430 650 663 705 ,,Σκυ’θας·
696 651 979 709 ἐπιστάμενος
1007 655 1158 703 ταῦτα,
1188 649 1366 708 γνώμην
1397 649 1532 707 εἶχον,
1574 649 1694 705 ἀτρε-

429 719 634 778 ,,’μίζοντά
665 730 710 764 σε
740 719 1013 776 μακαριστὸν
1043 717 1155 763 εἶναι
1184 719 1295 775 πρὸς
1323 719 1500 764 πάντων
1520 717 1696 774 ἀνθρώ-

402 797 421 829 5
434 803 570 841 ,,πων.

635 787 750 832 Ἐπεὶ
789 789 836 833 δὲ
881 789 1085 845 δαιμονίη
1127 804 1193 839 τις
1231 789 1396 844 γίνεται
1436 785 1572 843 ὁρμὴ,
1623 785 1698 830 καὶ

430 856 682 912 ,ζἘλληνας,
716 855 776 908 ὦς
806 857 930 908 ἔοικε,
963 854 1115 913 φθορή
1144 872 1207 906 τις
1236 854 1562 912 καταλαμβάνει
1589 852 1698 910 θεή-

433 929 606 977 ,,λατος,
639 923 722 979 ἐγώ
752 924 831 986 μὲν
861 925 934 968 καὶ
964 922 1100 976 αὐτὸς
1129 921 1363 980 τράπομαι,
1392 923 1466 967 καὶ
1485 921 1565 979 τὴν
1591 921 1755 979 γνῶ-75

403 1002 545 1048 6,,μην
575 994 864 1049 μετατίθεμαι.
910 993 979 1036 Σύ
1012 992 1058 1036 δὲ
1088 990 1287 1049 σήμηνον
1312 992 1392 1047 μὲν
1423 991 1620 1048 Πέρσῃσι
1647 989 1701 1034 τὰ

376 1192 455 1216 nuo
476 1168 657 1229 leguntur
674 1177 776 1230 apud
788 1177 1040 1228 Herodotum,

377 1248 445 1272 nos
478 1234 738 1273 Gaisfordium
772 1237 892 1273 secuti
921 1237 1041 1273 maio-

377 1305 459 1329 rem
497 1290 778 1330 distinctionem
805 1300 891 1344 post
922 1292 1041 1332 εἴκειν

377 1349 601 1386 retinuimus
617 1362 639 1386 a
652 1347 834 1387 Matthiae
853 1356 1042 1388 mutatam

377 1407 417 1442 in
446 1406 651 1444 minorem.

436 1493 502 1536 τὸν
520 1494 583 1537 ἐπὶ
606 1495 875 1548 Μασσαγέτας
899 1492 1042 1547 Κύρου

382 1550 526 1592 στόλον
546 1551 599 1600 ω’ς·
616 1552 786 1604 ἔπρηξε]
807 1552 896 1591 Vid.
915 1554 944 1602 Ι,
958 1553 1040 1593 214

382 1608 429 1645 de
449 1609 615 1647 formula
645 1608 700 1657 ὥς
729 1608 871 1662 ἔπρηξε
899 1611 1043 1646 malam

381 1667 421 1702 in
451 1673 600 1716 partem
628 1664 691 1702 hic
726 1666 957 1717 accipienda,
977 1668 1044 1714 III,

383 1722 449 1762 25.
481 1723 526 1771 V,
557 1725 623 1763 78.
653 1724 717 1770 VI,
747 1722 801 1763 44
829 1724 916 1761 coll.
944 1724 1045 1772 VIII,

388 1781 478 1819 129.
532 1779 577 1815 In
597 1780 773 1829 proxime
794 1793 901 1832 seqq.
927 1781 1048 1817 eFlo-

386 1836 532 1872 rentino
562 1837 720 1888 aliisque
749 1835 839 1874 dedi
867 1850 958 1873 cum
985 1850 1049 1873 re-

385 1899 502 1929 centt.
532 1891 620 1929 edd.
658 1889 729 1932 τόν
757 1888 817 1933 ἐπ’
844 1889 1051 1940 Αἰθιὸπας

387 1945 473 1987 τὸν
511 1945 759 2000 Καμβύσεω,
818 1950 885 1987 ubi
932 1951 1049 2001 vuigo

385 2007 481 2044 τοῦ
520 2001 763 2057 Καμβύσεω.
822 2006 925 2052 Quos
965 2020 1052 2044 eos-

387 2060 477 2098 dem
493 2070 643 2099 secutus
666 2063 781 2113 paulo
804 2063 960 2100 inferius
982 2063 1052 2100 de-

389 2119 461 2155 levi
485 2113 541 2157 οἷν
560 2126 645 2169 post
663 2114 923 2171 ἐπιστάμενος
933 2119 1047 2158 codd.

389 2175 516 2212 invitis
554 2176 671 2225 vulgo
718 2177 915 2214 insertum.
992 2179 1052 2214 De

392 2231 588 2282 Cambysis
609 2231 851 2282 expeditione
873 2233 1052 2271 adversus

391 2286 599 2338 Aethiopes
642 2288 719 2327 vid.
752 2292 819 2337 ΙΙΙ,
851 2290 904 2331 25
933 2297 970 2327 et
1005 2289 1053 2327 de

393 2346 498 2382 Darii
525 2347 565 2382 in
592 2345 754 2398 Scythas
775 2348 910 2383 itinere
936 2347 1053 2395 1V‚1.

395 2404 449 2442 83
469 2415 576 2454 seqq.

451 2475 709 2531 ἀτρεμίζοντά
739 2493 781 2520 σε
811 2478 1054 2533 μακαριστόν

398 2532 528 2586 εἶναι]
554 2539 691 2589 Attigit
726 2537 902 2575 Eustath.
932 2537 981 2574 ad
1012 2538 1056 2574 Il.

395 2606 480 2644 pag.
506 2596 600 2642 201,
625 2597 713 2635 16s.
734 2595 823 2642 152,
846 2598 913 2635 31.
937 2596 1058 2631 VVes-

397 2652 577 2701 selingius
599 2651 866 2703 interpretatur
881 2650 1058 2687 Herodo-

398 2714 483 2744 tea:
508 2707 606 2745 bellis
626 2708 918 2759 supersedentem,
942 2709 1059 2745 citans

400 2763 582 2803 Herodot.
612 2765 641 2811 1,
676 2767 766 2813 190,
795 2765 862 2801 ubi
888 2771 1060 2800 narratur

401 2823 520 2870 Cyrus
543 2815 617 2859 ούκ
648 2816 863 2873 οἷτρεμίζων
893 2822 990 2858 bella
1011 2833 1060 2857 ex

400 2877 506 2914 bellis
522 2877 619 2914 ciere
637 2906 647 2924 ,
681 2885 718 2915 et
737 2876 888 2916 Philon.
919 2876 965 2915 de
987 2877 1060 2916 Se—

1097 1183 1202 1228 pten.
1222 1188 1312 1228 pag.
1336 1178 1443 1217 1186
1462 1178 1572 1213 A.—
1594 1176 1758 1227 Inseqq.

1098 1234 1286 1284 δαιμονίη
1309 1230 1413 1284 ὁρμή
1436 1239 1490 1270 est
1512 1233 1653 1270 divinus
1683 1234 1758 1282 qui-

1099 1290 1182 1328 dam
1200 1292 1387 1328 instinctus
1411 1303 1440 1326 s.
1459 1292 1604 1342 impetus
1627 1289 1758 1326 divini»

1096 1350 1154 1384 tus
1184 1349 1288 1397 quasi
1316 1348 1503 1384 immissus.
1578 1346 1760 1382 Aelianus

1096 1406 1144 1442 N.
1172 1405 1220 1443 A.
1250 1404 1337 1451 XII,
1368 1405 1395 1443 7
1434 1402 1526 1440 dicit
1555 1404 1629 1442 τοῦ
1656 1404 1762 1442 θεοῦ

1098 1458 1172 1511 τήν
1213 1456 1362 1512 ὁρμήν,
1411 1461 1480 1497 ubi
1517 1460 1761 1510 nuperrimus

1099 1517 1221 1554 editor
1248 1518 1347 1554 bene
1375 1529 1527 1554 memor
1551 1517 1624 1554 fuit
1642 1517 1763 1552 Hero-

1101 1573 1204 1611 dotei
1222 1575 1311 1611 loci.
1381 1575 1481 1610 Nam
1509 1574 1602 1611 olim
1627 1585 1766 1624 perpe-

1101 1644 1186 1668 ram
1199 1632 1252 1667 ibi
1270 1631 1469 1681 legebatur
1488 1625 1623 1682 ὀργήν.

1160 1683 1302 1739 φθορή
1316 1702 1375 1734 τις
1389 1683 1685 1738 καταλαμβάνει
1696 1690 1764 1725 θε-

1103 1740 1281 1795 ήλατος]
1312 1745 1339 1781 i.
1370 1757 1405 1780 e.
1438 1746 1529 1794 cepit
1558 1756 1633 1781 eum
1649 1745 1766 1793 perni-

1106 1803 1173 1838 cies
1194 1800 1368 1851 quaedam
1388 1800 1561 1838 divinitus
1588 1801 1720 1837 iniecta
1739 1813 1768 1837 s.

1104 1859 1273 1905 immissa,
1304 1870 1402 1909 quae
1424 1857 1544 1909 qualis
1562 1855 1768 1904 fuerit,de-

1105 1915 1281 1952 scribitur
1312 1915 1359 1950 ab
1387 1912 1579 1965 Aeschylo
1603 1915 1644 1949 in
1663 1914 1770 1950 Pers.

1111 1974 1205 2012 102.
1258 1971 1345 2008 Vox
1371 1967 1569 2021 θεήλατος
1606 1969 1772 2007 occurrit

1108 2027 1211 2079 apud
1230 2026 1650 2080 Aeschyl.Agamemn.
1665 2025 1772 2067 1268

1110 2083 1236 2136 (1183
1257 2083 1412 2136 Both.),
1453 2085 1534 2134 ubi
1549 2081 1770 2120 BIomfield.

1109 2142 1207 2179 bene
1261 2142 1340 2178 eius
1389 2153 1544 2178 sensum
1584 2140 1769 2191 exposuit.

1109 2195 1226 2248 Apud
1245 2195 1429 2234 Herodot.
1444 2198 1474 2245 Ι,
1499 2199 1577 2238 127
1597 2197 1771 2247 θεοβλα-

1110 2251 1199 2307 βής.
1259 2255 1360 2292 Sunt
1388 2261 1518 2290 autem
1545 2251 1641 2289 haec
1671 2251 1771 2289 dicta

1110 2324 1159 2348 ex
1178 2323 1234 2359 ea,
1270 2323 1367 2362 quae
1387 2309 1572 2346 Herodoti
1592 2310 1675 2357 fuit,
1696 2321 1772 2345 no-

1109 2369 1214 2404 tione
1238 2365 1285 2403 de
1305 2367 1383 2403 fato
1399 2367 1529 2404 omnia
1548 2365 1774 2403 moderante

1113 2430 1150 2461 et
1170 2424 1222 2460 ita
1243 2424 1290 2460 ab
1310 2424 1418 2461 initio
1440 2424 1711 2469 constituente,
1731 2427 1775 2458 ut

1111 2480 1251 2517 mutari
1292 2481 1533 2517 retractarive
1567 2483 1773 2531 nequeant.

1112 2539 1288 2588 Namque
1323 2536 1381 2574 dez·
1405 2549 1549 2574 nomen
1578 2538 1618 2573 in
1638 2535 1774 2572 talibus

1115 2606 1184 2644 pro
1199 2593 1284 2644 fato
1304 2592 1580 2644 accipiendum.
1638 2593 1703 2629 Tu
1723 2590 1773 2630 cf.

1116 2650 1374 2687 Hoffmeister.
1395 2651 1422 2687 l.
1442 2651 1469 2687 l.
1497 2663 1536 2700 p.
1560 2651 1626 2689 13.
1644 2668 1700 2675 -
1727 2647 1771 2682 In

1115 2720 1221 2759 seqq.
1243 2720 1333 2744 cum
1354 2703 1573 2756 Schweigh.
1596 2711 1632 2741 et
1655 2702 1771 2740 Gaisf.

1116 2765 1291 2801 revocavi
1320 2762 1363 2802 ἐκ
1394 2761 1493 2810 σέο,
1515 2775 1537 2798 a
1565 2759 1773 2806 Schaefer.,

1116 2819 1250 2859 Matth.
1265 2827 1302 2857 et
1321 2818 1448 2856 Bekk.
1469 2823 1658 2855 mutatum
1677 2816 1717 2851 in
1731 2813 1774 2854 ἐκ

1118 2879 1199 2923 σεῦ,
1221 2875 1385 2914 duorum
1406 2874 1518 2914 codd.
1538 2872 1771 2910 auctoritate.
