1789 3213
432 230 885 267 POLYMNIA
945 230 1043 266 VII.

1305 230 1387 269 777

133 338 363 394 ποιήσατο,
403 337 588 393 ἐπισχών
615 336 801 394 χρόνον,
830 337 872 388 ές
902 336 1063 392 ἀγορῆς
1089 353 1172 380 κου
1203 335 1386 392 μάλιστα

132 406 368 461 πληθώρην
405 406 628 459 πρόσοδον
666 405 878 449 ἐποιέετο·
928 404 1111 459 καὶγὰρ
1155 404 1386 447 ἐπέσταλτο

105 481 128 514 2
139 473 181 525 ἐξ
214 473 440 516 Ἐπιάλτεω
483 472 612 516 οὕτω.

671 471 756 515 α’πό
785 472 868 527 γὰρ
899 477 977 515 τοῦ
1018 471 1171 526 οὔρεος
1202 472 1227 527 ἡ
1260 471 1388 515 κατοξ-

133 544 258 597 βασις
287 541 585 597 συντομωτέρη
614 540 658 582 τέ
688 540 790 591 ἐστι,
818 540 890 583 καὶ
921 538 1184 595 βραχύτερος
1205 538 1226 583 ὁ
1248 544 1446 596 χῶροςὲο

106 609 324 661 Βπολλόν,
360 610 469 666 ἥπερ
510 609 537 666 ἡ
578 606 778 662 περίοδός
811 623 854 650 τε
883 608 955 651 καὶ
985 606 1207 661 ἀνάβασις.
1265 611 1322 652 Οἳ
1345 625 1390 652 τε

135 677 188 733 δὴ
226 677 446 734 βάρβαροι
493 679 536 721 οῖ
574 675 685 732 ἀμφὶ
727 675 887 729 Ξέρξεα
926 674 1189 731 προσήϊσαν·
1239 677 1311 720 καὶ
1347 678 1390 720 οἱ

135 744 247 801 ἀμφὶ
283 747 508 802 Λεωνίδην
531 745 756 800 ’Ἐλληνες,
807 743 865 794 ὠς
890 743 971 799 τήν
1012 743 1080 787 ἐπὶ
1119 745 1298 802 θανάτῳ
1333 746 1392 797 ἔξ-

136 816 243 857 οδον
271 813 539 870 ποιεύμενοι,
571 813 654 869 ἤδη
694 814 842 867 πολλῷ
871 815 1037 866 μᾶλλον
1073 811 1102 868 ἦ
1140 811 1227 855 κατ’
1258 811 1392 869 ἀρχάς

107 881 364 938 4ἐπεξήϊσαν
394 883 434 932 ἐς
463 881 513 926 τὸ
544 879 779 935 εὐρύτερον
807 883 887 922 τοῦ
909 878 1100 934 αὐχένος.
1131 880 1179 924 τὸ
1210 882 1288 936 μὲν
1307 880 1391 937 γὰρ

136 949 275 1004 ἔρυμα
315 954 395 993 τοῦ
423 951 581 1004 τείχεος
610 946 889 1003 ἐφυλάσσετο,
922 949 966 991 οἱ
994 947 1039 991 δὲ
1069 946 1153 990 civo}
1184 949 1259 999 τοὶς
1289 956 1448 1003 προ-95

137 1017 262 1070 τέρας
291 1016 453 1073 ἡμέρας
483 1015 728 1069 ὑπεξιόντες
760 1016 802 1066 ές
815 1015 867 1058 τοὶ
889 1016 1146 1069 στεινόπορα
1169 1016 1392 1072 ἐμάχοντο.

109 1085 250 1128 5Τότε
289 1085 366 1141 δὴ,
411 1087 721 1141 συμμίσγοντες
755 1084 832 1136 ἔξω
866 1088 953 1126 τῶν
982 1089 1186 1137 στεινῶν,
1215 1084 1394 1128 ἔπιπτον

136 1152 295 1207 πλήθεϊ
322 1154 478 1196 πολλοὶ
507 1157 595 1196 τῶν
625 1150 875 1206 βαρβάρων.

937 1150 1090 1195 ὄπισθε
1117 1151 1201 1207 γαρ
1232 1154 1275 1196 οἱ
1302 1151 1395 1208 ἡγε-

136 1219 264 1274 μόνες
286 1225 373 1262 τῶν
393 1219 560 1271 τελέων,
592 1220 759 1274 ἔχοντες
781 1217 1001 1274 μάστιγας,
1023 1220 1254 1274 ἐρ’ράπιζον
1280 1220 1395 1264 πάν-

110 1296 196 1330 6τα
229 1287 392 1341 ἄνδρα,
424 1289 505 1331 αἰεὶ
527 1289 567 1339 ἐς
596 1287 644 1330 τό
676 1286 826 1340 πρόσω
858 1286 1184 1340 ἐποτρύνοντες.

1241 1291 1397 1332 πολλοὶ

138 1356 213 1411 μὲν
242 1355 294 1410 δὴ
324 1356 550 1399 ἐσέπιπτον
581 1353 727 1398 αὐτῶν
764 1354 806 1405 ἐς
837 1353 916 1410 τὴν
943 1354 1185 1407 θάλασσαν,
1215 1358 1287 1400 καὶ
1318 1360 1399 1401 διε-

139 1425 402 1479 φθείροντο·
431 1428 577 1481 πολλῷ
608 1422 644 1468 δ’
662 1424 722 1467 ἔτι
742 1426 920 1474 πλεῦνες
947 1425 1260 1468 κατεπατέοντο
1294 1425 1425 1478 {moll

86 1600 152 1636 Tu
183 1601 286 1639 conf.
321 1600 436 1638 etiam
464 1599 512 1638 ad
539 1602 604 1649 111,
632 1600 684 1642 84
704 1615 743 1653 p.

89 1656 164 1697 151
188 1658 312 1696 allata.

143 1712 183 1760 ἐς
200 1709 348 1765 οἷγορῆς
368 1728 441 1753 κου
463 1709 628 1764 μάλιστα
643 1716 745 1764 πλη-

86 1766 247 1821 θώρην]
277 1770 363 1809 Vid.
394 1778 490 1808 nott.
511 1770 560 1807 ad
578 1773 626 1819 ΙΙ,
652 1774 744 1811 173.

87 1827 171 1872 Qua
205 1828 397 1864 locutione
439 1841 560 1879 quum
594 1827 743 1864 medius

87 1883 209 1920 ferme
239 1882 316 1920 dies
345 1890 409 1920 aut
438 1883 540 1935 quod
568 1885 744 1935 proxime

88 1939 278 1979 antecedit
311 1947 461 1991 tempus
500 1941 744 1991 significetur,

89 2005 257 2047 apparet,
277 1999 402 2034 minus
423 2005 524 2034 recte
546 1997 744 2035 aDiodoro

89 2053 199 2101 tradi,
228 2061 461 2091 nocturnum
481 2056 594 2092 fuisse
631 2068 746 2105 proe-

88 2109 197 2147 lium.
217 2131 273 2138 —-
301 2110 364 2147 Ad
383 2124 518 2147 vocem
546 2107 747 2164 πρόσοδον

91 2166 186 2203 conf
200 2174 295 2204 nott.
315 2166 363 2204 ad
389 2168 471 2215 VII,
492 2171 588 2208 212.

149 2221 203 2269 ὥς
232 2220 307 2273 τήν
337 2222 401 2262 ἐπὶ
424 2219 589 2276 θανάτῳ
610 2222 746 2271 ἔξοδον

91 2275 355 2329 ποιεύμενοι]
405 2280 467 2317 Ad
514 2282 748 2318 locutionem

92 2327 193 2372 conf.
212 2338 259 2384 ΙΙ,
285 2340 374 2377 109.
396 2338 459 2385 ΙΙΙ,
485 2336 549 2377 14.
597 2339 751 2383 Quaerit

93 2405 183 2429 vero
203 2391 241 2428 h.
261 2394 288 2429 l.
308 2393 506 2440 Valcken„
539 2407 605 2431 cur
624 2397 750 2431 Hero-

94 2447 204 2488 dotus
235 2448 380 2487 dictum
411 2450 506 2487 illud
541 2451 747 2499 Leonidae,

94 2504 262 2542 Diodoro
278 2507 304 2543 l.
324 2507 362 2553 l.,
395 2507 567 2544 Ciceroni
588 2508 748 2556 (Tusco.

96 2562 245 2606 Quaest.
268 2563 298 2609 Ι,
326 2562 392 2610 42,
412 2565 479 2600 ubi
497 2564 574 2600 vid.
600 2565 747 2613 Davis.)

98 2618 267 2654 Senecae
297 2619 477 2665 (suasor.
508 2623 541 2655 11
569 2634 654 2670 pag.
677 2622 747 2671 18)

97 2681 463 2712 commemoratum:
507 2672 633 2722 οὕτως
659 2674 749 2727 α’ρι-

99 2733 211 2770 στᾶτε
242 2729 296 2776 οἷς
319 2729 360 2769 ἒν
381 2728 481 2770 ἅδον
512 2729 751 2782 δειπνήσον-

98 2802 159 2834 τες
179 2788 356 2826 omiserit.
405 2787 499 2824 Mihi
518 2788 607 2825 inde
627 2791 751 2839 suspi-

99 2845 156 2882 cio
186 2844 239 2893 fit,
270 2842 342 2882 hoc
370 2843 534 2893 dictum,
562 2853 604 2882 ut
629 2847 750 2884 multa

801 1599 873 1636 alia
906 1599 1136 1648 istiusmodi,
1172 1601 1301 1638 seriori
1334 1607 1456 1638 aetate

799 1657 912 1693 fuisse
934 1654 1205 1706 excogitatum.

856 1712 896 1759 ἐς
927 1711 970 1752 τό
999 1709 1212 1765 εὐρύτερον
1242 1715 1314 1753 τοῦ
1342 1709 1458 1764 αὐχέ-

800 1770 898 1818 νος]
930 1771 954 1808 i.
977 1783 1009 1807 e.
1032 1773 1068 1807 in
1101 1773 1338 1820 spatiosiorem
1361 1771 1458 1820 sau-

801 1829 890 1863 cium
896 1830 1033 1876 partem
1043 1831 1124 1863 sunt
1137 1830 1325 1877 progressi.
1336 1829 1458 1864 Nam-

801 1896 876 1934 que
916 1895 1072 1919 omnem
1110 1885 1220 1920 illum
1266 1886 1459 1920 montium

800 1946 974 1988 tractum,
987 1941 1028 1976 in
1038 1953 1113 1992 quo
1126 1941 1252 1978 fauces
1264 1941 1459 1977 Thermo-

801 1997 990 2047 pylarum,
1032 1993 1176 2046 αὐχένα
1217 1997 1291 2034 dici
1330 1999 1460 2034 existi-

801 2067 921 2094 mem,
961 2054 1071 2090 Cous.
1092 2055 1154 2092 IV.
1177 2054 1230 2095 85
1251 2055 1342 2105 ibiq.
1360 2061 1458 2091 nott-

802 2111 864 2156 VI,
887 2113 954 2150 37.
974 2132 1030 2137 —
1082 2112 1125 2147 In
1154 2124 1259 2162 seqq.
1294 2111 1342 2148 ad
1371 2125 1461 2148 ver-

801 2167 897 2202 bum
916 2164 1141 2214 ὑπεξιόντες
1160 2168 1259 2206 conf.
1280 2169 1343 2216 IV,
1368 2170 1460 2208 120.

802 2224 878 2259 Pro
922 2220 1172 2276 στεινόπορα,
1204 2225 1244 2260 in
1292 2226 1460 2261 Florent.

805 2286 860 2317 est
888 2277 1138 2331 στενόπωρα,
1177 2282 1218 2317 in
1251 2282 1330 2318 aliis
1364 2293 1462 2321 στει-

805 2334 960 2389 νότερα.
1018 2339 1083 2374 Tn
1104 2338 1153 2375 cf.
1175 2339 1256 2385 VII,
1281 2340 1372 2378 176.

860 2390 947 2433 τότε
985 2391 1035 2443 δή
1068 2394 1351 2445 συμμίσγοντες
1388 2391 1461 2440 ἔξω

804 2453 884 2490 τῶν
901 2452 1084 2499 στεινῶν]
1107 2452 1227 2487 Paulo
1248 2452 1357 2487 aliter
1368 2449 1462 2486 haec

804 2515 1006 2545 narrantur
1026 2507 1127 2558 apud
1148 2506 1344 2545 Plutarch.
1366 2508 1402 2542 11
1423 2520 1460 2556 p.

804 2566 884 2604 866
914 2567 961 2602 Α.
1004 2564 1161 2603 Diodor.
1192 2566 1265 2608 XI,
1303 2567 1367 2603 10.
1395 2562 1463 2598 Iu-

804 2622 890 2658 stin.
922 2623 968 2668 11,
996 2624 1057 2660 11.
1089 2622 1193 2659 Oros.
1224 2622 1270 2664 ΙΙ,
1293 2622 1331 2660 9.
1389 2621 1463 2655 At-

807 2678 891 2713 tulit
913 2676 1006 2713 haec
1029 2690 1181 2728 quoque
1200 2675 1384 2713 Valcken.

865 2731 1076 2783 ε’ῥράπιζον
1128 2729 1259 2771 πάντα
1306 2729 1459 2782 ἄνδρα]

806 2789 953 2826 Eadem
974 2790 1113 2826 Ctesias
1133 2790 1460 2839 Perss.Excerptt.

807 2849 844 2893 ξ.
866 2849 932 2887 23.
989 2847 1118 2897 Ipsum
1150 2848 1352 2883 Persarum
1380 2858 1463 2882 mo-
