1789 3213
424 223 900 261 POLYMNIA.
958 222 1060 258 Vll.

1287 221 1370 261 795

82 339 102 374 3
115 335 318 389 μονίοισι.
376 332 554 386 πάρεστι
595 333 641 376 δὲ
677 330 877 384 εἰκάζειν,
920 332 1002 373 εἴτε
1043 328 1191 385 εὐνοίῃ
1233 331 1368 371 ταῦτα

113 402 296 455 ἐποίησε,
327 401 407 443 εἴτε
435 402 508 443 καὶ
541 401 824 455 καταχαίρων.
874 398 996 442 Ἐπεί
1040 414 1083 441 τε
1119 396 1202 453 γὰρ
1233 396 1428 453 Ξέρξῃὸο

112 469 229 521 ἔδοξε
251 468 578 524 στρατηλατέειν
607 469 674 512 ἐπὶ
703 467 782 522 τὴν
808 465 1016 518 Ἑλλάδα,
1047 464 1131 508 έών
1163 464 1210 507 ἐν
1244 463 1368 507 Σού-

114 548 228 580 σοισι
258 534 281 579 ὁ
313 536 589 593 Δημάρητος,
618 536 692 579 καὶ
727 534 979 589 πυθόμενος
1008 536 1156 583 ταῦτα,
1187 532 1373 588 ἠθέλησε

84 605 498 658 4Λακεδαιμονίοισι
531 604 776 659 ἐξαγγεῖλαι.
810 601 950 653 ἄλλως
986 603 1063 657 μἐν
1095 600 1147 656 δὴ
1180 599 1260 643 οὐκ
1291 597 1372 656 εἶχε

112 674 322 727 σημῆναι·
371 671 650 715 ἐπικίνδυνον
687 670 771 727 γάρ
810 665 866 726 ἦν
895 669 953 726 μή
984 670 1226 725 λαμφθείη·
1265 667 1287 712 ὁ
1329 669 1428 711 ὁὲ35

83 743 358 795 5μηχανᾶται
385 738 544 783 τοιάδε.
575 740 746 782 δελτίον
775 739 986 794 δίπτυχον
1004 738 1164 794 λαβών,
1196 736 1272 780 τόν
1302 754 1373 792 κη-

113 805 195 862 ρὸν
240 806 377 850 αὐτοῦ
416 805 630 863 ἐξέκνησε,
682 808 756 852 καὶ
798 808 942 850 ἔπειτα
984 806 1031 848 ἐν
1060 809 1122 864 τῷ
1152 804 1264 862 ξύλῳ
1294 808 1375 847 τοῦ

113 876 284 918 δελτίου
328 874 487 929 ἔγραψε
526 874 607 931 τὴν
651 875 852 932 βασιλέος
882 873 1081 929 γνώμην·
1124 874 1307 928 ποιήσας
1330 872 1375 916 δὲ

114 946 274 995 ταῦτα,
322 939 462 985 ὀπίσω
493 943 659 998 ἐπέτηξε
689 942 767 987 τὸν
796 941 934 999 κηρὸν
964 941 1031 985 ἐπὶ
1061 939 1115 983 τά
1144 941 1375 996 γράμματα

110 1011 184 1053 ἵνα
214 1009 459 1066 φερόμενον
488 1010 634 1054 κεινὸν
662 1010 710 1054 τὸ
743 1013 910 1054 δελτίον
940 1009 1073 1065 μηδὲν
1092 1013 1269 1064 πρῆγμα
1298 1026 1376 1051 πα-

87 1077 233 1133 Ερέχοι
264 1079 307 1121 οἷ
334 1077 444 1132 πρὸς
472 1083 559 1122 τῶν
589 1078 894 1136 ὁδοφυλάκων.
948 1078 1035 1121 ἐπεὶ
1057 1077 1102 1120 δὲ
1133 1077 1205 1120 καὶ
1235 1076 1433 1119 &ntus-40

114 1161 165 1188 το
196 1145 238 1196 ἐς
262 1144 343 1201 τήν
372 1149 693 1203 Λακεδαίμονα,
743 1147 825 1192 οὐκ
855 1144 969 1202 εἶχον
1008 1145 1307 1201 συμβαλέσθαι
1339 1145 1382 1187 οἱ
1440 1149 1519 1189 618

115 1213 468 1269 Λακεδαιμόνιοι,
506 1216 613 1269 πρίν
651 1230 698 1270 γε
728 1214 782 1270 δή
819 1226 916 1270 σφι,
943 1211 1001 1264 ὥς
1030 1212 1112 1268 ἐγώ
1152 1212 1379 1256 πυνθάνο·

116 1298 206 1337 μαι,
246 1281 511 1338 Κλεομένεος
548 1283 627 1338 μὲν
656 1281 876 1338 θυγάτηρ,
909 1283 1137 1324 Λεωνίδεω
1173 1281 1219 1323 δὲ
1249 1278 1376 1334 γυνή,

118 1349 287 1405 Γοργώ,
309 1348 512 1402 ὑπέθετο,
531 1349 853 1408 ἐπιφρασθεῖσα
873 1348 998 1406 αὕτη,
1012 1349 1086 1393 τόν
1110 1346 1247 1405 κηρὸν
1267 1351 1379 1391 κνᾶν
1390 1350 1433 1387 45

118 1535 270 1574 δελτίον
323 1534 512 1587 δίπτυχον
551 1533 715 1588 λαβών]

60 1590 185 1629 Affert
213 1593 354 1628 Pollux
383 1594 445 1639 IV,
479 1596 529 1634 18
558 1595 644 1630 coll.
665 1594 717 1639 X,

61 1648 128 1696 58,
159 1655 196 1685 et
230 1651 398 1685 Zonaras
426 1651 443 1685 I
463 1663 501 1699 p.
524 1653 618 1698 770,
652 1650 719 1685 ubi

60 1703 255 1752 ἐξέκνισεν
285 1719 353 1756 pro
383 1704 577 1756 ἐξέκνησε,
599 1713 641 1743 ut
661 1713 720 1743 et-

60 1762 139 1798 iam
170 1761 305 1799 Saldas
335 1776 364 1802 s,
388 1776 424 1801 v.
446 1764 463 1798 I
487 1777 525 1813 p.
546 1762 628 1803 764¹
654 1762 721 1799 ha·-

62 1819 137 1867 bet,
168 1818 271 1870 quod
295 1821 562 1869 interpretatur
590 1819 721 1866 ἐξέκο-

62 1883 143 1924 ψεν
172 1875 341 1923 (abscidit
366 1888 499 1923 ceram,
527 1889 615 1912 cum
646 1889 719 1926 po-

62 1932 136 1968 tius
156 1933 202 1968 sit
222 1933 358 1969 abrasit
375 1933 518 1982 ceram),
539 1932 718 1983 idemque

64 1987 202 2025 Suidas
212 2002 277 2025 επ.
292 1987 449 2037 ἐπέτηξε
460 1989 719 2040 1p.795affert

64 2044 294 2092 lstrodotea,
325 2044 364 2081 id
385 2047 508 2096 ipsum
523 2059 717 2096 exponens

65 2099 242 2151 ἓλέανεν,
273 2104 379 2140 λεῖον
418 2101 597 2153 ε’]τοίησε,
630 2117 719 2139 cum

64 2155 223 2208 ἐπέτηξε
243 2159 367 2208 potius
396 2166 527 2196 sonet:
565 2158 722 2210 liquefa-

66 2217 158 2251 ctam
180 2214 359 2261 (ceram)
380 2215 595 2265 superfudit,
617 2215 722 2267 quod

64 2270 169 2308 idem
188 2271 382 2322 Polyaeno
403 2273 450 2319 ΙΙ,
467 2275 520 2311 20
546 2279 599 2309 est
628 2268 723 2324 ἔκη’-

67 2339 190 2378 ρωσε;
219 2327 286 2364 sed
305 2328 453 2365 Aeneas
474 2330 621 2366 Tactic.
643 2343 729 2380 cap.

68 2385 118 2424 31
144 2381 226 2434 (ubi
246 2383 325 2421 vid.
365 2386 525 2422 Casaub.
549 2393 585 2422 et
610 2387 725 2428 Orell.

67 2452 106 2490 p.
125 2441 205 2480 238
226 2441 323 2492 seq.)
355 2449 393 2478 et
412 2443 483 2480 lul.
519 2443 638 2479 Afric.
671 2445 724 2484 53

67 2494 329 2533 Herodoteum
348 2500 508 2536 verbum
529 2499 664 2536 eadem
684 2501 723 2536 in

67 2566 109 2589 re
145 2553 395 2592 retinuerunt.
463 2556 574 2594 Conf.
608 2557 724 2593 etiam

66 2609 198 2648 lustin.
238 2611 346 2658 XXI,
385 2613 423 2650 6.
489 2611 583 2649 Inde
634 2626 725 2650 cum

68 2664 344 2703 Valckenaerio
385 2668 438 2704 sic
488 2668 725 2719 interpretem

67 2723 201 2760 malim
210 2722 394 2760 Herodoti
406 2724 535 2760 locum
548 2736 557 2761 :
578 2728 725 2776 sumptis

69 2779 209 2817 tabellis
233 2780 438 2830 biplicz'bus,
470 2793 591 2818 earum
614 2795 727 2819 ceram

71 2837 208 2885 erasit,
268 2849 410 2887 cumque
435 2838 473 2875 in
504 2838 602 2886 ligno
632 2840 727 2888 regis

775 1535 958 1573 consilium
988 1535 1201 1583 scripsisset,
1245 1545 1359 1570 ceram
1392 1533 1436 1568 li-

776 1592 976 1643 quefactam
1022 1591 1133 1627 literis
1172 1589 1435 1640 superinduxit.

775 1648 941 1686 Δελτίον
977 1647 1166 1697 δίπτυχον
1183 1653 1295 1684 vocat
1323 1645 1436 1682 tabel-

777 1705 848 1742 lam
893 1704 1111 1754 duplicatam
1153 1717 1182 1742 s.
1220 1703 1433 1753 pugillares.

777 1762 841 1799 Sic
857 1761 1022 1800 Δελτίον
1042 1759 1144 1811 apud
1173 1759 1314 1796 Herod.
1337 1760 1434 1805 Vm,

778 1818 871 1858 135.
913 1819 1028 1854 Plura
1048 1818 1086 1853 in
1109 1815 1294 1867 Stephan.
1314 1814 1435 1855 Thes.

774 1876 819 1911 L.
843 1876 908 1911 Gr.
943 1876 997 1910 Ill
1023 1888 1060 1924 p.
1088 1875 1195 1914 3194
1218 1873 1278 1910 ed.
1301 1872 1436 1923 Valpy.

774 1932 882 1967 Bene
913 1938 1042 1967 autem
1083 1929 1268 1966 Herodoti
1306 1930 1437 1966 locum

776 1987 957 2024 adhibent
978 1986 1025 2023 ad
1045 1987 1328 2032 Homer.ll.VI‚
1345 1988 1437 2032 169,

774 2046 841 2081 ubi
860 2045 979 2091 πίναξ
999 2040 1167 2090 πτυκτδς
1189 2043 1339 2080 Videtur
1359 2055 1437 2079 esse

774 2102 924 2149 tabula,
963 2100 1109 2138 duobus
1140 2101 1321 2137 asseribus
1343 2112 1438 2135 con—

776 2165 889 2206 stans,
908 2159 973 2209 qui
993 2158 1211 2207 complicari
1233 2164 1269 2193 et
1297 2156 1438 2206 signari

777 2221 974 2265 poteraut3
998 2215 1109 2266 quale
1131 2215 1262 2265 utique
1282 2212 1356 2250 hoc
1378 2214 1440 2263 ip-

783 2284 868 2308 sum
889 2272 1001 2307 faerit
1021 2271 1173 2310 δελτίον
1195 2271 1382 2320 δίπτυχον
1404 2276 1440 2306 et

784 2341 882 2380 quae
911 2328 1028 2378 vulgo
1069 2334 1254 2365 vocantur
1295 2325 1439 2378 βυβλία

783 2386 961 2436 δίπτυχα.
994 2385 1102 2421 Conf.
1132 2386 1268 2435 Heyne
1289 2382 1337 2420 ad
1357 2384 1440 2419 Ho-

779 2443 877 2478 meri
895 2443 920 2479 l.
941 2443 966 2479 l.
988 2443 1038 2478 T.
1059 2441 1105 2477 V.
1125 2454 1213 2492 pag.
1235 2443 1329 2481 22¹2.

840 2496 964 2550 μηδὲν
993 2499 1155 2548 πρῆγμα
1185 2495 1347 2547 παρέχοι
1380 2495 1439 2544 οἱ]

779 2558 836 2593 De
860 2555 1049 2592 locutione
1076 2555 1125 2591 cf.
1157 2555 1186 2601 l,
1220 2554 1312 2593 135.
1360 2553 1441 2589 ΥΟ-

782 2614 908 2650 culam
942 2610 982 2649 οἱ
1010 2612 1048 2646 in
1071 2609 1299 2662 quibusdam
1321 2609 1439 2645 omis-

781 2682 862 2707 sam
872 2669 969 2704 bene
989 2669 1126 2704 tuearis
1147 2680 1236 2703 cum
1255 2664 1438 2703 Abresch.

781 2723 971 2762 Dilucidd.
995 2721 1203 2774 Thucydd.
1234 2735 1321 2772 pag.
1347 2720 1440 2761 247.

784 2782 918 2820 Omisit
940 2793 1024 2816 eam
1044 2792 1198 2831 quoqne
1226 2777 1440 2815 Bekkerus.

844 2833 998 2889 Γοργώ]
1014 2838 1142 2887 Gorgo
1154 2834 1346 2872 Leonidae
1363 2847 1441 2871 non
