1834 3258
515 240 816 277 ERATO.
875 240 952 276 VI.
1295 242 1375 282 401

910 346 1167 392 Κλεισθένεϊ
1202 365 1286 405 γαρ
1316 365 1375 406 τῳ
1434 362 1552 391 nicrum
1575 365 1709 399 tyrann5‚

111 359 222 399 τοῖσι
247 351 421 408 ΗΕλλησι
460 349 490 408 ἢ
529 348 744 406 πρότερον
780 344 850 405 ἦν·
1436 398 1629 428 affinitatem.
1650 400 1711 434 Qui

59 540 147 576 alias
172 536 346 582 victorIas
365 547 444 572 una
477 535 713 587 Olympiaca,

59 608 80 633 a
109 593 248 631 Criticis
278 593 507 644 plerumque
535 594 714 643 Megacli,

56 650 293 688 Alcmaeonis
349 651 448 700 patri
468 679 478 698 ,
558 650 714 701 Olymp.

55 707 192 745 XLVII
222 707 409 756 assignata
429 736 438 754 ,
497 718 584 742 eam
623 720 713 743 cum

54 763 283 813 Wesseling.
313 764 447 799 malim
489 761 622 799 haberi
642 777 711 814 pro

53 833 96 857 ea
126 820 232 857 cuius
261 818 301 856 11.
333 821 359 856 l.
389 821 568 857 meminit
590 822 715 857 Hero—

52 876 174 914 dotus.
231 877 331 912 Nam
352 877 496 927 legatos
521 890 542 913 a
575 877 714 914 Croeso

50 930 184 971 missos
201 932 249 970 ad
262 932 495 984 Delphicum
517 935 716 970 oraculum

49 992 80 1028 si
100 1003 287 1041 ponamus
299 990 424 1041 Olym.
437 992 533 1038 LVI,
558 994 576 1031 1
590 1004 619 1027 s.
633 991 714 1032 556

29 1060 33 1062 ’
50 1060 85 1088 a,
97 1046 168 1083 Ch.
179 1060 217 1086 n.
230 1047 346 1099 (quae
362 1048 477 1097 vulgo
490 1054 641 1097 recepta
661 1054 716 1084 est

49 1105 262 1148 sententia,
293 1116 314 1140 a
334 1116 409 1154 qua
432 1103 590 1141 discedit
610 1105 715 1141 Voe-

48 1161 140 1197 mel.
168 1161 227 1196 De
247 1167 369 1196 aetate
390 1161 542 1197 Solonis
573 1174 611 1210 p.
643 1163 711 1200 21.

22 1253 25 1256 ,
50 1220 102 1258 23
136 1229 282 1268 ponens
323 1217 476 1269 Oljanp,
505 1218 602 1265 LVI,
634 1219 661 1257 2
681 1230 711 1255 S.

50 1272 130 1316 555
153 1286 187 1310 a.
228 1272 319 1311 Chr.
358 1275 432 1324 n.),
494 1273 711 1325 Sardesque

49 1338 286 1381 expugnatas
317 1331 612 1382 Olymp.LVIII,
634 1330 659 1371 4
681 1345 711 1368 s.

37 1386 130 1427 ’545
153 1401 174 1424 3
196 1386 285 1424 Chr.
308 1387 425 1439 (quae
444 1387 626 1424 Larcheri
658 1395 713 1425 est

49 1445 156 1492 ratio,
178 1445 335 1495 probata
354 1447 567 1495 nuper-viro
586 1444 712 1493 docto,

48 1502 131 1552 Ley
148 1502 189 1537 in
208 1502 362 1539 Dissert.
383 1503 442 1538 De
461 1502 527 1538 fat.
540 1503 709 1553 Aegypt.

50 1564 122 1594 etc.
143 1570 231 1608 pag.
255 1561 305 1598 31
320 1587 330 1605 ,
363 1559 442 1595 aliis
464 1560 572 1595 aliter
592 1566 714 1596 statu-

50 1615 210 1662 entibus,
241 1628 331 1651 cum
352 1614 523 1652 Schultz·
555 1629 598 1652 ac
618 1616 714 1652 Vol-

49 1671 157 1707 neius
192 1679 338 1721 ponant
370 1673 524 1724 Olymp.
562 1672 660 1725 LV}
679 1685 710 1710 s.

48 1727 130 1769 557
147 1740 180 1766 a.
207 1726 296 1765 Chr.
316 1729 489 1766 Voemel.
510 1730 568 1765 De
589 1736 711 1766 aetate

49 1784 201 1821 Solonis
221 1798 308 1835 pag.
336 1788 389 1825 23
417 1799 524 1838 seqq.
555 1787 711 1838 Olymp.

47 1841 144 1888 LVI,
165 1840 190 1881 4
216 1855 246 1878 s.
268 1843 350 1883 552
379 1855 412 1881 a.
437 1842 526 1879 Chr.
546 1856 584 1881 n.
617 1856 713 1880 cou-

48 1898 197 1944 stituat3
241 1897 319 1936 vid.
355 1905 451 1936 nott.
483 1899 532 1936 ad
558 1901 588 1948 l,
615 1900 710 1948 86),

48 1952 145 1990 haec
168 1955 325 1990 victoria
355 1955 403 1992 ad
426 1956 580 2006 Olymp.
609 1956 712 1992 LVII

48 2010 180 2046 referri
219 2012 378 2060 poterit,
429 2025 518 2048 cum
557 2012 711 2062 Olymp.

47 2067 168 2103 LVIII
183 2068 394 2117 Diagnotus
417 2068 634 2105 Crotoniata
657 2070 712 2105 vi-

48 2124 153 2160 cerit.
232 2124 363 2161 Obstat
409 2138 501 2161 sane
556 2124 714 2162 Pindari

49 2178 222 2217 scholion
254 2181 360 2226 (coll.
390 2180 521 2219 Schol.
553 2181 602 2219 ad
623 2182 714 2218 Ari-

49 2235 173 2287 stoph.
194 2237 322 2275 Nubb.
343 2239 439 2288 71),
470 2240 510 2275 in
531 2252 607 2291 quo
628 2240 715 2276 Me-

50 2294 175 2343 gacles
195 2295 328 2331 vicisse
367 2294 529 2333 traditur
558 2296 714 2348 Olymp.

49 2351 164 2397 LVII,
189 2354 207 2391 1
231 2364 260 2389 s,
284 2351 367 2392 552
382 2364 415 2389 a.
429 2351 518 2389 Chr.
535 2366 573 2389 n.
590 2354 714 2390 victo-

51 2407 205 2458 riaeque
236 2405 423 2444 honorem
465 2410 616 2447 cessisse
646 2411 714 2446 Pi—

51 2464 211 2500 sistrato,
243 2463 348 2509 Quae
369 2478 490 2516 quum
510 2467 714 2504 conciliare

51 2532 239 2572 perquam
267 2521 314 2557 sit
341 2519 513 2567 difficile,
551 2524 714 2560 maiores

54 2575 149 2614 adeo
170 2575 408 2614 difficultates
424 2581 602 2627 excitant,
616 2593 715 2631 quae

36 2628 235 2670 ‘continuo
267 2633 369 2684 apud
401 2609 641 2673 Herodotu⁷m
660 2638 715 2674 le-

55 2696 197 2739 guntur
226 2691 361 2727 verba:
402 2706 498 2739 μετα
519 2692 572 2739 ,δὲ
598 2695 716 2744 γενεῇ

57 2745 218 2800 δευτέρῃ
259 2742 428 2798 ὕστερον
466 2747 716 2799 Κλεισθένης

57 2815 93 2840 κ.
110 2816 144 2841 τ.
168 2805 202 2843 λ.
223 2804 254 2840 si
275 2803 432 2855 quidem
462 2805 604 2842 iustum
625 2804 715 2842 hinc

58 2863 272 2909 temporum
293 2860 467 2898 ordinem
488 2863 715 2907 constituere

113 2915 332 2954 Hrnonor.
353 2919 420 2956 111.

769 535 875 572 velis.
933 536 1039 572 Haec
1080 536 1186 572 enim
1214 536 1245 573 si
1264 537 1432 587 genuina

770 599 858 628 sunt
872 621 881 639 ,
902 592 1147 630 Alcmaeonis
1160 594 1358 630 victoriam
1372 607 1436 630 re-

768 647 969 685 ferendam
1020 663 1098 686 esse
1162 657 1328 700 arguunt
1386 649 1433 687 ad

770 706 923 756 Olymp.
953 706 1050 753 LIV,
1090 708 1125 753 1,
1154 713 1197 743 ut
1217 708 1315 743 bene
1345 720 1434 744 mo-

767 763 854 798 nuit
874 763 1046 799 Voemel.
1069 762 1109 798 in
1129 765 1256 814 script.
1287 763 1334 801 de
1356 765 1433 802 So-

771 819 861 855 lone
888 832 976 870 pag.
999 822 1037 867 8,
1060 832 1136 871 quo
1157 821 1238 871 ipso
1259 828 1434 872 tempore

773 876 956 923 Croesus,
996 889 1164 928 quocum
1197 884 1284 914 ante
1312 880 1436 915 victo-

771 933 870 969 riam
888 934 1101 970 Alcmaeon
1122 946 1344 984 congressus
1355 948 1435 972 esse

772 989 910 1038 fertur,
966 989 1143 1027 nondum
1189 998 1300 1028 natus
1346 992 1433 1030 fuit.

774 1046 899 1091 Quam
928 1045 1192 1084 difficultatem
1222 1048 1319 1084 bene
1349 1063 1438 1099 per·

770 1104 931 1153 spiciens
954 1102 1126 1140 Schultz.
1147 1104 1292 1155 Appar.
1314 1107 1434 1144 crific.

769 1172 859 1210 pag.
883 1162 931 1199 11
947 1173 1025 1211 seq.
1046 1162 1098 1197 ita
1113 1162 1260 1209 statuit,
1290 1163 1321 1198 si
1343 1163 1436 1214 quid

769 1218 851 1253 veri
869 1214 959 1253 111110
979 1217 1141 1254 fabellae
1161 1219 1291 1266 subsit,
1311 1232 1391 1256 non
1412 1233 1435 1256 a

771 1273 930 1321 Croeso,
961 1287 1098 1311 verum
1129 1287 1150 1310 a
1181 1275 1311 1312 Croesi
1328 1284 1436 1326 patre

767 1331 944 1381 Alyatte,
976 1332 1042 1382 qui
1071 1338 1166 1368 teste
1186 1332 1383 1370 Herodoto
1403 1336 1434 1381 I,

773 1390 824 1427 19
847 1394 883 1424 et
902 1388 982 1437 ipse
1014 1387 1197 1439 Pythiam
1231 1391 1434 1427 consulue-

769 1450 844 1490 rat,
897 1443 1035 1481 divitiis
1065 1447 1304 1483 cumulatum
1354 1461 1434 1484 esse

769 1501 1072 1539 Alcmaeonem:
1131 1502 1309 1541 Boeckh.
1348 1506 1434 1542 Ex-

768 1558 879 1608 plicc.
900 1557 1040 1595 Pindd.
1073 1573 1111 1610 p.
1134 1558 1434 1600 304Alcmaeo-

769 1615 827 1651 nis
856 1615 1057 1652 victoriam
1092 1617 1335 1668 Olympicam
1354 1631 1436 1655 non

767 1672 882 1707 aliam
905 1685 997 1718 esse,
1023 1686 1141 1724 quam
1163 1687 1260 1725 quae
1289 1688 1311 1711 a
1338 1676 1437 1712 Pin-

769 1727 860 1765 daro
880 1728 1121 1779 praedicetur
1136 1760 1145 1778 ,
1166 1730 1272 1767 idem
1292 1733 1435 1781 statuit,

769 1798 932 1836 eamque
942 1787 1141 1823 victoriam
1159 1789 1198 1823 in
1219 1790 1436 1838 Megaclem

768 1842 945 1879 transfert
959 1844 1112 1894 Olymp.
1127 1845 1244 1881 LVII.
1265 1846 1436 1882 Voelne-

768 1899 840 1935 lius
859 1899 884 1936 l.
907 1899 933 1936 l.
967 1901 1213 1937 Alcmaeonis
1234 1902 1434 1939 victoriam

770 1954 819 1991 ad
831 1955 1061 2006 Olymp.LI,
1088 1960 1106 1996 1
1130 1970 1158 1994 s·
1181 1956 1262 1999 516
1285 1971 1319 1995 a.
1342 1957 1433 1999 Chr.

768 2024 809 2048 n.
830 2012 961 2048 referri
978 2025 1086 2063 posse
1106 2015 1314 2064 suspicatus
1336 2015 1433 2068 (quo

769 2075 943 2118 tempore
975 2069 1157 2117 Croesus,
1187 2084 1209 2108 e
1246 2072 1435 2110 Voemelii

769 2126 977 2162 rationibus
997 2133 1108 2163 natus
1131 2128 1189 2164 01.
1206 2129 1341 2177 XLIV,
1363 2133 1388 2170 3
1401 2143 1432 2170 s.

770 2183 853 2222 602
870 2194 903 2218 a.
926 2181 1017 2219 Chr.
1040 2196 1094 2231 n.,
1117 2185 1254 2234 agebat
1285 2199 1433 2224 annum

770 2239 1001 2276 vicesimum
1041 2248 1214 2289 sextum,
1253 2243 1432 2281 nondum

770 2295 850 2346 ipse
870 2309 959 2344 rex,
989 2296 1056 2333 sed
1070 2300 1180 2348 regni
1198 2306 1349 2336 tantum
1369 2314 1436 2338 so-

771 2353 886 2402 cius),
918 2354 1035 2390 verba
1064 2357 1183 2410 γενεῇ
1204 2356 1366 2410 δευτέρῃ
1385 2353 1435 2396 ὕ-

771 2420 910 2461 στερον
926 2410 988 2446 vel
999 2411 1183 2448 mutanda
1195 2421 1323 2450 censet
1343 2427 1434 2451 eum

769 2466 810 2502 in
821 2465 1004 2504 modum:
1027 2462 1248 2519 όλυμπιαόι
1270 2469 1433 2525 δευτέρῃ

769 2518 938 2574 ὕστερον
977 2525 1038 2561 vel
1065 2538 1217 2575 prorsus
1249 2527 1434 2576 tollenda,

771 2592 861 2615 cum
883 2593 904 2616 a
924 2581 1076 2618 librario
1099 2582 1267 2634 quodam
1278 2591 1435 2620 antece-

773 2635 949 2674 dentibus
969 2638 1093 2675 verbis
1114 2636 1210 2689 μετοὲ
1233 2637 1286 2685 δὲ,
1308 2641 1434 2690 expli-

772 2694 930 2730 cationis
966 2707 1080 2731 causa
1119 2709 1321 2746 perperam
1358 2697 1435 2733 sint

772 2752 954 2800 apposita.
1011 2751 1069 2787 Ac
1118 2753 1251 2801 negari
1287 2754 1433 2804 nequit,

771 2804 830 2843 his
884 2808 1008 2845 verbis
1067 2807 1243 2857 abiectis,
1303 2810 1433 2846 omnia

773 2863 916 2914 optime
935 2862 1155 2914 procedere.

1100 2922 1155 2961 26
