1815 3181
406 211 491 250 298

800 209 1259 247 HERODOTI

409 318 483 362 καὶ
511 316 618 367 Διὸς
654 314 894 370 Οὐρανίου·
938 318 1011 360 καὶ
1049 317 1237 373 πόλεμόν
1273 336 1319 375 γε
1350 319 1548 375 ἐκφέρειν
1591 318 1660 364 ἐπ’

409 386 465 441 ἣν
504 386 559 429 ἂν
597 385 843 441 βούλωνται
880 383 1048 445 χώρην·
1089 386 1248 430 τούτου
1289 387 1334 430 ὀὲ
1363 390 1525 443 μηδένα
1552 385 1720 432 εἷναι4ο

381 453 724 508 ΞΣπαρτιητέων
764 452 1059 509 διακωλυτήν·
1101 456 1138 497 εἰ
1169 454 1214 498 δὲ
1245 454 1323 511 μή,
1364 455 1497 500 αὐτὸν
1527 456 1574 500 ἐν
1602 460 1665 515 τῷ

408 521 503 578 ἄγεϊ
532 522 765 576 ἐνέχεσθαι.
820 522 1172 578 στρατευομένων
1212 523 1279 575 δὲ,
1317 523 1517 578 πρώτους
1555 524 1665 566 ἰέναι

408 590 509 641 τούς
538 588 762 645 βασιλέας,
792 587 1005 641 ὑστάτους
1034 589 1079 634 δὲ
1108 588 1298 635 ἀπιέναι·
1329 590 1484 636 ἑκατὸν
1513 591 1560 636 δὲ
1589 589 1664 635 ἄν·

351 789 516 824 Graecos
538 785 756 822 obtinuerit.
799 785 1009 836 Spartano-

351 857 438 881 rum
469 844 620 893 regibus
652 843 857 893 antiquitus
882 855 1010 878 sacer-

353 899 457 937 dotia
485 900 685 936 commissa
712 899 826 935 fuisse
853 905 1010 935 testatur

351 970 505 1008 quoque
525 957 744 993 Aristoteles
760 955 873 993 Polit.
888 956 954 1002 111,
969 956 1008 994 9.

349 1015 526 1065 Namque
545 1012 621 1050 1100
641 1012 690 1049 ad
716 1014 862 1063 regiam
882 1011 1009 1061 digni-

349 1078 468 1108 tatem
487 1071 668 1121 pertinuit
684 1099 694 1117 ,
717 1070 868 1121 qualem
889 1071 1010 1119 prisca

349 1129 588 1164 Graecorum
615 1133 736 1163 aetate
764 1127 1009 1164 constitutam

349 1185 586 1235 Spartaeque
615 1189 802 1220 retentam
833 1196 911 1219 esse
943 1195 1010 1218 30-

346 1243 531 1292 cepimus,
570 1247 614 1278 ut
638 1241 749 1277 sacris
781 1237 1010 1292 quibusdam

347 1298 520 1349 publicis,
553 1310 650 1348 quae
674 1295 723 1333 ad
743 1309 898 1334 omnem
918 1309 1009 1346 per-

348 1356 513 1391 tinerent
543 1355 759 1398 civitatem,
790 1366 897 1403 reges
917 1353 1008 1388 fun-

349 1417 543 1462 gerentur.
620 1409 732 1446 Unde
764 1423 916 1461 quoque
944 1422 1008 1445 re-

348 1467 581 1519 petendum,
621 1465 723 1518 quod
751 1480 858 1517 reges
890 1466 1009 1516 Spar-

340 1525 428 1562 tani
448 1523 496 1560 ad
513 1524 655 1560 bellum
670 1524 874 1573 profecturi
886 1523 1009 1572 Apol-

348 1582 418 1618 lini
438 1593 542 1617 sacra
570 1580 778 1627 faciebant,
825 1587 939 1631 atque
966 1581 1006 1615 in

348 1639 437 1689 ipsis
470 1636 775 1686 expeditionibus
817 1636 1007 1673 sacrifica—

349 1696 455 1732 bant.
513 1694 622 1730 Conf.
643 1694 792 1729 muller.
811 1694 836 1729 l.
858 1694 884 1729 1.
913 1694 949 1728 Π
967 1706 1006 1742 p.

347 1754 484 1792 90.—-
516 1750 586 1787 Cr.
607 1750 770 1786 conferri
789 1751 870 1786 vult
883 1750 1006 1799 Apol-

347 1809 426 1844 lon.
459 1806 506 1843 de
528 1807 740 1843 Construct.
765 1807 812 1853 11,
843 1809 892 1846 31
916 1819 1005 1856 pag.

352 1863 428 1906 184
456 1864 585 1915 ibique
604 1861 774 1901 Bekker.
801 1875 888 1914 pag.
910 1865 1007 1904 399.

404 1971 576 2026 πόλεμόν
604 1990 647 2027 γε
679 1973 888 2026 ἐκφέρειν]
921 1976 1004 2012 Hoc

347 2045 427 2069 11011
446 2033 497 2068 ita
517 2031 821 2082 intellhgendum⁷
839 2032 920 2069 acsi
933 2045 1005 2082 pe-

348 2101 415 2124 nes
446 2101 552 2138 reges
579 2090 677 2125 solos
705 2089 831 2136 fuerit,
859 2089 1006 2125 belliun

347 2143 516 2180 indicere
537 2146 827 2196 quibuscunque
846 2146 1006 2195 placue-

349 2201 418 2248 rit,
449 2199 522 2237 hoc
554 2202 657 2237 enim
687 2201 868 2252 iuseapud
886 2203 1006 2237 Dores

349 2256 398 2294 ad
418 2270 575 2293 omnem
596 2259 787 2294 civitatem
806 2259 1008 2308 pertinuit3

348 2327 372 2350 a
403 2326 478 2365 qua
511 2313 664 2365 quando
695 2314 841 2350 bellum
872 2312 1007 2349 decre.-

348 2376 433 2406 tum
464 2377 562 2417 erat,
601 2383 736 2420 regum
766 2370 916 2406 arbitrio
947 2376 1008 2406 at-

349 2439 424 2478 que
452 2427 612 2476 imperio
651 2428 779 2463 omnia
818 2427 869 2463 ita
897 2438 1006 2462 00111-

346 2484 461 2521 missa
494 2490 607 2527 sunt,
647 2490 711 2530 ut,
751 2484 877 2534 prouti
906 2483 1006 2532 opti·
1035 2529 1039 2532 ῃ

345 2553 456 2576 mum
485 2541 572 2590 ipsiS
592 2538 803 2587 videretur,
834 2546 1001 2589 agerent,

348 2597 568 2648 bellumque
581 2625 590 2643 ,
621 2609 852 2648 quocunque
871 2597 1001 2646 place-

347 2660 426 2701 ret,
480 2653 743 2701 transferrent,
802 2666 892 2690 cum
931 2654 1000 2702 ipsi

346 2723 497 2747 summo
510 2717 633 2747 essent
652 2709 809 2760 praediti
828 2711 1000 2759 imperio.

346 2766 411 2802 Tu
423 2766 498 2804 vicl.
518 2768 756 2817 potissimum
776 2768 818 2804 G.
839 2767 883 2805 Ο.
898 2766 1001 2803 Mn]-

345 2823 412 2861 ler.
434 2824 458 2860 1.
479 2824 505 2861 1.
525 2825 560 2861 11
579 2836 668 2876 pag.
691 2823 784 2866 104.

1122 783 1165 824 ἒν
1185 787 1241 840 τῷ
1259 783 1349 839 ἄγεϊ
1367 785 1597 838 ἐνέχεσθαι]
1629 787 1654 823 1.
1685 800 1720 824 0.

1059 842 1246 891 piaculari
1266 856 1295 881 s.
1317 846 1469 880 maximo
1485 846 1626 880 crimine
1647 855 1721 880 eum

1067 900 1184 937 teneri.
1243 900 1318 936 Ubi
1359 899 1406 936 de
1443 901 1720 950 praepositione

1067 952 1109 993 ἔν
1129 957 1288 1006 repetita
1309 956 1370 1005 (ut
1385 957 1464 1004 VII,
1489 957 1609 1005 128),
1631 957 1720 993 alias

1065 1023 1177 1062 saepe
1198 1015 1335 1050 omissa
1353 1014 1503 1050 monuit
1535 1011 1721 1050 Valcken.

1066 1068 1183 1105 citans
1211 1069 1458 1107 Demosthen.
1481 1084 1513 1106 c.
1541 1071 1722 1107 Aristocr-

1064 1137 1103 1174 p.
1125 1123 1218 1174 408,
1240 1127 1306 1166 51.
1340 1128 1405 1177 [p.
1432 1130 1525 1174 632,
1548 1130 1573 1167 2
1593 1125 1722 1163 Reisk.

1063 1179 1165 1218 Add.
1186 1184 1230 1218 Iu
1251 1184 1444 1221 Macartat.
1477 1196 1516 1233 p.
1540 1184 1660 1229 1069,
1682 1185 1722 1223 9·

1063 1237 1139 1273 Pro
1181 1237 1318 1277 Coron.
1359 1241 1484 1276 Trier.
1522 1252 1560 1289 p.
1602 1242 1723 1284 1231,

1068 1293 1161 1342 15.]
1205 1295 1395 1334 Andocid.
1428 1308 1516 1346 pag.
1558 1297 1622 1343 12,
1653 1297 1723 1335 26-

1065 1350 1183 1401 [pag.
1213 1353 1282 1401 46,
1317 1353 1341 1394 5
1363 1351 1518 1399 Reisk]
1549 1351 1607 1387 Ac
1635 1352 1724 1388 satis

1063 1415 1201 1444 notum
1217 1438 1227 1456 ,
1268 1416 1431 1460 utroque
1468 1406 1585 1444 modo
1601 1436 1612 1455 ‚
1659 1408 1722 1445 vel

1065 1461 1192 1501 addita
1212 1467 1272 1502 vel
1293 1468 1429 1502 omissa
1442 1464 1721 1515 praepositione

1065 1518 1119 1567 ἐν,
1145 1523 1259 1559 verba
1281 1521 1450 1573 ἔχεσθαι,
1472 1520 1720 1572 συνέχεσθαι,

1064 1577 1136 1615 alia
1152 1577 1192 1616 id
1212 1592 1331 1628 genus
1352 1581 1456 1629 poni.
1513 1579 1629 1614 Plura
1650 1575 1721 1614 da-

1066 1633 1160 1672 bunt
1179 1637 1410 1685 VVvesseling.
1433 1633 1481 1671 ad
1491 1633 1633 1671 Herod.
1653 1633 1720 1681 III,

1066 1694 1158 1732 129.
1217 1692 1415 1729 Heindorf.
1467 1690 1516 1727 ad
1572 1692 1720 1727 Platon.

1060 1747 1226 1786 Phaedr.
1248 1763 1286 1799 p.
1309 1751 1402 1795 2233
1423 1747 1471 1784 ad
1493 1746 1660 1798 Sophist.
1681 1760 1720 1797 p.

1063 1806 1158 1846 346.
1214 1807 1265 1842 Et
1297 1805 1428 1842 confer
1447 1817 1601 1856 quoque
1620 1810 1720 1841 nott.

1062 1861 1112 1902 ad
1139 1862 1202 1909 IV,
1226 1865 1319 1902 131.

1120 1915 1260 1957 ἑκατόν
1285 1916 1328 1957 δὲ
1349 1915 1498 1967 ἄνδρας
1526 1912 1718 1968 λογάδας]

1064 1975 1272 2013 centenario
1297 1973 1359 2011 hic
1389 1972 1621 2011 offendimur
1639 1987 1718 2010 nu-

1060 2045 1181 2079 mero,
1203 2044 1293 2068 cum
1310 2032 1426 2082 vulgo
1438 2034 1601 2068 trecentos
1621 2031 1720 2080 regis

1061 2090 1257 2139 stipatores
1301 2087 1551 2139 custodesque
1605 2087 1720 2123 fuisse

1061 2151 1238 2192 narrent,
1269 2158 1409 2195 eosque
1438 2145 1546 2196 equis
1575 2150 1718 2190 vectos,

1062 2208 1156 2238 teste
1176 2199 1396 2252 Thucydid,
1417 2201 1462 2247 V,
1492 2202 1559 2240 72.
1592 2201 1719 2235 Hero-

1064 2257 1153 2294 doto
1182 2258 1280 2304 VIII,
1306 2259 1384 2296 124
1405 2256 1492 2293 coll.
1512 2256 1593 2303 VII,
1623 2254 1717 2296 205.

1061 2314 1210 2350 muller.
1230 2313 1258 2349 l.
1282 2313 1309 2350 l.
1337 2314 1373 2348 Π
1394 2325 1479 2364 pag.
1501 2311 1596 2353 241.
1639 2313 1718 2348 Ita-

1063 2383 1138 2421 que
1159 2370 1230 2406 nisi
1257 2370 1392 2406 vitium
1411 2370 1577 2419 irrepsit,
1607 2381 1655 2405 ex
1673 2369 1719 2405 il-

1062 2427 1106 2463 lis
1145 2427 1320 2463 trecentis
1366 2433 1521 2463 centum
1578 2425 1716 2462 electos

1062 2483 1176 2519 fuisse.
1216 2489 1423 2520 statuamus
1437 2513 1447 2531 ,
1495 2483 1717 2533 praecipuos

1063 2540 1162 2588 regis
1189 2540 1364 2577 satellites
1385 2540 1629 2590 comitesque.
1651 2539 1716 2575 Tu

1057 2595 1136 2633 vid.
1161 2609 1314 2647 quoque
1347 2595 1393 2632 de
1414 2595 1471 2633 his
1491 2601 1715 2632 mouentem

1057 2655 1232 2690 Korti'un.
1247 2655 1284 2689 111
1300 2651 1494 2691 5011105501
1515 2659 1551 2688 et
1562 2649 1715 2688 Bercht.

1056 2707 1212 2747 Archiv.
1240 2711 1291 2747 IV
1309 2722 1397 2760 pag.
1420 2710 1511 2749 169.
1548 2709 1624 2745 Ρ1·0
1650 2705 1715 2746 ἐπὶ

1058 2768 1241 2816 στρατιῆς
1259 2780 1340 2803 11011
1360 2778 1454 2817 opus
1475 2778 1564 2802 cum
1582 2762 1713 2802 Reisk.

1058 2823 1260 2861 rescribere
1281 2821 1346 2864 ἐπὶ
1368 2822 1590 2874 στρατηΐης.
