1806 3181
406 196 491 236 638
806 197 1272 235 HERODOTI

80 298 360 372 ffiggghdfflsggffl
389 312 586 361 Ξμνονος
623 304 828 360 κήρυκος.
886 305 934 349 ἐν
971 305 1055 362 γὰρ
1086 306 1271 364 Σπάρτῃ
1302 307 1390 351 ἐστὶ
1424 311 1677 364 Ταλθυβίου

80 363 362 460 ἕέξξῑίξξᾶθξξζξξιν
420 372 541 428 ἱρόν·
568 373 649 416 εἰσὶ
679 373 725 417 δὲ
754 374 827 417 καὶ
855 372 1079 430 ἀπόγονοι·
1090 377 1353 432 Ταλθυβίου,
1378 377 1733 434 ΤαλθυβιάδαιΒο

79 437 268 507 ‘fect'i‘f‘stm
287 448 355 476 9‘0·
413 440 690 496 καλεόμενοι,
719 447 833 485 τοῖσι
870 444 916 485 αἱ
944 444 1178 498 κηρυκηίαι
1209 445 1254 486 αἱ
1283 444 1330 487 ἐκ
1359 445 1564 502 Σπάρτης
1591 450 1676 490 πᾶ-

385 517 491 554 Βσαι
513 510 640 566 γέρας
671 510 884 554 δέδονται.
942 513 1046 566 μετα
1069 510 1114 554 δὲ
1143 515 1292 563 ταῦτα,
1322 517 1434 555 τοῖσι
1455 513 1676 569 Σπαρτιή-

411 591 511 636 τῃσι
541 583 821 635 καλλιερῆσαι
859 579 1120 634 θυομένοισι
1162 578 1246 622 οὐκ
1296 579 1501 624 ἐδύνατο·
1563 586 1673 625 τοῦ-

384 652 466 691 4το
504 647 541 691 δ’
572 647 638 691 ἐπὶ
665 648 826 704 χρόνον
858 647 1020 704 συχνὸν
1048 642 1104 702 ἦν
1135 659 1226 703 σφι.
1248 646 1506 704 ἀχθομένων
1536 649 1582 692 δὲ
1602 650 1674 692 καὶ

411 719 622 773 συμφορῇ
652 716 908 771 χρεωμένων
937 718 1312 770 Λακεδαιμονίων,
1343 716 1465 772 ἁλίης
1503 733 1546 760 τε
1575 722 1674 760 πολ-
1687 723 1731 758 35

410 784 532 835 λάκις
564 784 889 841 συλλεγομένης,
919 785 992 828 καὶ
1030 782 1233 840 κήρυγμα
1272 785 1441 828 τοιόνδε
1471 785 1676 840 ποιευμέ-

410 869 514 901 νων,
548 855 588 896 εἴ
613 870 675 904 τις
705 851 910 906 βούλοιτο
933 855 1292 908 Λακεδαιμονίων
1319 855 1406 907 πρὸ
1434 857 1508 908 τῆς
1526 852 1676 907 Σπάρ-

412 938 487 977 της
528 919 845 979 ἀποθνήσκειν,
895 924 1121 977 Σπερθίης
1159 937 1202 964 τε
1239 919 1263 965 ὁ
1308 920 1562 977 Ἀνηρίστου
1601 921 1676 964 καὶ

354 1117 530 1155 Hoeckh.
564 1119 664 1156 Cret.
693 1120 728 1154 II
758 1132 796 1169 p.
825 1116 906 1159 407
935 1132 1015 1169 seq.

354 1178 420 1214 Tu
430 1175 507 1212 vid.
517 1177 757 1227 potissimum
769 1177 933 1214 Pausan.
948 1177 1015 1223 111,

358 1237 410 1274 12
431 1234 466 1278 ξ.
489 1235 528 1273 6.

413 1291 667 1340 καλλιερῆσαι
687 1287 922 1338 θυομένοισι
942 1283 1016 1327 ov'n

354 1342 551 1394 ἐδύνατο]
602 1343 898 1382 Valckenaerius
939 1339 1014 1384 ov’x

356 1398 524 1441 ἐδύνατο
567 1416 635 1453 pro
666 1397 713 1440 οὗ
748 1398 922 1441 δυ’νατον
960 1395 1013 1452 ἦν

355 1457 418 1495 hio
451 1458 525 1496 dici
554 1472 664 1510 posse
685 1471 828 1509 negans
861 1460 1014 1508 corrigit

355 1511 429 1554 οὐκ
451 1514 602 1568 ἐγένετο
626 1516 751 1564 (litare
772 1530 839 1553 non
852 1519 1014 1566 poterant

353 1586 383 1611 s.
414 1573 669 1610 consulentibus
695 1571 787 1609 Deos
818 1573 914 1609 laeta
947 1586 1016 1610 non

353 1633 453 1666 erant
473 1633 556 1666 exta
568 1627 597 1680 )‚
629 1627 732 1681 quod
754 1628 856 1666 idem
872 1630 911 1665 in
932 1631 1016 1665 Xe-

353 1684 473 1736 noph.
503 1687 628 1722 Anah.
650 1687 711 1733 VI,
734 1685 771 1733 4,
799 1689 851 1727 36
876 1693 1014 1730 exstat,

355 1756 457 1790 cum,
480 1741 633 1795 quaudo
645 1741 774 1779 hostiis
794 1743 1015 1779 caesislaeta

353 1800 495 1836 fuerint
526 1806 633 1843 exta,
666 1800 802 1836 Graeci
833 1798 873 1836 id
903 1798 1014 1836 dixe-

354 1857 429 1893 rint
462 1852 643 1895 θύεσθαι
683 1855 751 1895 καὶ
781 1859 1012 1907 καλλιερεῖν,

354 1911 574 1964 θυομένοις
593 1910 693 1951 καλοὶ
727 1909 775 1952 τά
801 1910 885 1963 ἱεροὶ
904 1911 1015 1964 γενέ·-

356 1974 455 2009 σθαι
486 1971 545 2006 vel
578 1971 692 2006 etiam
725 1965 1014 2021 simpliciterne*

357 2023 444 2077 ἱεροὶ
469 2026 672 2077 γενέσθαι.
716 2028 842 2079 Atque
863 2028 915 2063 sic
935 2028 1015 2077 ipse

356 2083 570 2120 Herodotus
590 2085 658 2131 IX,
674 2085 721 2123 61
746 2086 825 2122 τῶν
836 2085 1017 2134 σφαγίων

354 2135 404 2178 ου’
435 2138 670 2190 γινομένων.
721 2141 779 2177 De
801 2141 935 2192 quibus
955 2140 1016 2176 lo-

355 2196 569 2232 cutionibus
590 2203 738 2246 praeter
751 2210 806 2244 ea,
827 2210 925 2248 quae
936 2197 1015 2247 ipse

353 2251 538 2289 Valcken.
560 2253 694 2299 attulit,
716 2255 780 2289 Tu
796 2253 874 2289 vid.
894 2254 1016 2303 inpri—

353 2310 425 2346 mis
438 2310 619 2359 Krueger.
633 2307 681 2344 ad
694 2308 874 2359 Xenoph,
889 2310 1015 2345 Anab.

353 2366 416 2412 VI,
439 2368 464 2405 2
485 2367 522 2411 §.
539 2368 564 2406 9
595 2371 631 2401 et
649 2366 695 2411 11,
718 2367 744 2404 2
765 2366 802 2409 §.
825 2368 862 2405 3.
884 2366 1015 2402 Lexic.

353 2421 639 2472 Xenophont.l
666 2434 756 2472 pag.
787 2421 880 2462 588.
911 2417 1013 2459 θύε-

355 2482 454 2518 σθαι
476 2485 604 2515 autem
624 2485 778 2515 auctore
804 2478 1012 2514 Ammonio

354 2534 457 2572 idem
478 2536 578 2572 valet
598 2542 711 2587 atque
743 2529 1013 2584 μαντεύεσθαι

355 2589 422 2632 διοὶ
443 2587 677 2644 σπλάγχνων
689 2605 719 2628 ε.
741 2593 832 2628 extis
850 2592 1013 2640 inspectis

355 2649 497 2686 deorum
538 2652 679 2686 mentem
717 2649 886 2686 scrutari.
930 2650 933 2655 ’
960 2647 1011 2683 At

354 2705 453 2742 bene
486 2706 709 2743 observante
743 2703 937 2742 Schaefer.
963 2702 1011 2740 ad

353 2763 490 2799 Lamb.
524 2764 613 2799 Bos.
643 2763 701 2798 De
722 2763 858 2812 ellipss.
876 2762 921 2797 L.
944 2759 1010 2796 Gr.

354 2831 442 2869 pag.
462 2821 542 2861 213
571 2819 637 2857 vix
666 2817 851 2857 Herodoti
880 2817 1011 2855 locum

1072 1125 1251 1154 tentasset
1277 1119 1335 1154 vir
1361 1131 1556 1166 summus,
1585 1118 1616 1154 si
1636 1119 1732 1155 καλ-

1073 1177 1216 1225 λιερεῖν
1238 1175 1407 1211 absolute
1427 1174 1502 1211 dici
1533 1175 1732 1211 meminis-

1073 1238 1141 1270 set.
1199 1233 1283 1268 Hoc
1305 1232 1406 1267 enim
1426 1232 1510 1268 loco
1540 1232 1663 1282 suppl.
1683 1227 1732 1270 τοὶ

1075 1284 1174 1338 ἱεροὶ,
1202 1287 1306 1339 quod
1323 1289 1450 1338 ipsum
1472 1287 1646 1325 additum
1671 1288 1733 1325 vi·-

1075 1344 1140 1381 des
1158 1346 1228 1392 IX,
1248 1348 1311 1393 19,
1332 1346 1399 1381 ubi
1425 1343 1473 1381 de
1488 1343 1560 1381 hac
1579 1357 1673 1382 voce
1690 1345 1732 1381 iu

1069 1400 1291 1438 huiusmodi
1311 1402 1485 1438 formulis
1493 1403 1630 1439 omissa
1644 1413 1734 1438 mo-

1070 1459 1154 1495 nuit
1201 1459 1479 1509 VVesselingius
1507 1460 1625 1496 citans
1662 1459 1731 1507 IX,

1072 1517 1138 1555 36.
1163 1518 1227 1556 37.
1250 1518 1316 1556 38.
1341 1515 1450 1564 [92]
1476 1517 1541 1556 96.
1598 1517 1733 1567 Itaque

1071 1572 1186 1609 verba
1214 1575 1468 1624 καλλιερῆσαι
1496 1570 1734 1623 θυομένοισι

1073 1624 1148 1667 οὐκ
1171 1625 1339 1668 ἐδύνατο
1369 1629 1475 1666 idem
1505 1636 1641 1666 sonant
1673 1635 1733 1666 at-

1073 1698 1148 1736 que
1166 1682 1267 1723 καλοὶ
1284 1684 1473 1736 γενέσθαι
1493 1683 1540 1724 τὰ
1567 1683 1632 1736 ἱροὶ
1657 1680 1733 1724 ov'n

1072 1738 1241 1780 ἐδύνατο
1261 1744 1340 1779 sive
1355 1770 1369 1787 ,
1395 1749 1438 1779 ut
1456 1744 1592 1779 Noster
1607 1743 1659 1778 ait
1669 1742 1730 1790 VI,

1073 1801 1148 1839 76:
1181 1793 1231 1837 ου’
1251 1796 1324 1851 γάρ
1350 1794 1538 1849 ου’δαμῶς
1559 1797 1732 1838 ἐκαλλιε-

1071 1858 1135 1907 ρεῖ
1163 1854 1268 1903 (scil.
1296 1853 1344 1894 τοὶ
1374 1853 1469 1905 ἱροὶ)
1506 1855 1731 1907 διαβαίνειν

1072 1926 1153 1963 μιν.
1210 1911 1312 1950 Add.
1334 1913 1415 1960 VII,
1441 1915 1530 1952 167.

1129 1971 1318 2023 συμφορῇ
1350 1968 1606 2021 χρεωμένων]
1651 1968 1732 2004 Lo-

1073 2026 1278 2072 cutionem,
1300 2039 1397 2077 quae
1426 2026 1526 2062 valet
1546 2025 1732 2062 calamita-

1073 2085 1119 2119 tis
1136 2082 1208 2119 Ioco
1226 2083 1366 2132 aliquid
1390 2082 1511 2119 habere
1542 2095 1571 2119 s.
1594 2081 1729 2128 ducere,

1072 2139 1178 2189 attigi
1198 2139 1246 2176 ad
1266 2141 1295 2187 I,
1317 2138 1383 2181 45.
1412 2140 1478 2186 ΙΙΙ,
1498 2138 1547 2179 41
1566 2137 1633 2176 fin.
1667 2136 1731 2174 Ad

1071 2209 1207 2232 vocem
1237 2194 1329 2247 ἇλίη
1359 2195 1438 2233 vid.
1469 2201 1565 2233 nott.
1598 2192 1645 2231 ad
1683 2195 1729 2242 V,
1787 2193 1801 2199 ”

1129 2307 1335 2356 Σπερθίης
1364 2320 1404 2345 τε
1434 2304 1455 2346 ὁ
1488 2300 1729 2357 Ἀνηρίστου

1071 2362 1138 2402 καὶ
1161 2365 1305 2408 Βοῦλις
1327 2360 1347 2402 ὃ
1367 2358 1570 2411 Νικόλεω]
1592 2365 1637 2399 In
1650 2361 1730 2400 his-

1070 2433 1113 2457 ce
1151 2419 1392 2466 nominibus,
1442 2432 1539 2472 quae
1570 2420 1617 2456 ab
1647 2419 1728 2456 aliis

1069 2478 1176 2512 aliter
1195 2476 1450 2526 proferuntur,
1470 2475 1582 2513 codd.
1604 2477 1729 2512 Hero-

1072 2532 1150 2569 doti
1171 2546 1248 2570 non
1270 2534 1431 2570 variant.
1488 2531 1605 2584 Apud
1636 2532 1728 2570 Sui-

1070 2589 1159 2626 dam
1175 2604 1202 2627 s.
1225 2604 1260 2628 v.
1284 2590 1458 2636 ΒοῦλιςΙ
1476 2603 1514 2640 p.
1535 2587 1618 2630 447
1640 2587 1725 2627 coll.

1067 2645 1262 2684 Plutarch.
1288 2646 1324 2682 11
1352 2659 1439 2698 pag.
1471 2645 1552 2686 815
1580 2646 1627 2682 Ε.
1657 2657 1727 2681 ex-

1070 2710 1142 2740 stat
1183 2701 1366 2754 Σπέρχις,
1397 2701 1499 2754 apud
1529 2698 1724 2740 Plutarch.

1067 2761 1102 2796 ΙΙ
1121 2774 1157 2811 p.
1175 2759 1269 2801 235.
1290 2761 1439 2806 Βοῦλις
1456 2757 1524 2798 καὶ
1537 2756 1724 2808 Σπέρτις,

1067 2816 1117 2854 ad
1146 2829 1264 2869 quem
1281 2816 1411 2854 locum
1439 2813 1518 2853 vid.
1537 2815 1723 2864 Wytten-
