<?xml version="1.0" encoding="UTF-8"?>
<!DOCTYPE html PUBLIC "-//W3C//DTD XHTML 1.0 Transitional//EN"
    "http://www.w3.org/TR/xhtml1/DTD/xhtml1-transitional.dtd">
<html xmlns="http://www.w3.org/1999/xhtml" xml:lang="en" lang="en">
 <head>
  <title>
</title>
<meta http-equiv="Content-Type" content="text/html;charset=utf-8" />
  <meta name='ocr-system' content='tesseract 3.04.00' />
  <meta name='ocr-capabilities' content='ocr_page ocr_carea ocr_par ocr_line ocrx_word'/>
</head>
<body>
  <div class='ocr_page' id='page_1' title='image "./musaeherodoto03hero/musaeherodoto03hero_0133.png"; bbox 0 0 1870 3249; ppageno 0'>
   <div class='ocr_carea' id='block_1_1' title="bbox 355 208 1372 250">
    <p class='ocr_par' dir='ltr' id='par_1_1' title="bbox 355 208 1372 250">
     <span class='ocr_line' id='line_1_1' title="bbox 355 208 1372 250; baseline -0.001 -1"><span class='ocrx_word' id='word_1_1' title='bbox 355 210 1116 250; x_wconf 71' lang='lat' dir='ltr'>TERPSICHOP.E.V.</span> <span class='ocrx_word' id='word_1_2' title='bbox 1290 208 1372 248; x_wconf 73' lang='lat'>125</span> 
     </span>
    </p>
   </div>
   <div class='ocr_carea' id='block_1_2' title="bbox 0 315 1374 714">
    <p class='ocr_par' dir='ltr' id='par_1_2' title="bbox 0 315 1374 714">
     <span class='ocr_line' id='line_1_2' title="bbox 110 315 1372 374; baseline -0.006 -9"><span class='ocrx_word' id='word_1_3' title='bbox 110 322 275 366; x_wconf 85' lang='grc' dir='ltr'><em>σόνων·</em></span> <span class='ocrx_word' id='word_1_4' title='bbox 309 319 411 363; x_wconf 85' lang='grc' dir='ltr'><em>δέκα</em></span> <span class='ocrx_word' id='word_1_5' title='bbox 442 336 484 363; x_wconf 80' lang='grc' dir='ltr'>τε</span> <span class='ocrx_word' id='word_1_6' title='bbox 514 319 567 374; x_wconf 84' lang='grc' dir='ltr'>δὴ</span> <span class='ocrx_word' id='word_1_7' title='bbox 598 316 852 374; x_wconf 78' lang='grc' dir='ltr'><em>φυλάρχους</em></span> <span class='ocrx_word' id='word_1_8' title='bbox 875 316 971 360; x_wconf 80' lang='grc' dir='ltr'><em>ἀντὶ</em></span> <span class='ocrx_word' id='word_1_9' title='bbox 989 315 1203 372; x_wconf 77' lang='grc' dir='ltr'>τεσσέρων</span> <span class='ocrx_word' id='word_1_10' title='bbox 1232 315 1372 371; x_wconf 79' lang='grc' dir='ltr'>ἐποίη-</span> 
     </span>
     <span class='ocr_line' id='line_1_3' title="bbox 111 382 1372 442; baseline -0.005 -10"><span class='ocrx_word' id='word_1_11' title='bbox 111 402 177 442; x_wconf 81' lang='grc' dir='ltr'>σε,</span> <span class='ocrx_word' id='word_1_12' title='bbox 219 389 323 431; x_wconf 83' lang='grc' dir='ltr'><strong><em>δέκα</em></strong></span> <span class='ocrx_word' id='word_1_13' title='bbox 354 387 400 431; x_wconf 84' lang='grc' dir='ltr'>δὲ</span> <span class='ocrx_word' id='word_1_14' title='bbox 429 388 504 431; x_wconf 82' lang='grc' dir='ltr'>καὶ</span> <span class='ocrx_word' id='word_1_15' title='bbox 533 386 638 437; x_wconf 80' lang='grc' dir='ltr'>τούς</span> <span class='ocrx_word' id='word_1_16' title='bbox 677 386 846 442; x_wconf 80' lang='grc' dir='ltr'>δήμους</span> <span class='ocrx_word' id='word_1_17' title='bbox 875 384 1077 440; x_wconf 80' lang='grc' dir='ltr'>κατένεμε</span> <span class='ocrx_word' id='word_1_18' title='bbox 1105 383 1148 435; x_wconf 80' lang='grc' dir='ltr'>ἐς</span> <span class='ocrx_word' id='word_1_19' title='bbox 1175 382 1253 434; x_wconf 76' lang='grc' dir='ltr'>τὰς</span> <span class='ocrx_word' id='word_1_20' title='bbox 1282 399 1372 437; x_wconf 87' lang='grc' dir='ltr'>φυ-</span> 
     </span>
     <span class='ocr_line' id='line_1_4' title="bbox 83 450 1374 510; baseline -0.003 -12"><span class='ocrx_word' id='word_1_21' title='bbox 83 456 202 507; x_wconf 78' lang='grc' dir='ltr'><strong>3λάς.</strong></span> <span class='ocrx_word' id='word_1_22' title='bbox 262 450 317 510; x_wconf 79' lang='grc' dir='ltr'>ἦν</span> <span class='ocrx_word' id='word_1_23' title='bbox 346 471 411 508; x_wconf 82' lang='grc' dir='ltr'>τε,</span> <span class='ocrx_word' id='word_1_24' title='bbox 457 455 535 497; x_wconf 81' lang='grc' dir='ltr'>τόν</span> <span class='ocrx_word' id='word_1_25' title='bbox 574 456 716 509; x_wconf 86' lang='grc' dir='ltr'><em>δῆμον</em></span> <span class='ocrx_word' id='word_1_26' title='bbox 753 454 1075 508; x_wconf 82' lang='grc' dir='ltr'>προσθέμενος,</span> <span class='ocrx_word' id='word_1_27' title='bbox 1114 455 1263 508; x_wconf 76' lang='grc' dir='ltr'>πολλῷ</span> <span class='ocrx_word' id='word_1_28' title='bbox 1291 467 1374 495; x_wconf 78' lang='grc' dir='ltr'>κα-</span> 
     </span>
     <span class='ocr_line' id='line_1_5' title="bbox 0 519 1371 582; baseline -0.004 -13"><span class='ocrx_word' id='word_1_29' title='bbox 0 535 53 582; x_wconf 71' lang='grc' dir='ltr'>ῐο</span> <span class='ocrx_word' id='word_1_30' title='bbox 99 523 285 579; x_wconf 77' lang='grc' dir='ltr'>τύπερθε</span> <span class='ocrx_word' id='word_1_31' title='bbox 315 527 403 567; x_wconf 76' lang='grc' dir='ltr'>τῶν</span> <span class='ocrx_word' id='word_1_32' title='bbox 440 520 820 566; x_wconf 76' lang='grc' dir='ltr'>ἀντιστασιωτέων.</span> <span class='ocrx_word' id='word_1_33' title='bbox 876 519 948 563; x_wconf 84' lang='grc' dir='ltr'>Ἐν</span> <span class='ocrx_word' id='word_1_34' title='bbox 980 524 1042 576; x_wconf 79' lang='grc' dir='ltr'>τῷ</span> <span class='ocrx_word' id='word_1_35' title='bbox 1070 520 1194 576; x_wconf 80' lang='grc' dir='ltr'>μέρεϊ</span> <span class='ocrx_word' id='word_1_36' title='bbox 1232 521 1278 564; x_wconf 83' lang='grc' dir='ltr'>δὲ</span> <span class='ocrx_word' id='word_1_37' title='bbox 1306 519 1371 564; x_wconf 81' lang='grc' dir='ltr'>ἕσ-</span> 
     </span>
     <span class='ocr_line' id='line_1_6' title="bbox 110 586 1374 646; baseline -0.002 -12"><span class='ocrx_word' id='word_1_38' title='bbox 110 590 320 646; x_wconf 80' lang='grc' dir='ltr'>σούμενος</span> <span class='ocrx_word' id='word_1_39' title='bbox 349 589 373 633; x_wconf 86' lang='grc' dir='ltr'>ὁ</span> <span class='ocrx_word' id='word_1_40' title='bbox 398 588 646 646; x_wconf 75' lang='grc' dir='ltr'>Ἰσαγόρης,</span> <span class='ocrx_word' id='word_1_41' title='bbox 677 587 980 645; x_wconf 76' lang='grc' dir='ltr'><em>ἀντιτεχνᾶται</em></span> <span class='ocrx_word' id='word_1_42' title='bbox 1008 586 1121 631; x_wconf 79' lang='grc' dir='ltr'>τάδε.</span> <span class='ocrx_word' id='word_1_43' title='bbox 1165 587 1374 632; x_wconf 77' lang='grc' dir='ltr'><em>ἐπικαλέε-</em></span> 
     </span>
     <span class='ocr_line' id='line_1_7' title="bbox 109 653 1370 714; baseline -0.002 -14"><span class='ocrx_word' id='word_1_44' title='bbox 109 674 179 701; x_wconf 84' lang='grc' dir='ltr'>ται</span> <span class='ocrx_word' id='word_1_45' title='bbox 209 657 456 714; x_wconf 80' lang='grc' dir='ltr'><strong><em>Κλεομένεα</em></strong></span> <span class='ocrx_word' id='word_1_46' title='bbox 485 657 564 701; x_wconf 79' lang='grc' dir='ltr'>τὸν</span> <span class='ocrx_word' id='word_1_47' title='bbox 591 656 962 713; x_wconf 84' lang='grc' dir='ltr'>Λακεδαιμόνιον,</span> <span class='ocrx_word' id='word_1_48' title='bbox 997 653 1238 712; x_wconf 78' lang='grc' dir='ltr'>γενόμενον</span> <span class='ocrx_word' id='word_1_49' title='bbox 1266 653 1370 699; x_wconf 79' lang='grc' dir='ltr'><em>ἑωυ-</em></span> 
     </span>
    </p>
   </div>
   <div class='ocr_carea' id='block_1_3' title="bbox 1426 521 1705 795">
    <p class='ocr_par' dir='ltr' id='par_1_3' title="bbox 1426 521 1705 795">
     <span class='ocr_line' id='line_1_8' title="bbox 1427 521 1688 557; baseline 0.004 -9"><span class='ocrx_word' id='word_1_50' title='bbox 1427 521 1496 557; x_wconf 78' lang='lat' dir='ltr'>lsag</span> <span class='ocrx_word' id='word_1_51' title='bbox 1498 531 1578 557; x_wconf 78' lang='lat' dir='ltr'>oras,</span> <span class='ocrx_word' id='word_1_52' title='bbox 1597 522 1688 551; x_wconf 85' lang='lat' dir='ltr'>cleo-</span> 
     </span>
     <span class='ocr_line' id='line_1_9' title="bbox 1430 558 1705 598; baseline 0.015 -16"><span class='ocrx_word' id='word_1_53' title='bbox 1430 564 1519 583; x_wconf 82' lang='lat' dir='ltr'>mene</span> <span class='ocrx_word' id='word_1_54' title='bbox 1529 558 1690 598; x_wconf 62' lang='lat' dir='ltr'>Spartani.-</span> <span class='ocrx_word' id='word_1_55' title='bbox 1692 575 1705 579; x_wconf 96' lang='lat'><em>—</em></span> 
     </span>
     <span class='ocr_line' id='line_1_10' title="bbox 1432 591 1705 625; baseline 0.015 -9"><span class='ocrx_word' id='word_1_56' title='bbox 1432 598 1492 625; x_wconf 87' lang='lat' dir='ltr'>que</span> <span class='ocrx_word' id='word_1_57' title='bbox 1510 591 1541 618; x_wconf 89' lang='lat' dir='ltr'>in</span> <span class='ocrx_word' id='word_1_58' title='bbox 1557 592 1705 620; x_wconf 75' lang='lat' dir='ltr'>auxilium</span> 
     </span>
     <span class='ocr_line' id='line_1_11' title="bbox 1431 624 1643 661; baseline 0.009 -11"><span class='ocrx_word' id='word_1_59' title='bbox 1431 624 1561 658; x_wconf 77' lang='lat' dir='ltr'>vocatis</span> <span class='ocrx_word' id='word_1_60' title='bbox 1586 633 1643 661; x_wconf 84' lang='lat' dir='ltr'>per</span> 
     </span>
     <span class='ocr_line' id='line_1_12' title="bbox 1428 646 1705 692; baseline 0.014 -8"><span class='ocrx_word' id='word_1_61' title='bbox 1428 646 1562 692; x_wconf 80' lang='lat' dir='ltr'>speciem</span> <span class='ocrx_word' id='word_1_62' title='bbox 1577 658 1705 688; x_wconf 78' lang='lat' dir='ltr'>sceleris</span> 
     </span>
     <span class='ocr_line' id='line_1_13' title="bbox 1430 692 1688 726; baseline 0.004 -7"><span class='ocrx_word' id='word_1_63' title='bbox 1430 692 1551 726; x_wconf 81' lang='lat' dir='ltr'>cylonii</span> <span class='ocrx_word' id='word_1_64' title='bbox 1579 693 1688 726; x_wconf 80' lang='lat' dir='ltr'>[inter-</span> 
     </span>
     <span class='ocr_line' id='line_1_14' title="bbox 1426 726 1704 795; baseline 0.007 -41"><span class='ocrx_word' id='word_1_65' title='bbox 1426 726 1528 795; x_wconf 54' lang='lat' dir='ltr'>gtffitps</span> <span class='ocrx_word' id='word_1_66' title='bbox 1553 726 1651 763; x_wconf 82' lang='lat' dir='ltr'>cylon</span> <span class='ocrx_word' id='word_1_67' title='bbox 1675 736 1704 756; x_wconf 82' lang='lat' dir='ltr'>a.</span> 
     </span>
    </p>
   </div>
   <div class='ocr_carea' id='block_1_4' title="bbox 56 769 323 773">
    <p class='ocr_par' dir='ltr' id='par_1_4' title="bbox 56 769 323 773">
     <span class='ocr_line' id='line_1_15' title="bbox 56 769 323 773; baseline 0 0"><span class='ocrx_word' id='word_1_68' title='bbox 56 769 323 773; x_wconf 95' lang='lat' dir='ltr'> </span> 
     </span>
    </p>
   </div>
   <div class='ocr_carea' id='block_1_5' title="bbox 35 843 712 2881">
    <p class='ocr_par' dir='ltr' id='par_1_5' title="bbox 35 843 712 2881">
     <span class='ocr_line' id='line_1_16' title="bbox 52 843 711 894; baseline 0 -14"><span class='ocrx_word' id='word_1_69' title='bbox 52 843 95 880; x_wconf 79' lang='lat' dir='ltr'>O.</span> <span class='ocrx_word' id='word_1_70' title='bbox 116 845 158 880; x_wconf 79' lang='lat' dir='ltr'>F.</span> <span class='ocrx_word' id='word_1_71' title='bbox 180 845 404 880; x_wconf 78' lang='lat' dir='ltr'>Hermanno</span> <span class='ocrx_word' id='word_1_72' title='bbox 424 844 450 880; x_wconf 92' lang='grc'>1.</span> <span class='ocrx_word' id='word_1_73' title='bbox 473 843 498 880; x_wconf 91' lang='lat' dir='ltr'>l.</span> <span class='ocrx_word' id='word_1_74' title='bbox 518 857 606 894; x_wconf 88' lang='lat' dir='ltr'>pag.</span> <span class='ocrx_word' id='word_1_75' title='bbox 629 845 711 884; x_wconf 79' lang='lat'>210</span> 
     </span>
     <span class='ocr_line' id='line_1_17' title="bbox 52 899 710 951; baseline 0.002 -15"><span class='ocrx_word' id='word_1_76' title='bbox 52 907 89 937; x_wconf 87' lang='lat' dir='ltr'>et</span> <span class='ocrx_word' id='word_1_77' title='bbox 106 899 244 937; x_wconf 85' lang='lat' dir='ltr'>Bake‘</span> <span class='ocrx_word' id='word_1_78' title='bbox 234 914 274 936; x_wconf 93' lang='grc' dir='ltr'>ιιι</span> <span class='ocrx_word' id='word_1_79' title='bbox 289 901 388 939; x_wconf 91' lang='lat' dir='ltr'>Bibl.</span> <span class='ocrx_word' id='word_1_80' title='bbox 411 901 492 937; x_wconf 86' lang='lat' dir='ltr'>crit.</span> <span class='ocrx_word' id='word_1_81' title='bbox 503 901 556 937; x_wconf 87' lang='lat' dir='ltr'>IV</span> <span class='ocrx_word' id='word_1_82' title='bbox 574 914 613 951; x_wconf 90' lang='lat' dir='ltr'>p.</span> <span class='ocrx_word' id='word_1_83' title='bbox 627 902 710 941; x_wconf 80' lang='lat'>272</span> 
     </span>
     <span class='ocr_line' id='line_1_18' title="bbox 51 956 710 1022; baseline 0 -29"><span class='ocrx_word' id='word_1_84' title='bbox 51 970 145 1022; x_wconf 52' lang='lat' dir='ltr'>seqq</span> <span class='ocrx_word' id='word_1_85' title='bbox 170 958 278 1009; x_wconf 88' lang='lat' dir='ltr'>quisi</span> <span class='ocrx_word' id='word_1_86' title='bbox 288 956 404 1018; x_wconf 89' lang='lat' dir='ltr'>illud,</span> <span class='ocrx_word' id='word_1_87' title='bbox 427 956 530 1009; x_wconf 87' lang='lat' dir='ltr'>quod</span> <span class='ocrx_word' id='word_1_88' title='bbox 550 970 620 994; x_wconf 91' lang='lat' dir='ltr'>nos</span> <span class='ocrx_word' id='word_1_89' title='bbox 636 969 710 1007; x_wconf 89' lang='lat' dir='ltr'>po-</span> 
     </span>
     <span class='ocr_line' id='line_1_19' title="bbox 52 1001 710 1061; baseline -0.002 -11"><span class='ocrx_word' id='word_1_90' title='bbox 52 1016 208 1061; x_wconf 85' lang='lat' dir='ltr'>suimus,</span> <span class='ocrx_word' id='word_1_91' title='bbox 241 1001 366 1051; x_wconf 84' lang='lat' dir='ltr'>dicere</span> <span class='ocrx_word' id='word_1_92' title='bbox 385 1015 564 1052; x_wconf 84' lang='lat' dir='ltr'>voluisset</span> <span class='ocrx_word' id='word_1_93' title='bbox 583 1016 710 1050; x_wconf 89' lang='lat' dir='ltr'>Hero—</span> 
     </span>
     <span class='ocr_line' id='line_1_20' title="bbox 52 1069 707 1123; baseline -0.003 -15"><span class='ocrx_word' id='word_1_94' title='bbox 52 1069 174 1117; x_wconf 83' lang='lat' dir='ltr'>dotus,</span> <span class='ocrx_word' id='word_1_95' title='bbox 204 1083 283 1107; x_wconf 86' lang='lat' dir='ltr'>non</span> <span class='ocrx_word' id='word_1_96' title='bbox 318 1070 484 1118; x_wconf 84' lang='lat' dir='ltr'>dubitat,</span> <span class='ocrx_word' id='word_1_97' title='bbox 524 1072 617 1123; x_wconf 87' lang='lat' dir='ltr'>quin</span> <span class='ocrx_word' id='word_1_98' title='bbox 644 1070 707 1106; x_wconf 88' lang='lat' dir='ltr'>ille</span> 
     </span>
     <span class='ocr_line' id='line_1_21' title="bbox 50 1124 709 1178; baseline 0.002 -15"><span class='ocrx_word' id='word_1_99' title='bbox 50 1128 257 1178; x_wconf 83' lang='lat' dir='ltr'><strong>scripserit:</strong></span> <span class='ocrx_word' id='word_1_100' title='bbox 282 1127 336 1174; x_wconf 81' lang='grc' dir='ltr'>εἰς</span> <span class='ocrx_word' id='word_1_101' title='bbox 357 1125 452 1166; x_wconf 84' lang='grc' dir='ltr'><em>δέκα</em></span> <span class='ocrx_word' id='word_1_102' title='bbox 470 1124 512 1166; x_wconf 81' lang='grc' dir='ltr'>δὲ</span> <span class='ocrx_word' id='word_1_103' title='bbox 534 1126 601 1166; x_wconf 83' lang='grc' dir='ltr'>καὶ</span> <span class='ocrx_word' id='word_1_104' title='bbox 616 1141 709 1172; x_wconf 84' lang='grc' dir='ltr'>τους</span> 
     </span>
     <span class='ocr_line' id='line_1_22' title="bbox 52 1179 708 1236; baseline -0.008 -13"><span class='ocrx_word' id='word_1_105' title='bbox 52 1179 206 1235; x_wconf 80' lang='grc' dir='ltr'><em>δήμους</em></span> <span class='ocrx_word' id='word_1_106' title='bbox 230 1183 415 1236; x_wconf 82' lang='grc' dir='ltr'>κατένεμε</span> <span class='ocrx_word' id='word_1_107' title='bbox 455 1181 611 1233; x_wconf 60' lang='lat' dir='ltr'>mvi-023,</span> <span class='ocrx_word' id='word_1_108' title='bbox 643 1183 708 1219; x_wconf 92' lang='lat' dir='ltr'>ubi</span> 
     </span>
     <span class='ocr_line' id='line_1_23' title="bbox 35 1237 709 1290; baseline -0.001 -13"><span class='ocrx_word' id='word_1_109' title='bbox 35 1241 256 1283; x_wconf 26' lang='lat' dir='ltr'>jarticulum</span> <span class='ocrx_word' id='word_1_110' title='bbox 283 1237 351 1287; x_wconf 69' lang='grc' dir='ltr'>τοὶς</span> <span class='ocrx_word' id='word_1_111' title='bbox 381 1247 468 1277; x_wconf 88' lang='lat' dir='ltr'>ante</span> <span class='ocrx_word' id='word_1_112' title='bbox 500 1237 630 1290; x_wconf 67' lang='grc' dir='ltr'><em>φυλάς</em></span> <span class='ocrx_word' id='word_1_113' title='bbox 663 1252 709 1276; x_wconf 91' lang='lat' dir='ltr'>o-</span> 
     </span>
     <span class='ocr_line' id='line_1_24' title="bbox 52 1296 710 1350; baseline -0.003 -16"><span class='ocrx_word' id='word_1_114' title='bbox 52 1298 208 1334; x_wconf 82' lang='lat' dir='ltr'>missum</span> <span class='ocrx_word' id='word_1_115' title='bbox 246 1297 426 1350; x_wconf 83' lang='lat' dir='ltr'>equidem</span> <span class='ocrx_word' id='word_1_116' title='bbox 456 1311 569 1348; x_wconf 81' lang='lat' dir='ltr'>aegre</span> <span class='ocrx_word' id='word_1_117' title='bbox 608 1296 710 1333; x_wconf 90' lang='lat' dir='ltr'>desi-</span> 
     </span>
     <span class='ocr_line' id='line_1_25' title="bbox 54 1352 709 1405; baseline -0.002 -14"><span class='ocrx_word' id='word_1_118' title='bbox 54 1352 157 1391; x_wconf 88' lang='lat' dir='ltr'>dero.</span> <span class='ocrx_word' id='word_1_119' title='bbox 197 1356 280 1405; x_wconf 91' lang='lat' dir='ltr'>Ipse</span> <span class='ocrx_word' id='word_1_120' title='bbox 299 1353 442 1391; x_wconf 86' lang='lat' dir='ltr'>Bakius</span> <span class='ocrx_word' id='word_1_121' title='bbox 463 1355 510 1391; x_wconf 88' lang='lat' dir='ltr'>ab</span> <span class='ocrx_word' id='word_1_122' title='bbox 530 1352 709 1391; x_wconf 78' lang='lat' dir='ltr'>Herodo-</span> 
     </span>
     <span class='ocr_line' id='line_1_26' title="bbox 54 1411 707 1463; baseline -0.002 -16"><span class='ocrx_word' id='word_1_123' title='bbox 54 1417 93 1448; x_wconf 90' lang='lat' dir='ltr'>to</span> <span class='ocrx_word' id='word_1_124' title='bbox 108 1411 160 1448; x_wconf 89' lang='lat' dir='ltr'>ita</span> <span class='ocrx_word' id='word_1_125' title='bbox 178 1413 357 1463; x_wconf 73' lang='lat' dir='ltr'>scriptiun</span> <span class='ocrx_word' id='word_1_126' title='bbox 378 1412 491 1448; x_wconf 80' lang='lat' dir='ltr'>fuisse</span> <span class='ocrx_word' id='word_1_127' title='bbox 513 1417 707 1448; x_wconf 79' lang='lat' dir='ltr'>autumat:</span> 
     </span>
     <span class='ocr_line' id='line_1_27' title="bbox 54 1464 711 1519; baseline 0.002 -14"><span class='ocrx_word' id='word_1_128' title='bbox 54 1466 142 1506; x_wconf 85' lang='grc' dir='ltr'>καὶ</span> <span class='ocrx_word' id='word_1_129' title='bbox 191 1466 249 1519; x_wconf 78' lang='grc' dir='ltr'>δή</span> <span class='ocrx_word' id='word_1_130' title='bbox 295 1466 382 1508; x_wconf 87' lang='grc' dir='ltr'>καὶ</span> <span class='ocrx_word' id='word_1_131' title='bbox 422 1464 516 1515; x_wconf 71' lang='grc' dir='ltr'>τούς</span> <span class='ocrx_word' id='word_1_132' title='bbox 558 1464 711 1519; x_wconf 82' lang='grc' dir='ltr'><em>δήμους</em></span> 
     </span>
     <span class='ocr_line' id='line_1_28' title="bbox 53 1520 710 1575; baseline -0.003 -13"><span class='ocrx_word' id='word_1_133' title='bbox 53 1522 238 1575; x_wconf 80' lang='grc' dir='ltr'>κατένεμε</span> <span class='ocrx_word' id='word_1_134' title='bbox 279 1523 317 1572; x_wconf 82' lang='grc' dir='ltr'>ἐς</span> <span class='ocrx_word' id='word_1_135' title='bbox 347 1522 417 1573; x_wconf 67' lang='grc' dir='ltr'>τοὶς</span> <span class='ocrx_word' id='word_1_136' title='bbox 456 1520 600 1575; x_wconf 77' lang='grc' dir='ltr'><strong>φυλάς.</strong></span> <span class='ocrx_word' id='word_1_137' title='bbox 660 1525 710 1561; x_wconf 88' lang='lat' dir='ltr'>Ut</span> 
     </span>
     <span class='ocr_line' id='line_1_29' title="bbox 52 1580 712 1619; baseline 0.002 -3"><span class='ocrx_word' id='word_1_138' title='bbox 52 1587 180 1617; x_wconf 83' lang='lat' dir='ltr'>autem</span> <span class='ocrx_word' id='word_1_139' title='bbox 191 1582 350 1618; x_wconf 87' lang='lat' dir='ltr'>minime</span> <span class='ocrx_word' id='word_1_140' title='bbox 364 1580 438 1619; x_wconf 90' lang='lat' dir='ltr'>hoc</span> <span class='ocrx_word' id='word_1_141' title='bbox 460 1595 509 1618; x_wconf 85' lang='lat' dir='ltr'>ex</span> <span class='ocrx_word' id='word_1_142' title='bbox 527 1580 712 1618; x_wconf 86' lang='lat' dir='ltr'>Herodoti</span> 
     </span>
     <span class='ocr_line' id='line_1_30' title="bbox 51 1636 711 1690; baseline 0.002 -16"><span class='ocrx_word' id='word_1_143' title='bbox 51 1638 174 1675; x_wconf 90' lang='lat' dir='ltr'>verbis</span> <span class='ocrx_word' id='word_1_144' title='bbox 195 1639 322 1689; x_wconf 85' lang='lat' dir='ltr'>colligi</span> <span class='ocrx_word' id='word_1_145' title='bbox 348 1640 507 1690; x_wconf 81' lang='lat' dir='ltr'>poterit,</span> <span class='ocrx_word' id='word_1_146' title='bbox 546 1636 711 1676; x_wconf 89' lang='lat' dir='ltr'>Clisthe-</span> 
     </span>
     <span class='ocr_line' id='line_1_31' title="bbox 51 1695 710 1746; baseline 0.003 -16"><span class='ocrx_word' id='word_1_147' title='bbox 51 1707 143 1731; x_wconf 87' lang='lat' dir='ltr'>nem</span> <span class='ocrx_word' id='word_1_148' title='bbox 171 1697 339 1746; x_wconf 90' lang='lat' dir='ltr'>primum</span> <span class='ocrx_word' id='word_1_149' title='bbox 366 1696 602 1733; x_wconf 88' lang='lat' dir='ltr'>constituisse</span> <span class='ocrx_word' id='word_1_150' title='bbox 639 1695 710 1732; x_wconf 89' lang='lat' dir='ltr'>de-</span> 
     </span>
     <span class='ocr_line' id='line_1_32' title="bbox 52 1751 711 1804; baseline 0.002 -17"><span class='ocrx_word' id='word_1_151' title='bbox 52 1764 157 1799; x_wconf 81' lang='grc'><strong>11105,</strong></span> <span class='ocrx_word' id='word_1_152' title='bbox 186 1753 238 1789; x_wconf 90' lang='lat' dir='ltr'>ita</span> <span class='ocrx_word' id='word_1_153' title='bbox 267 1751 446 1804; x_wconf 84' lang='lat' dir='ltr'>equidem</span> <span class='ocrx_word' id='word_1_154' title='bbox 465 1751 571 1789; x_wconf 92' lang='lat' dir='ltr'>haud</span> <span class='ocrx_word' id='word_1_155' title='bbox 589 1753 711 1789; x_wconf 87' lang='lat' dir='ltr'>inter-</span> 
     </span>
     <span class='ocr_line' id='line_1_33' title="bbox 52 1807 711 1875; baseline 0.002 -31"><span class='ocrx_word' id='word_1_156' title='bbox 52 1807 199 1856; x_wconf 86' lang='lat' dir='ltr'>cedam,</span> <span class='ocrx_word' id='word_1_157' title='bbox 210 1810 242 1846; x_wconf 91' lang='lat' dir='ltr'>si</span> <span class='ocrx_word' id='word_1_158' title='bbox 252 1811 335 1861; x_wconf 89' lang='lat' dir='ltr'>quis</span> <span class='ocrx_word' id='word_1_159' title='bbox 347 1808 582 1875; x_wconf 83' lang='lat' dir='ltr'>demos,1am</span> <span class='ocrx_word' id='word_1_160' title='bbox 598 1816 711 1846; x_wconf 89' lang='lat' dir='ltr'>antea</span> 
     </span>
     <span class='ocr_line' id='line_1_34' title="bbox 52 1848 711 1914; baseline 0.003 -14"><span class='ocrx_word' id='word_1_161' title='bbox 52 1866 284 1914; x_wconf 84' lang='lat' dir='ltr'>constitutos,</span> <span class='ocrx_word' id='word_1_162' title='bbox 317 1879 338 1902; x_wconf 87' lang='lat' dir='ltr'>a</span> <span class='ocrx_word' id='word_1_163' title='bbox 355 1848 546 1903; x_wconf 80' lang='lat' dir='ltr'>Clisthene</span> <span class='ocrx_word' id='word_1_164' title='bbox 574 1866 711 1903; x_wconf 88' lang='lat' dir='ltr'>melius</span> 
     </span>
     <span class='ocr_line' id='line_1_35' title="bbox 53 1921 710 1959; baseline 0.002 -3"><span class='ocrx_word' id='word_1_165' title='bbox 53 1922 272 1958; x_wconf 88' lang='lat' dir='ltr'>constitutos</span> <span class='ocrx_word' id='word_1_166' title='bbox 293 1935 372 1959; x_wconf 89' lang='lat' dir='ltr'>esse</span> <span class='ocrx_word' id='word_1_167' title='bbox 394 1921 611 1959; x_wconf 85' lang='lat' dir='ltr'>contendat.</span> <span class='ocrx_word' id='word_1_168' title='bbox 651 1922 710 1958; x_wconf 92' lang='lat' dir='ltr'>Ac</span> 
     </span>
     <span class='ocr_line' id='line_1_36' title="bbox 52 1977 710 2031; baseline 0.003 -19"><span class='ocrx_word' id='word_1_169' title='bbox 52 1977 192 2027; x_wconf 89' lang='lat' dir='ltr'>legitur</span> <span class='ocrx_word' id='word_1_170' title='bbox 225 1979 434 2015; x_wconf 83' lang='lat' dir='ltr'>Aristotelis</span> <span class='ocrx_word' id='word_1_171' title='bbox 464 1977 622 2031; x_wconf 86' lang='lat' dir='ltr'>quidam</span> <span class='ocrx_word' id='word_1_172' title='bbox 650 1979 710 2015; x_wconf 95' lang='lat' dir='ltr'>lo-</span> 
     </span>
     <span class='ocr_line' id='line_1_37' title="bbox 53 2028 711 2086; baseline 0.005 -17"><span class='ocrx_word' id='word_1_173' title='bbox 53 2046 119 2070; x_wconf 90' lang='lat' dir='ltr'>cus</span> <span class='ocrx_word' id='word_1_174' title='bbox 140 2047 160 2069; x_wconf 89' lang='lat' dir='ltr'>e</span> <span class='ocrx_word' id='word_1_175' title='bbox 183 2028 384 2085; x_wconf 85' lang='lat' dir='ltr'>deperditis</span> <span class='ocrx_word' id='word_1_176' title='bbox 397 2048 526 2072; x_wconf 81' lang='lat' dir='ltr'>rerum</span> <span class='ocrx_word' id='word_1_177' title='bbox 535 2035 711 2086; x_wconf 91' lang='lat' dir='ltr'>publica-</span> 
     </span>
     <span class='ocr_line' id='line_1_38' title="bbox 51 2091 711 2144; baseline 0.005 -18"><span class='ocrx_word' id='word_1_178' title='bbox 51 2103 138 2126; x_wconf 89' lang='lat' dir='ltr'>rum</span> <span class='ocrx_word' id='word_1_179' title='bbox 150 2091 265 2139; x_wconf 73' lang='lat' dir='ltr'>libris,</span> <span class='ocrx_word' id='word_1_180' title='bbox 293 2092 439 2143; x_wconf 86' lang='lat' dir='ltr'>opinor,</span> <span class='ocrx_word' id='word_1_181' title='bbox 464 2091 711 2144; x_wconf 88' lang='lat' dir='ltr'>depromptus</span> 
     </span>
     <span class='ocr_line' id='line_1_39' title="bbox 51 2146 711 2200; baseline 0.002 -17"><span class='ocrx_word' id='word_1_182' title='bbox 51 2146 307 2200; x_wconf 84' lang='lat' dir='ltr'>(quamquam</span> <span class='ocrx_word' id='word_1_183' title='bbox 343 2149 383 2185; x_wconf 91' lang='lat' dir='ltr'>in</span> <span class='ocrx_word' id='word_1_184' title='bbox 429 2147 542 2186; x_wconf 92' lang='lat' dir='ltr'>huius</span> <span class='ocrx_word' id='word_1_185' title='bbox 588 2149 711 2200; x_wconf 89' lang='lat' dir='ltr'>operis</span> 
     </span>
     <span class='ocr_line' id='line_1_40' title="bbox 50 2204 709 2254; baseline 0.003 -14"><span class='ocrx_word' id='word_1_186' title='bbox 50 2204 272 2254; x_wconf 81' lang='lat' dir='ltr'>fragmentis</span> <span class='ocrx_word' id='word_1_187' title='bbox 321 2218 343 2242; x_wconf 93' lang='lat' dir='ltr'>a</span> <span class='ocrx_word' id='word_1_188' title='bbox 390 2205 433 2243; x_wconf 82' lang='lat' dir='ltr'>O.</span> <span class='ocrx_word' id='word_1_189' title='bbox 478 2207 709 2242; x_wconf 87' lang='lat' dir='ltr'>Neumanno</span> 
     </span>
     <span class='ocr_line' id='line_1_41' title="bbox 52 2261 708 2314; baseline 0.003 -17"><span class='ocrx_word' id='word_1_190' title='bbox 52 2261 219 2298; x_wconf 86' lang='lat' dir='ltr'>collectis</span> <span class='ocrx_word' id='word_1_191' title='bbox 257 2262 395 2299; x_wconf 86' lang='lat' dir='ltr'>frustra</span> <span class='ocrx_word' id='word_1_192' title='bbox 434 2263 620 2314; x_wconf 83' lang='lat' dir='ltr'>quaesivi)</span> <span class='ocrx_word' id='word_1_193' title='bbox 669 2263 708 2299; x_wconf 88' lang='lat' dir='ltr'>in</span> 
     </span>
     <span class='ocr_line' id='line_1_42' title="bbox 52 2315 710 2371; baseline 0.005 -18"><span class='ocrx_word' id='word_1_194' title='bbox 52 2315 182 2355; x_wconf 89' lang='lat' dir='ltr'>Schol.</span> <span class='ocrx_word' id='word_1_195' title='bbox 202 2317 395 2371; x_wconf 87' lang='lat' dir='ltr'>Aristoph.</span> <span class='ocrx_word' id='word_1_196' title='bbox 426 2320 526 2356; x_wconf 91' lang='lat' dir='ltr'>Nub.</span> <span class='ocrx_word' id='word_1_197' title='bbox 548 2323 614 2367; x_wconf 78' lang='lat'>32,</span> <span class='ocrx_word' id='word_1_198' title='bbox 643 2319 710 2357; x_wconf 90' lang='lat' dir='ltr'>ubi</span> 
     </span>
     <span class='ocr_line' id='line_1_43' title="bbox 51 2374 710 2425; baseline 0.005 -15"><span class='ocrx_word' id='word_1_199' title='bbox 51 2374 132 2425; x_wconf 85' lang='lat' dir='ltr'>ipse</span> <span class='ocrx_word' id='word_1_200' title='bbox 170 2375 379 2413; x_wconf 86' lang='lat' dir='ltr'>Clisthenes</span> <span class='ocrx_word' id='word_1_201' title='bbox 424 2377 710 2413; x_wconf 85' lang='lat' dir='ltr'>naucrariarum</span> 
     </span>
     <span class='ocr_line' id='line_1_44' title="bbox 51 2431 710 2471; baseline 0.003 -3"><span class='ocrx_word' id='word_1_202' title='bbox 51 2431 137 2468; x_wconf 89' lang='lat' dir='ltr'>loco</span> <span class='ocrx_word' id='word_1_203' title='bbox 178 2431 310 2470; x_wconf 85' lang='lat' dir='ltr'>demos</span> <span class='ocrx_word' id='word_1_204' title='bbox 351 2433 470 2470; x_wconf 85' lang='lat' dir='ltr'>fertur</span> <span class='ocrx_word' id='word_1_205' title='bbox 507 2434 710 2471; x_wconf 88' lang='lat' dir='ltr'>instituisse</span> 
     </span>
     <span class='ocr_line' id='line_1_45' title="bbox 50 2488 710 2540; baseline 0.005 -16"><span class='ocrx_word' id='word_1_206' title='bbox 50 2488 222 2540; x_wconf 89' lang='lat' dir='ltr'>itemque</span> <span class='ocrx_word' id='word_1_207' title='bbox 252 2501 522 2526; x_wconf 86' lang='lat' dir='ltr'>naucrarorum</span> <span class='ocrx_word' id='word_1_208' title='bbox 543 2490 628 2527; x_wconf 88' lang='lat' dir='ltr'>loco</span> <span class='ocrx_word' id='word_1_209' title='bbox 651 2490 710 2527; x_wconf 82' lang='lat' dir='ltr'>de-</span> 
     </span>
     <span class='ocr_line' id='line_1_46' title="bbox 52 2545 708 2597; baseline 0.005 -16"><span class='ocrx_word' id='word_1_210' title='bbox 52 2545 224 2594; x_wconf 77' lang='lat' dir='ltr'>marchos,</span> <span class='ocrx_word' id='word_1_211' title='bbox 245 2546 312 2597; x_wconf 89' lang='lat' dir='ltr'>qui</span> <span class='ocrx_word' id='word_1_212' title='bbox 330 2547 486 2597; x_wconf 88' lang='lat' dir='ltr'>singulis</span> <span class='ocrx_word' id='word_1_213' title='bbox 506 2545 625 2584; x_wconf 87' lang='lat' dir='ltr'>demis</span> <span class='ocrx_word' id='word_1_214' title='bbox 640 2560 708 2584; x_wconf 94' lang='lat' dir='ltr'>eo-</span> 
     </span>
     <span class='ocr_line' id='line_1_47' title="bbox 52 2601 709 2657; baseline 0.005 -19"><span class='ocrx_word' id='word_1_215' title='bbox 52 2601 142 2639; x_wconf 89' lang='lat' dir='ltr'>dem</span> <span class='ocrx_word' id='word_1_216' title='bbox 151 2601 267 2639; x_wconf 87' lang='lat' dir='ltr'>modo</span> <span class='ocrx_word' id='word_1_217' title='bbox 279 2610 505 2654; x_wconf 84' lang='lat' dir='ltr'>praeessent,</span> <span class='ocrx_word' id='word_1_218' title='bbox 518 2616 594 2657; x_wconf 90' lang='lat' dir='ltr'>quo</span> <span class='ocrx_word' id='word_1_219' title='bbox 609 2617 709 2641; x_wconf 89' lang='lat' dir='ltr'>nau-</span> 
     </span>
     <span class='ocr_line' id='line_1_48' title="bbox 53 2659 708 2713; baseline 0.002 -17"><span class='ocrx_word' id='word_1_220' title='bbox 53 2660 148 2696; x_wconf 88' lang='lat' dir='ltr'>crari</span> <span class='ocrx_word' id='word_1_221' title='bbox 168 2659 385 2697; x_wconf 87' lang='lat' dir='ltr'>naucrariis.</span> <span class='ocrx_word' id='word_1_222' title='bbox 414 2661 464 2697; x_wconf 84' lang='lat' dir='ltr'>Et</span> <span class='ocrx_word' id='word_1_223' title='bbox 484 2661 532 2697; x_wconf 86' lang='lat' dir='ltr'>cf.</span> <span class='ocrx_word' id='word_1_224' title='bbox 554 2673 708 2713; x_wconf 89' lang='lat' dir='ltr'>quoque</span> 
     </span>
     <span class='ocr_line' id='line_1_49' title="bbox 54 2715 711 2768; baseline 0.005 -16"><span class='ocrx_word' id='word_1_225' title='bbox 54 2715 98 2753; x_wconf 84' lang='lat' dir='ltr'>C.</span> <span class='ocrx_word' id='word_1_226' title='bbox 118 2718 163 2753; x_wconf 92' lang='lat' dir='ltr'>L.</span> <span class='ocrx_word' id='word_1_227' title='bbox 181 2715 404 2754; x_wconf 89' lang='lat' dir='ltr'>Grotefend.</span> <span class='ocrx_word' id='word_1_228' title='bbox 436 2717 476 2753; x_wconf 88' lang='lat' dir='ltr'>in</span> <span class='ocrx_word' id='word_1_229' title='bbox 503 2718 711 2768; x_wconf 75' lang='lat' dir='ltr'>scriptione</span> 
     </span>
     <span class='ocr_line' id='line_1_50' title="bbox 55 2770 709 2825; baseline 0.006 -17"><span class='ocrx_word' id='word_1_230' title='bbox 55 2770 102 2809; x_wconf 89' lang='lat' dir='ltr'>de</span> <span class='ocrx_word' id='word_1_231' title='bbox 123 2772 243 2810; x_wconf 86' lang='lat' dir='ltr'>demis</span> <span class='ocrx_word' id='word_1_232' title='bbox 263 2780 300 2810; x_wconf 87' lang='lat' dir='ltr'>et</span> <span class='ocrx_word' id='word_1_233' title='bbox 313 2774 419 2823; x_wconf 84' lang='lat' dir='ltr'>pagis</span> <span class='ocrx_word' id='word_1_234' title='bbox 436 2774 570 2810; x_wconf 86' lang='lat' dir='ltr'>Attico.</span> <span class='ocrx_word' id='word_1_235' title='bbox 592 2772 709 2825; x_wconf 87' lang='lat' dir='ltr'>(Got-</span> 
     </span>
     <span class='ocr_line' id='line_1_51' title="bbox 54 2829 708 2881; baseline 0.005 -16"><span class='ocrx_word' id='word_1_236' title='bbox 54 2829 147 2881; x_wconf 84' lang='lat' dir='ltr'>ting.</span> <span class='ocrx_word' id='word_1_237' title='bbox 170 2830 294 2880; x_wconf 79' lang='lat'><strong>1829)</strong></span> <span class='ocrx_word' id='word_1_238' title='bbox 324 2843 411 2881; x_wconf 86' lang='lat' dir='ltr'>pag.</span> <span class='ocrx_word' id='word_1_239' title='bbox 443 2832 494 2871; x_wconf 88' lang='lat'>10</span> <span class='ocrx_word' id='word_1_240' title='bbox 524 2837 617 2879; x_wconf 68' lang='lat' dir='ltr'>not„</span> <span class='ocrx_word' id='word_1_241' title='bbox 647 2832 708 2869; x_wconf 90' lang='lat' dir='ltr'>cui</span> 
     </span>
    </p>
   </div>
   <div class='ocr_carea' id='block_1_6' title="bbox 763 841 1429 2484">
    <p class='ocr_par' dir='ltr' id='par_1_6' title="bbox 763 841 1429 1122">
     <span class='ocr_line' id='line_1_52' title="bbox 769 841 1429 894; baseline -0.006 -14"><span class='ocrx_word' id='word_1_242' title='bbox 769 849 806 880; x_wconf 91' lang='lat' dir='ltr'>et</span> <span class='ocrx_word' id='word_1_243' title='bbox 824 843 897 894; x_wconf 88' lang='lat' dir='ltr'>ipsi</span> <span class='ocrx_word' id='word_1_244' title='bbox 923 841 1109 879; x_wconf 84' lang='lat' dir='ltr'>Herodoti</span> <span class='ocrx_word' id='word_1_245' title='bbox 1136 842 1240 879; x_wconf 90' lang='lat' dir='ltr'>locus</span> <span class='ocrx_word' id='word_1_246' title='bbox 1269 847 1371 878; x_wconf 82' lang='lat' dir='ltr'>recte</span> <span class='ocrx_word' id='word_1_247' title='bbox 1389 854 1429 877; x_wconf 92' lang='lat' dir='ltr'>se</span> 
     </span>
     <span class='ocr_line' id='line_1_53' title="bbox 766 898 1429 951; baseline -0.003 -15"><span class='ocrx_word' id='word_1_248' title='bbox 766 898 907 937; x_wconf 83' lang='lat' dir='ltr'>habere</span> <span class='ocrx_word' id='word_1_249' title='bbox 919 898 1081 946; x_wconf 83' lang='lat' dir='ltr'>videtur,</span> <span class='ocrx_word' id='word_1_250' title='bbox 1095 911 1332 951; x_wconf 87' lang='lat' dir='ltr'>quamquam</span> <span class='ocrx_word' id='word_1_251' title='bbox 1345 911 1429 934; x_wconf 88' lang='lat' dir='ltr'>cer-</span> 
     </span>
     <span class='ocr_line' id='line_1_54' title="bbox 765 955 1427 1007; baseline -0.003 -14"><span class='ocrx_word' id='word_1_252' title='bbox 765 963 845 993; x_wconf 87' lang='lat' dir='ltr'>tam</span> <span class='ocrx_word' id='word_1_253' title='bbox 897 957 1126 995; x_wconf 86' lang='lat' dir='ltr'>sententiam</span> <span class='ocrx_word' id='word_1_254' title='bbox 1179 955 1427 1007; x_wconf 85' lang='lat' dir='ltr'>pronuntiare</span> 
     </span>
     <span class='ocr_line' id='line_1_55' title="bbox 764 1010 1429 1060; baseline -0.005 -10"><span class='ocrx_word' id='word_1_255' title='bbox 764 1027 844 1050; x_wconf 88' lang='grc'><strong>11011</strong></span> <span class='ocrx_word' id='word_1_256' title='bbox 878 1013 1014 1060; x_wconf 79' lang='lat' dir='ltr'>audet,</span> <span class='ocrx_word' id='word_1_257' title='bbox 1053 1013 1132 1049; x_wconf 89' lang='lat' dir='ltr'>aliis</span> <span class='ocrx_word' id='word_1_258' title='bbox 1167 1025 1250 1049; x_wconf 89' lang='lat' dir='ltr'>rem</span> <span class='ocrx_word' id='word_1_259' title='bbox 1285 1010 1429 1049; x_wconf 91' lang='lat' dir='ltr'>diiudi-</span> 
     </span>
     <span class='ocr_line' id='line_1_56' title="bbox 763 1042 1177 1122; baseline -0.005 -15"><span class='ocrx_word' id='word_1_260' title='bbox 763 1069 927 1107; x_wconf 87' lang='lat' dir='ltr'>candam</span> <span class='ocrx_word' id='word_1_261' title='bbox 946 1042 1177 1122; x_wconf 86' lang='lat' dir='ltr'>relinquens.</span> 
     </span>
    </p>

    <p class='ocr_par' dir='ltr' id='par_1_7' title="bbox 764 1118 1429 2484">
     <span class='ocr_line' id='line_1_57' title="bbox 823 1118 1426 1178; baseline -0.007 -12"><span class='ocrx_word' id='word_1_262' title='bbox 823 1126 918 1166; x_wconf 78' lang='grc' dir='ltr'><em>δέκα</em></span> <span class='ocrx_word' id='word_1_263' title='bbox 944 1141 985 1165; x_wconf 86' lang='grc' dir='ltr'>τε</span> <span class='ocrx_word' id='word_1_264' title='bbox 1006 1123 1056 1178; x_wconf 80' lang='grc' dir='ltr'>δὴ</span> <span class='ocrx_word' id='word_1_265' title='bbox 1085 1121 1315 1176; x_wconf 75' lang='grc' dir='ltr'>φυλάρχους</span> <span class='ocrx_word' id='word_1_266' title='bbox 1337 1118 1426 1162; x_wconf 81' lang='grc' dir='ltr'>οἷντὶ</span> 
     </span>
     <span class='ocr_line' id='line_1_58' title="bbox 765 1178 1428 1235; baseline -0.009 -12"><span class='ocrx_word' id='word_1_267' title='bbox 765 1182 958 1235; x_wconf 83' lang='grc' dir='ltr'>τεσσέρων</span> <span class='ocrx_word' id='word_1_268' title='bbox 981 1182 1161 1233; x_wconf 76' lang='grc' dir='ltr'>ἐποίησε]</span> <span class='ocrx_word' id='word_1_269' title='bbox 1184 1178 1428 1232; x_wconf 84' lang='lat' dir='ltr'>Phylarcho-</span> 
     </span>
     <span class='ocr_line' id='line_1_59' title="bbox 765 1236 1428 1277; baseline -0.006 0"><span class='ocrx_word' id='word_1_270' title='bbox 765 1254 853 1277; x_wconf 87' lang='lat' dir='ltr'>rum</span> <span class='ocrx_word' id='word_1_271' title='bbox 872 1253 1018 1277; x_wconf 88' lang='lat' dir='ltr'>nomen</span> <span class='ocrx_word' id='word_1_272' title='bbox 1046 1240 1085 1275; x_wconf 93' lang='lat' dir='ltr'>in</span> <span class='ocrx_word' id='word_1_273' title='bbox 1120 1237 1179 1276; x_wconf 87' lang='lat' dir='ltr'>his</span> <span class='ocrx_word' id='word_1_274' title='bbox 1206 1239 1300 1275; x_wconf 86' lang='lat' dir='ltr'>falso</span> <span class='ocrx_word' id='word_1_275' title='bbox 1329 1236 1428 1274; x_wconf 87' lang='lat' dir='ltr'>tradi</span> 
     </span>
     <span class='ocr_line' id='line_1_60' title="bbox 765 1295 1427 1345; baseline -0.005 -11"><span class='ocrx_word' id='word_1_276' title='bbox 765 1297 893 1335; x_wconf 83' lang='lat' dir='ltr'>statuit</span> <span class='ocrx_word' id='word_1_277' title='bbox 906 1297 948 1334; x_wconf 89' lang='lat' dir='ltr'>C.</span> <span class='ocrx_word' id='word_1_278' title='bbox 960 1298 1003 1334; x_wconf 82' lang='lat' dir='ltr'>F.</span> <span class='ocrx_word' id='word_1_279' title='bbox 1015 1298 1228 1333; x_wconf 90' lang='lat' dir='ltr'>Hermann.</span> <span class='ocrx_word' id='word_1_280' title='bbox 1248 1296 1274 1332; x_wconf 91' lang='lat' dir='ltr'>l.</span> <span class='ocrx_word' id='word_1_281' title='bbox 1295 1295 1321 1331; x_wconf 92' lang='lat' dir='ltr'>l.</span> <span class='ocrx_word' id='word_1_282' title='bbox 1338 1306 1427 1345; x_wconf 85' lang='lat' dir='ltr'>pag.</span> 
     </span>
     <span class='ocr_line' id='line_1_61' title="bbox 765 1351 1428 1406; baseline -0.009 -13"><span class='ocrx_word' id='word_1_283' title='bbox 765 1356 860 1402; x_wconf 78' lang='lat'><strong>209,</strong></span> <span class='ocrx_word' id='word_1_284' title='bbox 881 1367 970 1391; x_wconf 89' lang='lat' dir='ltr'>cum</span> <span class='ocrx_word' id='word_1_285' title='bbox 995 1355 1061 1406; x_wconf 89' lang='lat' dir='ltr'>qui</span> <span class='ocrx_word' id='word_1_286' title='bbox 1079 1351 1236 1404; x_wconf 83' lang='lat' dir='ltr'>singulis</span> <span class='ocrx_word' id='word_1_287' title='bbox 1256 1352 1428 1388; x_wconf 89' lang='lat' dir='ltr'>tribubus</span> 
     </span>
     <span class='ocr_line' id='line_1_62' title="bbox 765 1409 1428 1463; baseline -0.006 -15"><span class='ocrx_word' id='word_1_288' title='bbox 765 1424 796 1448; x_wconf 90' lang='lat' dir='ltr'>s.</span> <span class='ocrx_word' id='word_1_289' title='bbox 823 1414 969 1460; x_wconf 80' lang='grc' dir='ltr'><em>φυλαῖς</em></span> <span class='ocrx_word' id='word_1_290' title='bbox 988 1411 1169 1463; x_wconf 85' lang='lat' dir='ltr'>praefecti</span> <span class='ocrx_word' id='word_1_291' title='bbox 1187 1409 1428 1456; x_wconf 62' lang='grc' dir='ltr'><strong>1111111111,νο-</strong></span> 
     </span>
     <span class='ocr_line' id='line_1_63' title="bbox 767 1465 1426 1519; baseline -0.002 -15"><span class='ocrx_word' id='word_1_292' title='bbox 767 1469 840 1504; x_wconf 85' lang='lat' dir='ltr'>cati</span> <span class='ocrx_word' id='word_1_293' title='bbox 855 1469 928 1505; x_wconf 89' lang='lat' dir='ltr'>sint</span> <span class='ocrx_word' id='word_1_294' title='bbox 940 1465 1160 1519; x_wconf 75' lang='grc' dir='ltr'>ἔπιμελεται</span> <span class='ocrx_word' id='word_1_295' title='bbox 1182 1468 1261 1505; x_wconf 80' lang='grc' dir='ltr'>τῶν</span> <span class='ocrx_word' id='word_1_296' title='bbox 1273 1467 1426 1515; x_wconf 81' lang='grc' dir='ltr'><strong><em>φυλῶν,</em></strong></span> 
     </span>
     <span class='ocr_line' id='line_1_64' title="bbox 768 1522 1428 1577; baseline -0.006 -16"><span class='ocrx_word' id='word_1_297' title='bbox 768 1524 815 1561; x_wconf 90' lang='lat' dir='ltr'>de</span> <span class='ocrx_word' id='word_1_298' title='bbox 847 1526 982 1577; x_wconf 87' lang='lat' dir='ltr'>quibus</span> <span class='ocrx_word' id='word_1_299' title='bbox 1010 1523 1088 1562; x_wconf 80' lang='lat' dir='ltr'>vid.</span> <span class='ocrx_word' id='word_1_300' title='bbox 1110 1522 1348 1562; x_wconf 86' lang='lat' dir='ltr'>Scho&#39;mann.</span> <span class='ocrx_word' id='word_1_301' title='bbox 1368 1522 1428 1558; x_wconf 91' lang='lat' dir='ltr'>De</span> 
     </span>
     <span class='ocr_line' id='line_1_65' title="bbox 768 1575 1429 1633; baseline -0.005 -15"><span class='ocrx_word' id='word_1_302' title='bbox 768 1582 923 1620; x_wconf 86' lang='lat' dir='ltr'>Comitt.</span> <span class='ocrx_word' id='word_1_303' title='bbox 944 1596 983 1633; x_wconf 89' lang='lat' dir='ltr'>p.</span> <span class='ocrx_word' id='word_1_304' title='bbox 1010 1584 1105 1629; x_wconf 81' lang='lat'>369,</span> <span class='ocrx_word' id='word_1_305' title='bbox 1138 1575 1336 1632; x_wconf 77' lang='grc' dir='ltr'>φύλαρχοι</span> <span class='ocrx_word' id='word_1_306' title='bbox 1356 1591 1429 1615; x_wconf 91' lang='lat' dir='ltr'>au-</span> 
     </span>
     <span class='ocr_line' id='line_1_66' title="bbox 765 1636 1428 1704; baseline -0.008 -28"><span class='ocrx_word' id='word_1_307' title='bbox 765 1646 845 1676; x_wconf 87' lang='lat' dir='ltr'>tem</span> <span class='ocrx_word' id='word_1_308' title='bbox 877 1636 980 1691; x_wconf 85' lang='lat' dir='ltr'>apud</span> <span class='ocrx_word' id='word_1_309' title='bbox 999 1639 1097 1675; x_wconf 93' lang='lat' dir='ltr'>solos</span> <span class='ocrx_word' id='word_1_310' title='bbox 1115 1638 1365 1704; x_wconf 81' lang='lat' dir='ltr'>reperiantur</span> <span class='ocrx_word' id='word_1_311' title='bbox 1385 1648 1428 1671; x_wconf 85' lang='lat' dir='ltr'>e-</span> 
     </span>
     <span class='ocr_line' id='line_1_67' title="bbox 766 1693 1426 1749; baseline -0.006 -17"><span class='ocrx_word' id='word_1_312' title='bbox 766 1696 1025 1749; x_wconf 85' lang='lat' dir='ltr'>quites.1ta</span> <span class='ocrx_word' id='word_1_313' title='bbox 1065 1695 1169 1731; x_wconf 78' lang='lat' dir='ltr'>enim</span> <span class='ocrx_word' id='word_1_314' title='bbox 1205 1693 1426 1731; x_wconf 91' lang='lat' dir='ltr'>Aristoteles</span> 
     </span>
     <span class='ocr_line' id='line_1_68' title="bbox 765 1752 1427 1804; baseline -0.005 -15"><span class='ocrx_word' id='word_1_315' title='bbox 765 1766 853 1804; x_wconf 86' lang='lat' dir='ltr'>pag.</span> <span class='ocrx_word' id='word_1_316' title='bbox 877 1755 931 1794; x_wconf 86' lang='lat'>80</span> <span class='ocrx_word' id='word_1_317' title='bbox 952 1753 1170 1789; x_wconf 86' lang='lat' dir='ltr'>Neumann.</span> <span class='ocrx_word' id='word_1_318' title='bbox 1198 1765 1247 1788; x_wconf 85' lang='lat' dir='ltr'>ex</span> <span class='ocrx_word' id='word_1_319' title='bbox 1274 1752 1427 1800; x_wconf 91' lang='lat' dir='ltr'>Harpo-</span> 
     </span>
     <span class='ocr_line' id='line_1_69' title="bbox 766 1804 1426 1878; baseline -0.003 -31"><span class='ocrx_word' id='word_1_320' title='bbox 766 1817 858 1847; x_wconf 84' lang='lat' dir='ltr'>crat.</span> <span class='ocrx_word' id='word_1_321' title='bbox 855 1823 917 1878; x_wconf 91' lang='lat' dir='ltr'>p.</span> <span class='ocrx_word' id='word_1_322' title='bbox 940 1807 1021 1850; x_wconf 79' lang='lat'>344</span> <span class='ocrx_word' id='word_1_323' title='bbox 1042 1804 1246 1860; x_wconf 75' lang='grc' dir='ltr'>φύλαρχός</span> <span class='ocrx_word' id='word_1_324' title='bbox 1275 1805 1380 1846; x_wconf 81' lang='grc' dir='ltr'>ἐστιν</span> <span class='ocrx_word' id='word_1_325' title='bbox 1405 1820 1426 1845; x_wconf 95' lang='grc' dir='ltr'>ο</span> 
     </span>
     <span class='ocr_line' id='line_1_70' title="bbox 764 1861 1426 1916; baseline -0.006 -11"><span class='ocrx_word' id='word_1_326' title='bbox 764 1862 864 1905; x_wconf 65' lang='lat' dir='ltr'>nato?</span> <span class='ocrx_word' id='word_1_327' title='bbox 888 1863 1025 1916; x_wconf 76' lang='grc' dir='ltr'><em>φυλην</em></span> <span class='ocrx_word' id='word_1_328' title='bbox 1049 1861 1220 1915; x_wconf 77' lang='grc' dir='ltr'>ἑκάστην</span> <span class='ocrx_word' id='word_1_329' title='bbox 1251 1865 1324 1902; x_wconf 83' lang='grc' dir='ltr'>τοῦ</span> <span class='ocrx_word' id='word_1_330' title='bbox 1358 1861 1426 1901; x_wconf 78' lang='grc' dir='ltr'>ἴπ-</span> 
     </span>
     <span class='ocr_line' id='line_1_71' title="bbox 766 1917 1427 1987; baseline -0.005 -26"><span class='ocrx_word' id='word_1_331' title='bbox 766 1938 887 1962; x_wconf 81' lang='grc' dir='ltr'>πικου</span> <span class='ocrx_word' id='word_1_332' title='bbox 935 1919 1068 1987; x_wconf 80' lang='grc' dir='ltr'>ἅρχων</span> <span class='ocrx_word' id='word_1_333' title='bbox 1108 1917 1427 1972; x_wconf 66' lang='grc' dir='ltr'>1ιῖπῑοτεταγμένος</span> 
     </span>
     <span class='ocr_line' id='line_1_72' title="bbox 767 1973 1426 2032; baseline -0.009 -15"><span class='ocrx_word' id='word_1_334' title='bbox 767 1975 810 2017; x_wconf 82' lang='grc' dir='ltr'>δὲ</span> <span class='ocrx_word' id='word_1_335' title='bbox 837 1973 1055 2032; x_wconf 81' lang='grc' dir='ltr'>Ιππαρχῳ.</span> <span class='ocrx_word' id='word_1_336' title='bbox 1115 1975 1193 2015; x_wconf 88' lang='lat' dir='ltr'>Sed</span> <span class='ocrx_word' id='word_1_337' title='bbox 1228 1976 1319 2027; x_wconf 86' lang='lat' dir='ltr'>inde</span> <span class='ocrx_word' id='word_1_338' title='bbox 1345 1988 1426 2012; x_wconf 89' lang='lat' dir='ltr'>non</span> 
     </span>
     <span class='ocr_line' id='line_1_73' title="bbox 765 2034 1427 2088; baseline -0.003 -17"><span class='ocrx_word' id='word_1_339' title='bbox 765 2035 936 2088; x_wconf 85' lang='lat' dir='ltr'>sequitur</span> <span class='ocrx_word' id='word_1_340' title='bbox 963 2035 1056 2073; x_wconf 83' lang='lat' dir='ltr'>falsa</span> <span class='ocrx_word' id='word_1_341' title='bbox 1093 2034 1241 2071; x_wconf 80' lang='lat' dir='ltr'>tradere</span> <span class='ocrx_word' id='word_1_342' title='bbox 1277 2039 1427 2084; x_wconf 88' lang='lat' dir='ltr'>patrem</span> 
     </span>
     <span class='ocr_line' id='line_1_74' title="bbox 766 2090 1425 2140; baseline -0.003 -12"><span class='ocrx_word' id='word_1_343' title='bbox 766 2090 956 2140; x_wconf 77' lang='lat' dir='ltr'>historiae,</span> <span class='ocrx_word' id='word_1_344' title='bbox 987 2093 1048 2129; x_wconf 90' lang='lat' dir='ltr'>cui</span> <span class='ocrx_word' id='word_1_345' title='bbox 1069 2090 1142 2128; x_wconf 90' lang='lat' dir='ltr'>hoc</span> <span class='ocrx_word' id='word_1_346' title='bbox 1162 2091 1255 2129; x_wconf 82' lang='lat' dir='ltr'>vitio</span> <span class='ocrx_word' id='word_1_347' title='bbox 1276 2096 1425 2128; x_wconf 82' lang='lat' dir='ltr'>vertere</span> 
     </span>
     <span class='ocr_line' id='line_1_75' title="bbox 765 2147 1426 2201; baseline 0 -15"><span class='ocrx_word' id='word_1_348' title='bbox 765 2150 832 2187; x_wconf 87' lang='lat' dir='ltr'>vix</span> <span class='ocrx_word' id='word_1_349' title='bbox 863 2149 1012 2197; x_wconf 77' lang='lat' dir='ltr'>licebit,</span> <span class='ocrx_word' id='word_1_350' title='bbox 1053 2147 1158 2201; x_wconf 89' lang='lat' dir='ltr'>quod</span> <span class='ocrx_word' id='word_1_351' title='bbox 1176 2148 1324 2185; x_wconf 86' lang='lat' dir='ltr'>nullam</span> <span class='ocrx_word' id='word_1_352' title='bbox 1345 2162 1426 2197; x_wconf 84' lang='grc' dir='ltr'>φυ-</span> 
     </span>
     <span class='ocr_line' id='line_1_76' title="bbox 765 2204 1426 2259; baseline -0.008 -14"><span class='ocrx_word' id='word_1_353' title='bbox 765 2204 1031 2258; x_wconf 78' lang='grc' dir='ltr'>λοβασιλέων,</span> <span class='ocrx_word' id='word_1_354' title='bbox 1082 2206 1150 2259; x_wconf 90' lang='lat' dir='ltr'>qui</span> <span class='ocrx_word' id='word_1_355' title='bbox 1186 2206 1343 2257; x_wconf 87' lang='lat' dir='ltr'>antiquo</span> <span class='ocrx_word' id='word_1_356' title='bbox 1375 2216 1426 2241; x_wconf 86' lang='lat' dir='ltr'>ex</span> 
     </span>
     <span class='ocr_line' id='line_1_77' title="bbox 764 2261 1426 2300; baseline -0.005 0"><span class='ocrx_word' id='word_1_357' title='bbox 764 2276 873 2300; x_wconf 90' lang='lat' dir='ltr'>more</span> <span class='ocrx_word' id='word_1_358' title='bbox 897 2262 946 2300; x_wconf 86' lang='lat' dir='ltr'>ad</span> <span class='ocrx_word' id='word_1_359' title='bbox 970 2275 1074 2300; x_wconf 88' lang='lat' dir='ltr'>sacra</span> <span class='ocrx_word' id='word_1_360' title='bbox 1094 2261 1262 2300; x_wconf 85' lang='lat' dir='ltr'>curanda</span> <span class='ocrx_word' id='word_1_361' title='bbox 1283 2262 1426 2299; x_wconf 85' lang='lat' dir='ltr'>consti-</span> 
     </span>
     <span class='ocr_line' id='line_1_78' title="bbox 765 2319 1424 2371; baseline -0.005 -14"><span class='ocrx_word' id='word_1_362' title='bbox 765 2321 849 2366; x_wconf 84' lang='lat' dir='ltr'>tuti,</span> <span class='ocrx_word' id='word_1_363' title='bbox 884 2319 932 2357; x_wconf 86' lang='lat' dir='ltr'>ad</span> <span class='ocrx_word' id='word_1_364' title='bbox 951 2321 1074 2371; x_wconf 88' lang='lat' dir='ltr'>ipsam</span> <span class='ocrx_word' id='word_1_365' title='bbox 1101 2332 1231 2356; x_wconf 87' lang='lat' dir='ltr'>rerum</span> <span class='ocrx_word' id='word_1_366' title='bbox 1249 2319 1424 2371; x_wconf 87' lang='lat' dir='ltr'>publica—</span> 
     </span>
     <span class='ocr_line' id='line_1_79' title="bbox 765 2375 1425 2428; baseline -0.005 -14"><span class='ocrx_word' id='word_1_367' title='bbox 765 2390 854 2414; x_wconf 89' lang='lat' dir='ltr'>rum</span> <span class='ocrx_word' id='word_1_368' title='bbox 891 2390 1023 2414; x_wconf 88' lang='lat' dir='ltr'>curam</span> <span class='ocrx_word' id='word_1_369' title='bbox 1054 2377 1216 2413; x_wconf 89' lang='lat' dir='ltr'>minime</span> <span class='ocrx_word' id='word_1_370' title='bbox 1254 2375 1425 2428; x_wconf 90' lang='lat' dir='ltr'>pertine-</span> 
     </span>
     <span class='ocr_line' id='line_1_80' title="bbox 765 2431 1426 2484; baseline -0.003 -14"><span class='ocrx_word' id='word_1_371' title='bbox 765 2434 878 2484; x_wconf 83' lang='lat' dir='ltr'>bant;</span> <span class='ocrx_word' id='word_1_372' title='bbox 910 2434 1011 2471; x_wconf 88' lang='lat' dir='ltr'>conf.</span> <span class='ocrx_word' id='word_1_373' title='bbox 1031 2432 1248 2471; x_wconf 82' lang='lat' dir='ltr'>Tittmaun.</span> <span class='ocrx_word' id='word_1_374' title='bbox 1271 2431 1426 2474; x_wconf 80' lang='lat' dir='ltr'>Griech,</span> 
     </span>
    </p>
   </div>
   <div class='ocr_carea' id='block_1_7' title="bbox 766 2488 1284 2633">
    <p class='ocr_par' dir='ltr' id='par_1_8' title="bbox 766 2488 1284 2633">
     <span class='ocr_line' id='line_1_81' title="bbox 766 2488 1284 2543; baseline -0.002 -14"><span class='ocrx_word' id='word_1_375' title='bbox 766 2490 987 2530; x_wconf 86' lang='lat' dir='ltr'>Staatsverf.</span> <span class='ocrx_word' id='word_1_376' title='bbox 996 2503 1083 2543; x_wconf 90' lang='lat' dir='ltr'>pag.</span> <span class='ocrx_word' id='word_1_377' title='bbox 1107 2488 1188 2532; x_wconf 78' lang='lat'>274</span> <span class='ocrx_word' id='word_1_378' title='bbox 1203 2502 1284 2543; x_wconf 85' lang='lat' dir='ltr'>seq.</span> 
     </span>
     <span class='ocr_line' id='line_1_82' title="bbox 938 2581 1217 2633; baseline 0.004 -15"><span class='ocrx_word' id='word_1_379' title='bbox 938 2602 940 2606; x_wconf 41' lang='grc' dir='ltr'><em>ν</em></span> <span class='ocrx_word' id='word_1_380' title='bbox 978 2581 1073 2633; x_wconf 86' lang='lat' dir='ltr'>Cap.</span> <span class='ocrx_word' id='word_1_381' title='bbox 1091 2582 1217 2619; x_wconf 86' lang='lat' dir='ltr'>LXX.</span> 
     </span>
    </p>
   </div>
   <div class='ocr_carea' id='block_1_8' title="bbox 764 2652 1423 2826">
    <p class='ocr_par' dir='ltr' id='par_1_9' title="bbox 764 2652 1423 2826">
     <span class='ocr_line' id='line_1_83' title="bbox 818 2652 1422 2714; baseline 0 -15"><span class='ocrx_word' id='word_1_382' title='bbox 818 2656 885 2699; x_wconf 86' lang='lat' dir='ltr'>’Ev</span> <span class='ocrx_word' id='word_1_383' title='bbox 908 2652 965 2714; x_wconf 76' lang='grc' dir='ltr'>τῷ</span> <span class='ocrx_word' id='word_1_384' title='bbox 984 2659 1112 2713; x_wconf 80' lang='grc' dir='ltr'>μέρεϊ]</span> <span class='ocrx_word' id='word_1_385' title='bbox 1144 2662 1170 2699; x_wconf 91' lang='grc'>1.</span> <span class='ocrx_word' id='word_1_386' title='bbox 1193 2675 1227 2699; x_wconf 88' lang='lat' dir='ltr'>e.</span> <span class='ocrx_word' id='word_1_387' title='bbox 1255 2663 1422 2699; x_wconf 78' lang='lat' dir='ltr'>vicissim.</span> 
     </span>
     <span class='ocr_line' id='line_1_84' title="bbox 765 2717 1421 2770; baseline 0.002 -17"><span class='ocrx_word' id='word_1_388' title='bbox 765 2717 829 2754; x_wconf 87' lang='lat' dir='ltr'>Tu</span> <span class='ocrx_word' id='word_1_389' title='bbox 847 2718 949 2755; x_wconf 84' lang='lat' dir='ltr'>conf.</span> <span class='ocrx_word' id='word_1_390' title='bbox 966 2720 995 2765; x_wconf 92' lang='lat' dir='ltr'>I,</span> <span class='ocrx_word' id='word_1_391' title='bbox 1017 2722 1070 2760; x_wconf 81' lang='lat'>26</span> <span class='ocrx_word' id='word_1_392' title='bbox 1093 2719 1184 2770; x_wconf 87' lang='lat' dir='ltr'>ibiq.</span> <span class='ocrx_word' id='word_1_393' title='bbox 1214 2725 1311 2755; x_wconf 85' lang='lat' dir='ltr'>nott.</span> <span class='ocrx_word' id='word_1_394' title='bbox 1338 2718 1421 2767; x_wconf 84' lang='lat' dir='ltr'>Vll,</span> 
     </span>
     <span class='ocr_line' id='line_1_85' title="bbox 764 2775 1423 2826; baseline 0.003 -16"><span class='ocrx_word' id='word_1_395' title='bbox 764 2776 848 2815; x_wconf 80' lang='lat'>212</span> <span class='ocrx_word' id='word_1_396' title='bbox 868 2775 960 2826; x_wconf 87' lang='lat' dir='ltr'>ibiq.</span> <span class='ocrx_word' id='word_1_397' title='bbox 982 2776 1215 2825; x_wconf 69' lang='lat' dir='ltr'>Wesselilig.</span> <span class='ocrx_word' id='word_1_398' title='bbox 1230 2776 1287 2811; x_wconf 92' lang='lat' dir='ltr'>De</span> <span class='ocrx_word' id='word_1_399' title='bbox 1309 2775 1423 2812; x_wconf 89' lang='lat' dir='ltr'>Cleo-</span> 
     </span>
    </p>
   </div>
   <div class='ocr_carea' id='block_1_9' title="bbox 764 2831 1422 2880">
    <p class='ocr_par' dir='ltr' id='par_1_10' title="bbox 764 2831 1422 2880">
     <span class='ocr_line' id='line_1_86' title="bbox 764 2831 1422 2880; baseline 0.002 -13"><span class='ocrx_word' id='word_1_400' title='bbox 764 2844 891 2879; x_wconf 88' lang='lat' dir='ltr'>mene,</span> <span class='ocrx_word' id='word_1_401' title='bbox 913 2832 1019 2869; x_wconf 75' lang='lat' dir='ltr'>cqus</span> <span class='ocrx_word' id='word_1_402' title='bbox 1039 2845 1133 2868; x_wconf 84' lang='lat' dir='ltr'>mox</span> <span class='ocrx_word' id='word_1_403' title='bbox 1145 2832 1303 2880; x_wconf 88' lang='lat' dir='ltr'>mentio,</span> <span class='ocrx_word' id='word_1_404' title='bbox 1320 2831 1422 2870; x_wconf 85' lang='lat' dir='ltr'>conf.</span> 
     </span>
    </p>
   </div>
  </div>
 </body>
</html>
