1851 3181
479 229 564 268 612
874 227 1343 266 HERODOTI

478 334 695 379 Ἀκοὲνθου
734 329 819 378 ὦδε
856 334 1116 391 τεταγμένος
1155 333 1179 378 ὁ
1211 335 1393 389 στρατὸς
1440 334 1486 378 ἐκ
1514 335 1739 390 Δορίσκου

479 403 559 460 τὴν
590 401 696 446 ὁδὸν
725 401 927 446 ἐποιέετο.
984 408 1098 457 τρεῖς
1126 404 1283 458 μοίρας
1313 401 1337 446 ὁ
1367 402 1528 458 Ξέρξης
1558 401 1817 457 δασάμε-Ᾰδο-

477 487 555 522 νος
582 470 724 514 πάντα
753 470 831 514 τὸν
867 469 993 524 πεζὸν
1033 469 1239 525 στρατόν,
1279 472 1384 525 μίαν
1422 468 1589 514 αὐτέων
1624 471 1739 521 ἔταξε

479 538 598 594 παρὰ
618 537 849 582 θάλασσαν
879 538 992 581 ἰέναι
1021 537 1134 592 ὁμοῦ
1164 541 1224 595 τῷ
1239 541 1444 595 ναυτικῷ·
1474 537 1633 594 ταύτης
1662 537 1740 592 μὲν

481 606 534 662 δὴ
565 606 853 663 ἐστρατήγεον
883 604 1141 659 [Μαρδόνιός
1181 621 1226 648 τε
1253 606 1327 649 καὶ
1354 608 1594 662 Μασίστης.
1652 604 1739 649 ἑτέ-

453 680 540 730 3ρη
584 673 630 717 δὲ
667 673 898 730 τεταγμένη
936 673 1004 730 ἤϊε
1042 677 1123 717 τοῦ
1154 677 1340 728 στρατοῦ
1381 673 1632 729 τριτημορὶς
1658 672 1738 729 τὴν

478 740 734 797 μεσόγαιαν,
774 745 850 797 τῆς
887 740 1172 798 ἐστρατήγεον
1197 744 1547 823 Τριτανταίχμης
1585 756 1630 783 τε
1669 741 1794 783 καὶ65

478 810 647 864 Γέργις.
676 809 702 865 ἡ
735 809 780 852 δὲ
814 811 936 892 τρίτη
966 826 1055 853 των
1083 810 1285 867 μοιρέων,
1317 807 1400 865 μετ’
1431 826 1480 891 ης
1509 806 1740 862 ἐπορεύετο

479 874 612 927 αὐτὸς
642 874 665 919 ὁ
703 879 871 934 Ξέρξης,
901 878 969 935 ἤϊε
999 879 1078 934 μὲν
1105 879 1155 922 τὸ
1185 877 1318 934 μέσον
1349 876 1526 927 αὐτέων,
1559 889 1739 933 στρατη-

476 942 583 999 γους
612 944 659 988 δὲ
687 949 911 1002 παρείχετο
943 945 1250 1002 Σμερδομένεά
1281 961 1324 988 τε
1363 946 1437 988 καὶ
1466 942 1737 1001 Μεγαβυζον.

318 1017 417 1062 122
470 1009 525 1055 ‘0
553 1013 632 1066 μέν
658 1029 742 1056 νυν
771 1013 976 1065 ναυτικὸς
1005 1014 1208 1069 στρατὸς,
1243 1013 1301 1064 ὠς
1330 1013 1490 1069 ἀπείθη
1519 1012 1606 1057 ὑπὸ
1637 1012 1740 1067 Ξέρ-

147 1084 312 1127 qua9¹⁰0a
329 1083 398 1111 ²111-
480 1081 571 1132 ξεω,
605 1081 678 1123 καὶ
719 1080 969 1134 διεξέπλωσε
1011 1081 1093 1139 τήν
1123 1081 1316 1137 διώρυχα
1358 1080 1437 1136 τὴν
1466 1081 1512 1124 ἐν
1541 1084 1601 1138 τῷ
1618 1080 1796 1137 ’Ἁθῳ7ο

369 1116 420 1144 Pi-

146 1121 238 1182 finnt
258 1121 377 1187 gfflgus·
476 1148 738 1206 γενομένην,
774 1149 1008 1207 διέχουσαν
1046 1151 1093 1195 δὲ
1121 1150 1164 1202 ἐς
1193 1148 1361 1194 κόλπον
1383 1148 1430 1192 ἐν
1459 1151 1521 1205 τῷ
1538 1148 1675 1193 ’Ἀσσα
1694 1165 1739 1192 τε

147 1187 246 1216 Sarte.
281 1187 372 1222 Ampe
356 1185 421 1212 elus

421 1367 547 1397 terum
575 1358 680 1396 idem
707 1359 846 1396 Xerxis
875 1365 989 1410 atque
1010 1371 1081 1394 ex-
1194 1356 1401 1408 διέχουσαν
1446 1354 1489 1397 δὲ
1537 1355 1577 1404 ἔς
1613 1352 1793 1407 κόλπον]

424 1418 559 1453 ercitus
605 1418 676 1453 iter
730 1415 873 1453 iudicat
920 1413 1079 1453 Diodor.
1136 1413 1322 1453 Valcken.
1363 1415 1511 1451 mavult
1561 1412 1795 1465 ἐσέχονσαν;

421 1474 490 1521 ΧΙ,
511 1473 552 1514 5.
1140 1472 1202 1508 cui
1221 1477 1323 1507 recte
1354 1471 1573 1523 obloquitur
1592 1469 1794 1521 Schweig-

479 1544 582 1590 τρεῖς
614 1539 754 1592 μοίρας
780 1555 800 1580 0
830 1537 978 1589 Ξέρξης
1013 1539 1082 1578 δα-
1138 1526 1343 1565 haeuserus
1383 1528 1483 1566 confi
1512 1527 1577 1576 IV,
1605 1527 1672 1576 42,
1704 1540 1795 1565 cum

1140 1583 1282 1635 διέχειν
1302 1586 1348 1622 sit
1364 1586 1560 1636 pervenire,
1578 1586 1790 1635 pertingere,

1132 1643 1316 1691 pertinere.
1373 1640 1589 1678 Herodotus
1608 1639 1711 1678 hunc
1738 1641 1791 1677 si-

1135 1710 1243 1745 num,
1266 1698 1331 1749 qui
1352 1698 1398 1733 ab
1411 1696 1635 1734 occidentali
1655 1704 1693 1734 et
1706 1709 1791 1733 me-

1135 1753 1311 1790 ridionali
1339 1761 1445 1805 parte
1464 1760 1638 1790 montem
1659 1752 1793 1791 Athon

1134 1810 1314 1858 includit,
1372 1811 1470 1847 bene
1507 1811 1681 1862 quamvis
1719 1810 1791 1847 sibi

1136 1868 1333 1917 cognitum
1368 1866 1486 1915 (cum
1516 1865 1656 1919 oppida
1685 1865 1794 1904 adia-

1137 1925 1274 1971 centia,
1297 1937 1318 1961 a
1338 1922 1516 1975 Philippo
1539 1921 1711 1974 posthac,
1748 1929 1793 1960 ut

1136 1979 1308 2028 videtur,
1339 1979 1484 2028 diruta,
1505 1980 1696 2029 nominet)
1718 1992 1793 2017 no-

1135 2038 1240 2073 mine
1259 2044 1388 2074 tamen
1407 2036 1706 2089 haudquaquam
1729 2037 1792 2073 in-

1137 2093 1288 2131 dicavit.
1345 2094 1587 2131 Ptolemaeus
1611 2106 1701 2130 eum
1720 2106 1793 2131 vo-

1136 2157 1196 2187 cat
1214 2150 1432 2200 Singiticum
1449 2151 1598 2197 sinumt,
1617 2163 1721 2186 nunc
1742 2149 1791 2186 ob

1135 2214 1310 2243 montem
1348 2206 1499 2254 Athon,
1540 2219 1658 2257 quem
1676 2206 1790 2242 italo-

1134 2276 1221 2299 rum
1240 2262 1371 2313 lingua
1389 2264 1519 2299 Monte
1539 2262 1657 2300 Santo
1684 2263 1792 2299 voci-

1134 2320 1206 2355 tari
1235 2331 1347 2369 supra
1368 2318 1556 2366 diximus,
1578 2319 1791 2370 appellatur

380 1592 617 1655 σαμενος]
664 1597 765 1633 Male
815 1595 964 1643 Suidas,
1015 1596 1081 1646 qui

380 1648 514 1690 haec
547 1655 636 1691 citat
663 1667 693 1690 s.
727 1666 764 1691 V.
803 1649 1007 1692 δασασθαι
1028 1653 1079 1688 Τ.

422 1712 458 1747 ΙΙ
490 1724 528 1761 p.
562 1712 642 1750 510
674 1708 821 1746 affert'
805 1711 974 1760 εςτρεῐς
993 1708 1080 1758 μοί-

423 1782 507 1819 ρας,
536 1765 640 1803 ubi’
623 1781 662 1812 ες
683 1780 703 1802 e
722 1764 864 1803 scholio
884 1767 1080 1802 invectum

423 1824 584 1869 videtur,
607 1835 696 1859 oum
723 1823 763 1858 in
785 1823 923 1859 talibus
944 1822 1080 1858 vocula

424 1878 463 1926 ἐς
494 1880 686 1929 eleganter
715 1880 838 1916 omitti
871 1879 1001 1925 soleat,
1037 1884 1080 1914 ut

425 1935 572 1974 dudum
592 1936 743 1972 monuit
755 1934 940 1976 Valcken‚
962 1936 1080 1972 citans

422 1993 633 2030 Casaubon.
673 1991 722 2028 ad
763 1991 906 2029 Athen.
944 1993 1013 2029 V11
1039 2005 1078 2042 p.

423 2048 503 2090 324
538 2050 581 2086 C.
624 2047 815 2100 Aristoph.
847 2050 947 2101 qu.
983 2048 1080 2090 765.

423 2106 521 2142 Plat.
552 2106 658 2143 Tim.
694 2119 733 2156 p.
764 2104 815 2145 35
844 2107 890 2142 B.
925 2107 1002 2145 113
1033 2106 1079 2142 E.

423 2160 806 2210 Schweighaeuserus
862 2161 1081 2198 laudaverat

423 2216 564 2254 Herod.
595 2218 643 2264 II,
667 2217 759 2257 147.
778 2218 842 2265 IV,
864 2218 956 2258 148.
1015 2219 1082 2254 Tu

424 2273 501 2311 vid.
542 2272 675 2310 Matth.
711 2274 777 2309 Gr.
818 2274 883 2310 Gr.
917 2275 953 2318 ξ.
983 2272 1077 2322 419,

427 2333 446 2370 1
470 2343 507 2381 p.
530 2331 624 2370 767.
641 2349 697 2355 —-
715 2331 759 2365 In
779 2331 954 2378 proxime
973 2342 1079 2381 seqq.

424 2399 560 2424 vocem
577 2382 741 2435 στρατὸν
752 2384 827 2422 duo
841 2384 952 2422 codd.
963 2387 1079 2422 omit-

424 2449 522 2481 tunt.
571 2441 657 2480 vid.
679 2441 821 2478 Herod.
840 2443 905 2488 ΙΙΙ,
927 2441 993 2482 25.
1014 2443 1076 2488 IV,

428 2501 520 2540 128.
577 2500 671 2535 Mox
703 2511 772 2550 pro
804 2494 955 2537 αὐτέων
989 2496 1077 2534 dedi

425 2551 572 2594 αὐτῶν.
611 2576 666 2582 —
722 2557 765 2591 Iu
795 2554 871 2591 fine
909 2567 990 2604 cap.
1027 2553 1076 2591 ad

424 2610 700 2664 Σμερδομένεα
720 2611 821 2649 conf.
842 2611 922 2659 vn,
939 2613 1005 2651 82.

610 2702 700 2753 Cap.
734 2701 891 2738 CXXII.

483 2778 538 2827 οἱς
559 2774 739 2831 ἀπείθη]
781 2781 838 2818 cf.
858 2777 993 2817 Matth.
1013 2780 1079 2820 Gr,

427 2837 494 2873 Gr.
515 2838 552 2882 §.
573 2838 654 2877 214
674 2850 762 2889 pag.
783 2836 877 2878 408.

1135 2374 1237 2424 Golfo
1248 2375 1287 2412 di
1298 2373 1420 2412 Monte
1430 2374 1557 2414 Santo.
1579 2373 1664 2414 Vid.
1676 2376 1790 2412 Man-
1850 2406 1851 2427 3

1132 2438 1229 2468 nert.
1250 2432 1318 2469 VII
1337 2445 1375 2482 p.
1398 2429 1494 2472 454.

1189 2496 1231 2537 ἐν
1253 2499 1309 2551 τῷ
1330 2495 1517 2538 ’Ἀσσα-
1533 2497 1739 2549 οἴκηνται]
1760 2498 1787 2538 i.

1133 2567 1167 2589 e.
1202 2554 1251 2591 ad
1277 2559 1629 2604 quem—exstructa
1658 2558 1740 2592 sunt
1757 2568 1786 2593 s.

1133 2612 1192 2648 cuz·
1232 2611 1410 2649 adiacent.
1458 2609 1591 2651 ’Ἄσσα
1619 2612 1708 2648 urbs
1738 2623 1787 2649 ex

1134 2665 1172 2704 h.
1193 2668 1220 2704 l.
1243 2667 1398 2705 affertur
1431 2681 1452 2704 a
1492 2666 1676 2719 Stephan.
1704 2668 1787 2719 By-

1136 2730 1235 2761 zant.
1255 2737 1286 2761 s.
1296 2737 1348 2772 v.,
1381 2725 1446 2776 qui
1467 2725 1582 2761 etiam
1603 2724 1787 2775 Πίλωρος

1137 2780 1262 2829 (cuius
1281 2781 1387 2818 loco·
1377 2794 1417 2818 m
1436 2781 1538 2818 libris
1558 2774 1786 2846 quibusdam

1142 2837 1354 2888 Πίδωρος)
1403 2836 1534 2874 laudat
1560 2848 1604 2873 ac
1633 2831 1783 2887 Σαρτη.

1842 2883 1845 2913 1

1838 3004 1842 3100 1²

1837 3113 1841 3134 1
