1851 3181
455 246 539 286 532
858 242 896 278 H
924 242 957 278 E
987 242 1021 278 R
1051 240 1081 278 ο
1110 241 1145 277 D
1175 241 1206 279 o
1236 241 1274 279 T
1302 243 1321 278 1

458 352 564 409 „miv
596 348 779 394 Ἑλλάδα
818 349 980 400 ἐθέλεις
1017 352 1219 406 ποιῆσαι,
1279 348 1399 406 ἄγων
1439 350 1606 403 πάντας
1648 351 1720 396 α’ν-

458 420 718 475 ,,θρω’πους,·
749 417 824 461 καὶ
852 415 937 472 γάρ
978 415 1085 461 ἄνευ
1123 416 1292 461 τούτων
1328 417 1428 476 ἐξῆν
1456 435 1524 463 τοι
1552 421 1718 465 ποιέειν
1777 423 1851 467 537

457 491 657 541 ,,ταῦτα.“

532 564 609 617 Ὡς
649 563 695 607 δὲ
735 562 942 619 διέβησαν
979 563 1160 617 πάντες,
1213 564 1256 617 ἐς
1287 564 1395 610 ὁδόν
1435 564 1724 622 (ὁρμημένοισι

460 634 584 688 τέρας
624 642 703 687 σφι
737 629 879 686 ἐφάνη
920 630 1052 687 μέγα,
1092 631 1139 676 τὸ
1172 632 1331 690 Ξέρξης
1361 634 1407 677 ἐν
1440 633 1588 677 οὐδενὶ
1607 633 1722 693 λόγῳ

728 700 802 742 καί
820 715 901 753 περ
922 699 1224 758 εὐσύμβλητον
1236 702 1310 746 ἐόν
1325 716 1334 727 ·
1365 704 1495 752 ἵππος
1516 701 1597 758 γὰρ
1614 702 1779 746 {canalio

427 769 608 825 Ξλαγόν.
641 765 940 823 εὐσύμβλητον
958 767 1019 812 ὧν
1030 772 1131 826 τῇδε
1150 773 1280 814 τοῦτο
1303 769 1483 825 ἐγένετο,
1502 768 1569 813 ὅτι
1580 770 1724 826 ἔμελλε

456 838 534 893 μὲν
566 837 667 881 ἐλᾶν
695 835 903 892 στρατιήν
935 836 1004 881 ἐπὶ
1036 835 1315 894 τὴνἙλλάδα
1338 838 1500 893 ,Ξέρξης
1531 835 1725 894 ἀγαυρό-

330 572 397 617 57

129 637 202 664 oset
205 637 337 698 ntasiXer

127 671 237 738 plblata,
305 646 380 698 isitla

216 691 324 739 *sdem
345 704 399 732 ⁵2¹¹
456 698 703 756 ἐποιήσατο,

125 704 197 765 albae
180 713 381 774 eouenglecta.

533 1044 596 1080 Ex
633 1041 706 1081 hac
744 1057 835 1083 vero
876 1044 1059 1083 Herodoti

397 1101 585 1137 sententia
621 1114 690 1138 sua
737 1100 905 1139 hausisse
953 1109 1060 1140 notat

396 1158 630 1208 Wesseling.
663 1156 854 1196 Themist.
883 1160 943 1196 Or.
963 1161 1060 1196 XIX

395 1227 435 1264 p.
456 1217 537 1255 226
558 1215 607 1251 A.
629 1221 666 1251 et
685 1216 819 1255 Liban.
840 1216 946 1253 Decl.
963 1217 1060 1252 XXI

396 1284 436 1320 p.
457 1269 538 1311 535
558 1271 607 1308 A.
638 1272 725 1308 coll.
746 1271 942 1311 Plutarch.
963 1274 999 1309 H
1018 1286 1058 1323 p.

394 1327 480 1367 470
501 1328 548 1366 Ε.
580 1333 618 1364 et
640 1326 852 1380 Antholog.
881 1331 966 1367 Lat.
986 1331 1004 1366 I
1023 1343 1060 1380 p.

453 1490 562 1546 ἄγων
601 1490 755 1543 πάντας
784 1491 1057 1547 ἀνθρώπους]

397 1549 509 1595 Quod
525 1564 638 1589 omnes
658 1566 790 1590 secum
810 1552 961 1590 duxisse
981 1553 1060 1590 fer-

393 1613 455 1644 tur
474 1605 648 1645 homines
681 1611 842 1658 Xerxes,
874 1609 913 1646 id
932 1611 1060 1660 ipsum

393 1664 498 1701 vario
519 1663 636 1701 modo
657 1666 720 1702 alii
735 1673 905 1703 auctores
925 1665 1059 1703 reddi-

395 1718 559 1768 derunt,
598 1734 763 1772 quorum
804 1723 907 1759 locos
937 1724 1060 1760 attulit

394 1775 648 1814 Valckenaer.
690 1779 767 1828 Sic,
789 1780 846 1815 uti
866 1778 939 1815 hoc
961 1787 1058 1828 utar,

393 1833 436 1869 in
451 1834 726 1884 epigrammate
742 1835 843 1886 apud
864 1835 1059 1874 Plutarch.

395 1888 649 1928 Themistocl.
679 1906 740 1944 cp.
772 1894 797 1932 8
827 1905 866 1942 Ρ.
890 1894 968 1932 116
999 1892 1060 1929 di-

395 1946 491 1983 citur
529 1948 680 1985 Xerxes
727 1961 860 1986 secum
907 1947 1058 1987 duxisse

394 2004 663 2043 παντοδαπῶν
713 2000 875 2056 ανδρων
919 2019 1059 2056 γενεας

394 2053 533 2108 Ἀσίης
551 2055 631 2099 απὸ
648 2057 778 2112 χώρης
799 2068 836 2098 et
856 2061 958 2111 apud
977 2063 1059 2098 Ae-

395 2113 516 2166 schyl-
537 2117 640 2154 Pers·
672 2120 754 2158 720
774 2115 952 2164 κενώσας
978 2120 1059 2157 πᾶ-

397 2182 470 2209 σαν
486 2167 540 2221 η’ῑῑ
548 2172 655 2222 είρου
676 2169 819 2212 πλάκα.
851 2173 967 2224 Apud
980 2177 1057 2211 He-

393 2225 936 2299 rodotmnvl1‚157'em327oev
956 2246 1059 2270 παν-

394 2298 441 2321 τα
470 2280 541 2322 τὸν
567 2279 677 2334 η’ὤον
709 2282 876 2335 στρατὸν
903 2285 946 2325 ἐκ
985 2289 1057 2337 τῆς

391 2334 542 2390 Ἀσίης,
576 2341 942 2378 0011.Demeu.De
976 2344 1057 2379 elo-

394 2402 471 2432 cut.
502 2397 537 2441 §.
572 2394 666 2443 245,
698 2398 806 2434 Livio
833 2398 980 2446 XXIX,
1002 2399 1056 2440 25

395 2459 432 2490 et
450 2452 616 2490 Aristide
636 2454 670 2489 II
690 2467 727 2503 p.
750 2456 853 2494 318:
886 2466 1056 2493 συσταν-

393 2523 472 2547 των
489 2507 554 2549 ἐπὶ
575 2505 878 2560 τούς-’Ἕλληνας
898 2509 962 2549 cin:
977 2508 1003 2550 α’
1013 2526 1056 2550 ν-

392 2580 410 2603 t
428 2580 507 2613 ων,
549 2563 611 2612 ὥς
666 2566 857 2614 εἰπεῖν,
889 2562 1056 2619 α’νθρώ-

393 2636 496 2660 πων.
553 2623 679 2674 Atque
709 2622 760 2659 sic
788 2623 878 2659 alios
900 2636 1052 2675 quoque

391 2678 589 2744 scriptores
611 2679 773 2729 optimos
795 2678 931 2716 dixisse
952 2678 1051 2719 ποίν-

392 2748 460 2779 τας
483 2729 731 2785 ἀνθρώπους
750 2734 854 2773 idem
867 2735 1051 2775 Valckeu.

393 2790 616 2829 observavit.
656 2794 700 2828 In
731 2806 837 2846 seqq.
858 2806 927 2844 pro
956 2808 1050 2834 του-

393 2844 491 2885 τέων
512 2846 600 2885 dedi
618 2845 785 2889 τούτων.

1330 1045 1423 1097 cap.
1443 1046 1558 1083 [ΝΠ.

1173 1123 1216 1165 ἕν
1248 1119 1384 1164 ου’δενὶ
1416 1120 1521 1179 λόγῳ
1542 1118 1778 1174 ἐποιήσατο]

1114 1184 1173 1219 De
1192 1182 1385 1219 locutione
1405 1180 1484 1218 vid.
1506 1182 1617 1218 citata
1637 1179 1685 1216 ad
1695 1181 1778 1227 VII,

1119 1236 1182 1278 14.
1240 1237 1303 1274 Ad
1339 1250 1476 1275 vocem
1506 1233 1780 1287 εὐσύμβλητον

1118 1295 1163 1343 (i.
1197 1308 1231 1332 e.
1261 1295 1351 1345 quod
1377 1293 1492 1344 facile
1521 1297 1571 1330 est
1592 1293 1642 1330 ad
1662 1294 1780 1329 conie-

1117 1351 1303 1399 ctandum)
1336 1351 1501 1387 wessel.
1533 1349 1680 1397 confert
1702 1349 1780 1385 Ae-

1115 1407 1237 1459 schyl.
1281 1405 1453 1457 Choeph.
1499 1408 1578 1447 168
1609 1403 1692 1458 (ubi
1714 1401 1781 1444 εὕ-

1116 1460 1333 1514 ξύμβολον)
1375 1471 1412 1500 et
1450 1462 1666 1500 Prometh.'
1695 1459 1780 1503 774

1117 1519 1214 1571 (800
1235 1517 1326 1571 BL),
1355 1521 1422 1557 ubi
1455 1519 1532 1557 vid.
1561 1517 1781 1556 Blomfield.

1115 1577 1354 1627 glossarium.

1172 1655 1294 1702 ἵππος
1305 1651 1379 1707 γαρ
1405 1653 1508 1694 ἔτεκε
1526 1651 1680 1706 λαγόν]
1702 1655 1780 1691 Ar-

1115 1712 1277 1749 ticulum
1294 1712 1420 1747 neutri
1439 1712 1587 1747 nomini
1607 1710 1669 1747 hic
1689 1710 1781 1748 addi

1115 1769 1214 1806 bene
1235 1769 1407 1806 observat
1427 1766 1609 1804 Matthiae
1630 1768 1695 1804 Gr.
1711 1769 1780 1804 Gr.

1116 1838 1205 1876 pag.
1227 1823 1322 1866 544.
1343 1821 1462 1876 λαγὸν
1483 1838 1503 1860 e
1518 1824 1709 1861 Sancrofti
1730 1825 1779 1860 li·-

1116 1882 1184 1919 bro
1204 1880 1364 1918 editum.
1420 1882 1465 1917 In
1485 1881 1704 1917 Florentino
1722 1887 1778 1918 est

1115 1935 1260 1990 λαγών.
1294 1936 1360 1975 Tu
1370 1936 1447 1976 vid.
1469 1944 1566 1974 nott.
1587 1936 1634 1974 ad
1652 1938 1775 1985 I,123

1117 2002 1153 2031 et
1174 1993 1263 2031 add.
1284 1993 1449 2033 Fischer.
1465 1993 1513 2031 ad
1529 1994 1717 2031 VVellenl
1735 2007 1775 2044 p.

1115 2054 1211 2092 373.
1267 2049 1377 2087 Idem
1407 2049 1628 2102 prodigium
1655 2063 1776 2102 equae

1113 2114 1226 2158 partu
1264 2108 1434 2157 leporem
1464 2107 1609 2144 edentis
1651 2113 1778 2143 narrat

1112 2164 1283 2201 Valerius
1292 2165 1451 2200 Maxim.
1471 2165 1500 2211 Ι,
1513 2166 1537 2204 6
1557 2165 1643 2200 Ext.
1669 2167 1705 2203 1.
1721 2184 1777 2190 ——-

1112 2221 1207 2256 Mox
1236 2226 1320 2270 post
1347 2220 1441 2273 τῇδε
1461 2222 1588 2270 recepi
1607 2221 1723 2259 τοῦτο
1756 2232 1777 2255 e

1112 2277 1332 2312 Florentino
1349 2277 1517 2327 aliisque,
1550 2274 1653 2327 quod
1671 2274 1777 2313 idem

1112 2333 1243 2369 fecisse
1282 2331 1393 2369 video
1440 2331 1691 2370 Schaeferum
1739 2338 1777 2369 et

1113 2387 1349 2425 Bekkerum.

1169 2451 1437 2507 ἀγαυρότατα]
1480 2455 1646 2505 „Magno
1666 2454 1774 2506 fastu

1109 2513 1354 2563 superbiaque.
1420 2509 1605 2565 Ἀγαυρὸς
1633 2513 1774 2550 Gram-

1110 2570 1256 2606 maticis
1278 2566 1477 2619 αὕθαδης,
1490 2568 1772 2618 ἕνδυξος,κομ-

1110 2621 1187 2672 ψὸς
1208 2639 1257 2661 ex
1290 2625 1445 2663 Hesiodi
1475 2624 1652 2676 Theogn.
1675 2626 1771 2665 832

1106 2676 1360 2733 Ἀγαυρίαμα,
1373 2681 1539 2734 ἔπαρμα,
1552 2682 1691 2733 οἴησις.
1701 2676 1773 2719 ’A-

1107 2740 1296 2791 γαυριᾶν·
1327 2754 1370 2778 το
1401 2737 1579 2791 μεγαλως
1598 2738 1769 2790 γαυριᾶν

1107 2793 1175 2832 καὶ
1216 2793 1456 2846 ἐπαίρεσθαι
1494 2793 1769 2847 Etymologo.“

1118 2850 1331 2889 Valcken.
