1897 3249
558 645 1089 705 HPOAOTOY

412 739 807 831 ΙΣΤΟΡΙΩΝ
872 781 1104 827 ΠΕΜΠ
1122 781 1233 824 ΤΗ.

602 961 1043 1019 ΤΕΡΨΙΧΟΡΗ,

100 1087 129 1130 l
188 1079 266 1131 OI
291 1084 337 1129 δὲ
365 1085 412 1128 ἐν
439 1088 494 1142 τῇ
521 1082 719 1142 Εὐρώπῃ
750 1088 841 1128 τῶν
863 1081 1072 1137 Περσέων
1098 1080 1459 1136 καταλειφθέντες
1518 1085 1600 1124 372

187 1152 274 1197 ὑπὸ
294 1153 509 1207 Δαρείου,
539 1156 628 1196 τῶν
656 1152 680 1197 ὁ
700 1151 965 1208 Μεγάβαζος
983 1145 1107 1207 ἦρχε,
1138 1147 1344 1204 πρώτους
1370 1148 1448 1202 μὲν

187 1221 456 1276 Περινθίους
492 1218 861 1278 Ἑλλησποντίων,
903 1218 958 1263 οὐ
1000 1217 1299 1275 βουλομένους
1338 1214 1478 1272 oum-5

184 1285 318 1339 κόους
348 1285 461 1332 εἶναι
487 1291 704 1342 Δαρείου,
735 1287 1107 1342 κατεστρέψαντο,
1137 1284 1453 1341 περιεφθέντας

157 1355 404 1411 Ξπρότερον
443 1357 516 1400 καὶ
555 1356 643 1401 ὑπὸ
676 1355 886 1400 Παιόνων
925 1353 1123 1411 τρηχέως.
1411 1346 1428 1353 ”

188 1421 274 1466 ἆπὸ
293 1423 552 1481 Στρυμόνος
576 1427 789 1478 Παίονες,
818 1423 1062 1480 χρήσαντος
1091 1425 1172 1466 τοῦ
1192 1423 1301 1465 θεοῦ
1333 1431 1459 1475 στρα-

185 1489 391 1535 τεύεσθαι
426 1491 494 1537 ἐπὶ
535 1493 823 1549 Περινθίους,
866 1490 941 1535 καὶ
978 1489 1033 1548 ἢν
1076 1490 1155 1547 μὲν
1185 1487 1451 1542 ἀντικατιζό-

386 1667 478 1718 Cap.
501 1669 528 1705 [-

187 1719 371 1776 πρώτους
391 1722 463 1775 μὲν
483 1724 734 1775 Περινθίους
756 1739 793 1763 κ.

130 1794 163 1820 τ.
177 1781 229 1828 λ.]
261 1782 319 1817 De
332 1780 501 1819 Perintho
521 1782 615 1818 urbe
628 1780 796 1818 diximus

132 1834 182 1873 ad
200 1837 264 1885 1V,
286 1840 353 1878 90.
381 1837 445 1875 Ad
465 1839 592 1886 verba,
614 1851 713 1890 quae
734 1852 796 1876 se-

133 1900 324 1945 quuntur:
356 1894 795 1946 n391scpoe'vtag4—29n-

135 1947 233 1999 χέως
255 1950 298 1998 (i.
321 1963 354 1987 e.
375 1951 465 1988 male
482 1952 672 2000 tractatus)
695 1952 796 1987 conf.

133 2005 274 2042 similes
294 2007 420 2043 Nostri
439 2008 542 2043 locos
563 2009 591 2054 Ι,
613 2010 679 2047 73.
705 2006 797 2046 114.

134 2062 183 2108 11,
206 2059 273 2101 64.
294 2062 339 2109 V,
361 2065 429 2104 81.
447 2064 510 2110 Vl,
531 2063 595 2105 15.
617 2061 684 2102 44.
713 2063 796 2110 VII,

138 2119 231 2158 181-
252 2120 350 2158 211.
392 2118 570 2167 Paeones,
592 2118 639 2156 de
662 2120 798 2170 quibus

134 2174 271 2210 Noster
303 2175 349 2223 V,
383 2174 433 2216 15
464 2189 570 2227 seqq.
600 2177 680 2223 VH,
704 2173 797 2217 124.

137 2230 217 2271 185
230 2236 315 2278 etc„
338 2245 387 2268 ex
406 2232 496 2269 Asia
514 2233 654 2269 minori
673 2233 797 2283 prisco

136 2285 348 2324 admodum
369 2301 461 2326 aevo
484 2288 618 2338 delati,
641 2302 800 2326 omnem

135 2341 326 2381 Thraciae
347 2344 605 2383 meridionalis
633 2353 800 2383 tractum

138 2399 414 2438 occidentalem
434 2404 636 2449 tenebant,
660 2401 704 2439 eft
726 2415 801 2455 qua

137 2456 354 2495 Herodotus
385 2465 422 2496 et
452 2458 706 2511 Thucydides
741 2460 802 2498 vi-

137 2526 230 2550 xere
270 2521 413 2563 aetate,
463 2515 512 2553 ad
551 2517 802 2568 Strymonem

138 2572 360 2623 Axiumque
397 2572 531 2610 fluvios
561 2574 802 2624 potissimum

138 2625 375 2676 habitantes;
405 2628 509 2666 unde
533 2631 656 2668 omnis
677 2632 803 2667 Paeo-

140 2685 205 2721 nia
234 2686 274 2721 in
306 2685 571 2737 Strymoniam
605 2694 641 2724 et
679 2688 803 2724 Axia·-

138 2753 233 2777 nam
265 2740 382 2779 dividi
413 2744 563 2793 poterit.
623 2744 804 2795 Strymo-

139 2798 247 2834 niam
268 2806 368 2835 certe
384 2799 618 2850 incolebant,
650 2802 716 2853 qui
730 2799 802 2837 hoc

141 2851 226 2891 loco
258 2863 611 2894 commemorantur
639 2870 661 2894 a
690 2858 802 2910 Stry-

200 2910 422 2950 Hssnonor.
443 2914 510 2951 ΙΙΙ.

1189 1354 1243 1397 Οἱ
1276 1350 1360 1408 γάρ
1392 1354 1455 1394 ὠν

851 1679 981 1714 mone,
1003 1665 1070 1702 ubi
1089 1664 1198 1702 sedes
1208 1663 1413 1711 habebant,
1425 1677 1517 1715 pro-

851 1724 941 1761 fecti
962 1722 1011 1760 ad
1032 1720 1264 1759 Perinthios.
1296 1723 1408 1758 Nunc
1429 1720 1519 1758 huic

851 1781 968 1818 fluvio
989 1793 1137 1817 nomen
1159 1792 1237 1816 esse
1268 1778 1435 1824 Struma,
1467 1779 1519 1814 sic

851 1839 939 1875 satis
961 1844 1123 1874 constat.
1154 1837 1220 1873 Tu
1239 1835 1317 1872 vid.
1331 1837 1519 1871 Gatterer.

854 1895 1114 1931 commentat.
1156 1892 1204 1929 de
1243 1891 1411 1928 Thracia
1453 1890 1518 1939 (iu

853 1951 1107 1988 vernaculum
1117 1961 1337 1985 sermonem
1347 1960 1519 1984 convers.

855 2008 902 2043 ab
924 2008 973 2042 H.
1005 2004 1314 2055 Schhchtegroll.
1347 2004 1520 2054 Gotting.

858 2062 993 2111 1800)
1027 2070 1122 2113 pag:
1140 2065 1206 2102 73.
1230 2063 1282 2101 99
1318 2068 1355 2098 et
1383 2062 1518 2112 Poppo

855 2118 934 2168 (ad
955 2117 1196 2170 Thucydidis
1225 2119 1357 2155 locum
1385 2117 1433 2155 de
1462 2117 1520 2155 his

854 2175 1053 2212 classicum
1087 2177 1134 2224 II,
1168 2177 1234 2216 96.
1261 2175 1276 2224 )
1329 2175 1448 2213 Tom.
1482 2176 1519 2211 ΙΙ

854 2246 894 2284 p.
915 2235 1010 2273 376.

913 2287 981 2327 καὶ
1004 2284 1058 2337 ἢν
1082 2285 1154 2339 μὲν
1179 2283 1521 2338 ἀντικατιζόμενοι

857 2343 1166 2385 ἐπικαλέσωνταί
1177 2356 1301 2393 σφεας
1321 2344 1362 2383 οἰ
1373 2345 1523 2394 Περίν-

857 2402 973 2450 θιοι]
1012 2402 1292 2438 particularum
1314 2398 1386 2452 μὲν
1413 2408 1450 2437 et
1480 2397 1523 2439 δὲ

859 2457 1001 2496 eadem
1021 2457 1083 2495 hic
1104 2460 1198 2495 ratio
1230 2465 1345 2510 atque
1366 2459 1431 2505 ΙΙΙ,
1454 2459 1519 2505 36,

858 2516 926 2552 ubi
956 2515 1035 2553 vid.
1056 2522 1154 2552 nott.
1189 2515 1360 2551 Verbum
1389 2513 1522 2554 ἐπικα-

859 2575 1019 2612 λεῖσθαι
1047 2570 1111 2609 hic
1142 2570 1293 2609 videtur
1321 2584 1400 2608 esse
1429 2571 1524 2608 invi-

859 2633 938 2666 tare
962 2629 1011 2666 ad
1028 2641 1203 2679 pugnam,
1221 2621 1432 2678 provocare,
1452 2640 1523 2663 nec

859 2686 1031 2722 multum
1047 2685 1199 2722 differre
1214 2684 1365 2722 videtur
1375 2697 1396 2720 a
1411 2684 1523 2720 verbo

859 2742 1129 2793 ἐπιβοᾶσθαι,
1162 2754 1238 2793 quo
1266 2754 1361 2777 mox
1389 2742 1524 2777 Noster

860 2801 978 2836 utitur
1001 2799 1136 2836 eadem
1164 2797 1391 2835 znc.amande'
1420 2795 1524 2844 (ho—

859 2863 934 2894 stes
965 2869 1017 2893 sc.
1050 2855 1098 2892 ad
1120 2867 1291 2906 pugnam
1332 2853 1525 2905 significo-

1224 2914 1242 2950 1

1506 1145 1694 1180 Megabazus
1704 1152 1722 1172 a
1731 1144 1790 1172 Da-

1507 1179 1642 1240 333112‘1‘13‘
1653 1178 1790 1248 s2'33‘i1‘3i'

1513 1255 1578 1274 cam
1594 1255 1661 1274 cum
1679 1247 1774 1282 copiis

1512 1280 1543 1307 iu
1570 1281 1696 1316 Europa
1720 1280 1791 1308 reli-

1512 1318 1577 1342 ctus
1598 1315 1636 1349 [4,
1660 1314 1740 1350 143.],
1760 1318 1793 1341 ut

1512 1348 1680 1376 Thraciam
1699 1348 1729 1375 in
1749 1347 1792 1376 di-

1513 1382 1626 1410 tionem
1651 1382 1735 1417 regis

1516 1417 1676 1452 redigeret
1695 1415 1792 1451 [c.2.],

1517 1451 1646 1485 primum
1663 1451 1769 1478 Perin-

1510 1485 1593 1512 thios
1611 1484 1742 1519 subigit:

1511 1527 1586 1555 quos
1595 1522 1688 1548 antea
1695 1519 1794 1547 Paeo-
