<?xml version="1.0" encoding="UTF-8"?>
<!DOCTYPE html PUBLIC "-//W3C//DTD XHTML 1.0 Transitional//EN"
    "http://www.w3.org/TR/xhtml1/DTD/xhtml1-transitional.dtd">
<html xmlns="http://www.w3.org/1999/xhtml" xml:lang="en" lang="en">
 <head>
  <title>
</title>
<meta http-equiv="Content-Type" content="text/html;charset=utf-8" />
  <meta name='ocr-system' content='tesseract 3.04.00' />
  <meta name='ocr-capabilities' content='ocr_page ocr_carea ocr_par ocr_line ocrx_word'/>
</head>
<body>
  <div class='ocr_page' id='page_1' title='image "./musaeherodoto03hero/musaeherodoto03hero_0549.png"; bbox 0 0 1834 3258; ppageno 0'>
   <div class='ocr_carea' id='block_1_1' title="bbox 431 255 1378 297">
    <p class='ocr_par' dir='ltr' id='par_1_1' title="bbox 431 255 1378 297">
     <span class='ocr_line' id='line_1_1' title="bbox 431 255 1378 297; baseline 0.006 -6"><span class='ocrx_word' id='word_1_1' title='bbox 431 255 900 293; x_wconf 87' lang='lat' dir='ltr'>POLYMNIA.</span> <span class='ocrx_word' id='word_1_2' title='bbox 963 255 1062 292; x_wconf 86' lang='lat' dir='ltr'>VII.</span> <span class='ocrx_word' id='word_1_3' title='bbox 1294 256 1378 297; x_wconf 71' lang='lat'>537</span> 
     </span>
    </p>
   </div>
   <div class='ocr_carea' id='block_1_2' title="bbox 0 362 1716 762">
    <p class='ocr_par' dir='ltr' id='par_1_2' title="bbox 0 362 1716 762">
     <span class='ocr_line' id='line_1_2' title="bbox 113 362 1379 421; baseline -0.002 -11"><span class='ocrx_word' id='word_1_4' title='bbox 113 366 236 417; x_wconf 83' lang='grc' dir='ltr'><em>πόλις</em></span> <span class='ocrx_word' id='word_1_5' title='bbox 274 365 347 408; x_wconf 83' lang='grc' dir='ltr'><em>καὶ</em></span> <span class='ocrx_word' id='word_1_6' title='bbox 387 364 536 421; x_wconf 79' lang='grc' dir='ltr'><em>Ζώνη·</em></span> <span class='ocrx_word' id='word_1_7' title='bbox 604 364 827 408; x_wconf 81' lang='grc' dir='ltr'><em>τελευταία</em></span> <span class='ocrx_word' id='word_1_8' title='bbox 865 364 911 408; x_wconf 76' lang='grc' dir='ltr'>δὲ</span> <span class='ocrx_word' id='word_1_9' title='bbox 945 363 1103 416; x_wconf 83' lang='grc' dir='ltr'><em>αὐτοῦ,</em></span> <span class='ocrx_word' id='word_1_10' title='bbox 1154 362 1379 418; x_wconf 79' lang='grc' dir='ltr'><em>Σὲρῤειον,</em></span> 
     </span>
     <span class='ocr_line' id='line_1_3' title="bbox 115 426 1382 490; baseline -0.002 -12"><span class='ocrx_word' id='word_1_11' title='bbox 115 435 226 490; x_wconf 78' lang='grc' dir='ltr'><strong><em>ἄκρη</em></strong></span> <span class='ocrx_word' id='word_1_12' title='bbox 261 431 507 488; x_wconf 81' lang='grc' dir='ltr'><em>ὀνομαστή·</em></span> <span class='ocrx_word' id='word_1_13' title='bbox 549 431 572 476; x_wconf 89' lang='grc' dir='ltr'>ὁ</span> <span class='ocrx_word' id='word_1_14' title='bbox 614 433 659 477; x_wconf 83' lang='grc' dir='ltr'>δὲ</span> <span class='ocrx_word' id='word_1_15' title='bbox 688 436 830 489; x_wconf 77' lang='grc' dir='ltr'><em>χῶρος</em></span> <span class='ocrx_word' id='word_1_16' title='bbox 871 426 1000 484; x_wconf 82' lang='grc' dir='ltr'><em>οὗτος</em></span> <span class='ocrx_word' id='word_1_17' title='bbox 1028 430 1079 476; x_wconf 84' lang='grc' dir='ltr'>τὸ</span> <span class='ocrx_word' id='word_1_18' title='bbox 1109 430 1298 476; x_wconf 81' lang='grc' dir='ltr'><em>παλαιὸν</em></span> <span class='ocrx_word' id='word_1_19' title='bbox 1325 426 1382 488; x_wconf 80' lang='grc' dir='ltr'>ἦν</span> 
     </span>
     <span class='ocr_line' id='line_1_4' title="bbox 85 498 1382 556; baseline 0 -14"><span class='ocrx_word' id='word_1_20' title='bbox 85 499 337 545; x_wconf 81' lang='grc' dir='ltr'><em>4Κικόνων.</em></span> <span class='ocrx_word' id='word_1_21' title='bbox 369 500 410 551; x_wconf 77' lang='grc' dir='ltr'>ἐς</span> <span class='ocrx_word' id='word_1_22' title='bbox 438 503 597 544; x_wconf 82' lang='grc' dir='ltr'><em>τοῦτον</em></span> <span class='ocrx_word' id='word_1_23' title='bbox 625 499 704 544; x_wconf 88' lang='grc' dir='ltr'>τὸν</span> <span class='ocrx_word' id='word_1_24' title='bbox 735 500 934 556; x_wconf 79' lang='grc' dir='ltr'><em>αἰγιαλὸν</em></span> <span class='ocrx_word' id='word_1_25' title='bbox 961 499 1270 556; x_wconf 81' lang='grc' dir='ltr'><strong><em>κατασχόντες,</em></strong></span> <span class='ocrx_word' id='word_1_26' title='bbox 1304 498 1382 551; x_wconf 81' lang='grc' dir='ltr'>τὰς</span> 
     </span>
     <span class='ocr_line' id='line_1_5' title="bbox 112 566 1381 626; baseline -0.002 -13"><span class='ocrx_word' id='word_1_27' title='bbox 112 569 212 620; x_wconf 80' lang='grc' dir='ltr'><em>νέας</em></span> <span class='ocrx_word' id='word_1_28' title='bbox 235 567 453 623; x_wconf 75' lang='grc' dir='ltr'><em>ἀνέψυχον</em></span> <span class='ocrx_word' id='word_1_29' title='bbox 484 566 811 620; x_wconf 71' lang='grc' dir='ltr'><em>ἀνελκύσαντες.</em></span> <span class='ocrx_word' id='word_1_30' title='bbox 871 567 894 612; x_wconf 93' lang='grc' dir='ltr'>ὁ</span> <span class='ocrx_word' id='word_1_31' title='bbox 938 569 984 612; x_wconf 82' lang='grc' dir='ltr'>δὲ</span> <span class='ocrx_word' id='word_1_32' title='bbox 1014 568 1060 612; x_wconf 81' lang='grc' dir='ltr'>ἐν</span> <span class='ocrx_word' id='word_1_33' title='bbox 1089 572 1151 626; x_wconf 76' lang='grc' dir='ltr'>τῷ</span> <span class='ocrx_word' id='word_1_34' title='bbox 1174 569 1381 624; x_wconf 81' lang='grc' dir='ltr'><em>Δορίσκῳ</em></span> 
     </span>
     <span class='ocr_line' id='line_1_6' title="bbox 112 633 1384 693; baseline -0.002 -13"><span class='ocrx_word' id='word_1_35' title='bbox 112 641 270 680; x_wconf 86' lang='grc' dir='ltr'><em>τοῦτον</em></span> <span class='ocrx_word' id='word_1_36' title='bbox 290 635 368 680; x_wconf 85' lang='grc' dir='ltr'>τὸν</span> <span class='ocrx_word' id='word_1_37' title='bbox 397 634 558 692; x_wconf 79' lang='grc' dir='ltr'><em>χρόνον</em></span> <span class='ocrx_word' id='word_1_38' title='bbox 587 641 661 693; x_wconf 83' lang='grc' dir='ltr'>τῆς</span> <span class='ocrx_word' id='word_1_39' title='bbox 699 640 900 693; x_wconf 80' lang='grc' dir='ltr'><em>στρατιῆς</em></span> <span class='ocrx_word' id='word_1_40' title='bbox 943 636 1139 693; x_wconf 76' lang='grc' dir='ltr'><em>ἀριθμόν</em></span> <span class='ocrx_word' id='word_1_41' title='bbox 1181 633 1384 679; x_wconf 77' lang='grc' dir='ltr'><em>ἐποιέετο.</em></span> 
     </span>
     <span class='ocr_line' id='line_1_7' title="bbox 0 699 1716 762; baseline -0.001 -17"><span class='ocrx_word' id='word_1_42' title='bbox 0 699 46 745; x_wconf 74' lang='grc' dir='ltr'>ὶθ</span> <span class='ocrx_word' id='word_1_43' title='bbox 99 704 237 748; x_wconf 67' lang='grc' dir='ltr'><em>’Ὅσον</em></span> <span class='ocrx_word' id='word_1_44' title='bbox 265 704 345 760; x_wconf 87' lang='grc' dir='ltr'>μέν</span> <span class='ocrx_word' id='word_1_45' title='bbox 367 721 451 749; x_wconf 89' lang='grc' dir='ltr'>νυν</span> <span class='ocrx_word' id='word_1_46' title='bbox 470 704 643 750; x_wconf 77' lang='grc' dir='ltr'><em>ἕκαστοι</em></span> <span class='ocrx_word' id='word_1_47' title='bbox 671 710 878 762; x_wconf 80' lang='grc' dir='ltr'><em>παρεῖχον</em></span> <span class='ocrx_word' id='word_1_48' title='bbox 908 709 1080 761; x_wconf 79' lang='grc' dir='ltr'><em>πλῆθος</em></span> <span class='ocrx_word' id='word_1_49' title='bbox 1113 703 1156 756; x_wconf 80' lang='grc' dir='ltr'>ἐς</span> <span class='ocrx_word' id='word_1_50' title='bbox 1178 702 1383 760; x_wconf 76' lang='grc' dir='ltr'>ἀριθμὸν,</span> <span class='ocrx_word' id='word_1_51' title='bbox 1395 699 1593 744; x_wconf 78' lang='lat' dir='ltr'>goNumeros</span> <span class='ocrx_word' id='word_1_52' title='bbox 1617 699 1716 734; x_wconf 69' lang='lat' dir='ltr'>⁰⁰P¹²²‘</span> 
     </span>
    </p>
   </div>
   <div class='ocr_carea' id='block_1_3' title="bbox 1441 733 1716 832">
    <p class='ocr_par' dir='ltr' id='par_1_3' title="bbox 1441 733 1716 832">
     <span class='ocr_line' id='line_1_8' title="bbox 1441 733 1716 769; baseline 0.004 -8"><span class='ocrx_word' id='word_1_53' title='bbox 1441 741 1511 761; x_wconf 88' lang='lat' dir='ltr'>rum</span> <span class='ocrx_word' id='word_1_54' title='bbox 1521 733 1716 769; x_wconf 78' lang='lat' dir='ltr'>pedestrium.</span> 
     </span>
     <span class='ocr_line' id='line_1_9' title="bbox 1443 767 1677 796; baseline -0.004 0"><span class='ocrx_word' id='word_1_55' title='bbox 1443 767 1555 796; x_wconf 75' lang='lat' dir='ltr'>Modus</span> <span class='ocrx_word' id='word_1_56' title='bbox 1572 775 1677 796; x_wconf 87' lang='lat' dir='ltr'>nume-</span> 
     </span>
     <span class='ocr_line' id='line_1_10' title="bbox 1441 801 1541 832; baseline 0 -2"><span class='ocrx_word' id='word_1_57' title='bbox 1441 801 1541 832; x_wconf 80' lang='lat' dir='ltr'>randi.</span> 
     </span>
    </p>
   </div>
   <div class='ocr_carea' id='block_1_4' title="bbox 60 814 333 821">
    <p class='ocr_par' dir='ltr' id='par_1_4' title="bbox 60 814 333 821">
     <span class='ocr_line' id='line_1_11' title="bbox 60 814 333 821; baseline 0 2437"><span class='ocrx_word' id='word_1_58' title='bbox 60 814 333 821; x_wconf 95' lang='lat' dir='ltr'> </span> 
     </span>
    </p>
   </div>
   <div class='ocr_carea' id='block_1_5' title="bbox 10 848 727 1733">
    <p class='ocr_par' dir='ltr' id='par_1_5' title="bbox 34 848 725 1215">
     <span class='ocr_line' id='line_1_12' title="bbox 618 848 634 869; baseline 0 0"><span class='ocrx_word' id='word_1_59' title='bbox 618 848 634 869; x_wconf 58' lang='grc' dir='ltr'>Ο</span> 
     </span>
     <span class='ocr_line' id='line_1_13' title="bbox 61 889 721 944; baseline 0.008 -17"><span class='ocrx_word' id='word_1_60' title='bbox 61 889 201 943; x_wconf 87' lang='lat' dir='ltr'>dieque</span> <span class='ocrx_word' id='word_1_61' title='bbox 248 899 406 929; x_wconf 86' lang='lat' dir='ltr'>vocatur</span> <span class='ocrx_word' id='word_1_62' title='bbox 446 892 531 944; x_wconf 79' lang='lat' dir='ltr'>Cap.</span> <span class='ocrx_word' id='word_1_63' title='bbox 584 892 721 932; x_wconf 67' lang='lat' dir='ltr'>Ilsacri.</span> 
     </span>
     <span class='ocr_line' id='line_1_14' title="bbox 60 947 724 1001; baseline 0.005 -17"><span class='ocrx_word' id='word_1_64' title='bbox 60 947 146 985; x_wconf 86' lang='lat' dir='ltr'>Vid.</span> <span class='ocrx_word' id='word_1_65' title='bbox 165 949 354 986; x_wconf 83' lang='lat' dir='ltr'>Mannert.</span> <span class='ocrx_word' id='word_1_66' title='bbox 375 950 445 986; x_wconf 87' lang='lat' dir='ltr'>VII</span> <span class='ocrx_word' id='word_1_67' title='bbox 463 964 501 1001; x_wconf 92' lang='lat' dir='ltr'>p.</span> <span class='ocrx_word' id='word_1_68' title='bbox 525 952 607 991; x_wconf 78' lang='lat'>210</span> <span class='ocrx_word' id='word_1_69' title='bbox 637 952 724 988; x_wconf 87' lang='lat' dir='ltr'>coll.</span> 
     </span>
     <span class='ocr_line' id='line_1_15' title="bbox 34 1003 723 1058; baseline 0.007 -18"><span class='ocrx_word' id='word_1_70' title='bbox 34 1022 39 1025; x_wconf 52' lang='grc'><strong><em>»</em></strong></span> <span class='ocrx_word' id='word_1_71' title='bbox 61 1003 433 1043; x_wconf 80' lang='lat' dir='ltr'>Choiseul-Gouffier</span> <span class='ocrx_word' id='word_1_72' title='bbox 454 1008 616 1058; x_wconf 79' lang='lat' dir='ltr'>l.l.pag.</span> <span class='ocrx_word' id='word_1_73' title='bbox 632 1010 723 1047; x_wconf 89' lang='lat'>110.</span> 
     </span>
     <span class='ocr_line' id='line_1_16' title="bbox 59 1062 725 1115; baseline 0.005 -18"><span class='ocrx_word' id='word_1_74' title='bbox 59 1063 117 1098; x_wconf 90' lang='lat' dir='ltr'>De</span> <span class='ocrx_word' id='word_1_75' title='bbox 137 1062 231 1098; x_wconf 86' lang='lat' dir='ltr'>urbe</span> <span class='ocrx_word' id='word_1_76' title='bbox 252 1063 352 1100; x_wconf 80' lang='lat' dir='ltr'>Zone</span> <span class='ocrx_word' id='word_1_77' title='bbox 375 1076 470 1115; x_wconf 88' lang='lat' dir='ltr'>quae</span> <span class='ocrx_word' id='word_1_78' title='bbox 488 1071 635 1100; x_wconf 84' lang='lat' dir='ltr'>exstant</span> <span class='ocrx_word' id='word_1_79' title='bbox 655 1077 725 1100; x_wconf 84' lang='lat' dir='ltr'>ve-</span> 
     </span>
     <span class='ocr_line' id='line_1_17' title="bbox 59 1119 724 1171; baseline 0.003 -16"><span class='ocrx_word' id='word_1_80' title='bbox 59 1126 185 1155; x_wconf 80' lang='lat' dir='ltr'>terum</span> <span class='ocrx_word' id='word_1_81' title='bbox 201 1121 417 1157; x_wconf 86' lang='lat' dir='ltr'>testimonia</span> <span class='ocrx_word' id='word_1_82' title='bbox 438 1121 591 1171; x_wconf 83' lang='lat' dir='ltr'>collegit</span> <span class='ocrx_word' id='word_1_83' title='bbox 618 1119 724 1157; x_wconf 86' lang='lat' dir='ltr'>idem</span> 
     </span>
     <span class='ocr_line' id='line_1_18' title="bbox 59 1173 381 1215; baseline 0.006 -4"><span class='ocrx_word' id='word_1_84' title='bbox 59 1173 289 1212; x_wconf 84' lang='lat' dir='ltr'>Tzschucke</span> <span class='ocrx_word' id='word_1_85' title='bbox 308 1177 334 1215; x_wconf 92' lang='lat' dir='ltr'>l.</span> <span class='ocrx_word' id='word_1_86' title='bbox 355 1177 381 1213; x_wconf 93' lang='lat' dir='ltr'>l.</span> 
     </span>
    </p>

    <p class='ocr_par' dir='ltr' id='par_1_6' title="bbox 10 1226 727 1733">
     <span class='ocr_line' id='line_1_19' title="bbox 73 1226 724 1287; baseline -0.003 -14"><span class='ocrx_word' id='word_1_87' title='bbox 73 1281 90 1287; x_wconf 34' lang='grc' dir='ltr'><strong>Ν</strong></span> <span class='ocrx_word' id='word_1_88' title='bbox 117 1229 196 1273; x_wconf 82' lang='grc' dir='ltr'>ὅδὲ</span> <span class='ocrx_word' id='word_1_89' title='bbox 216 1235 342 1284; x_wconf 76' lang='grc' dir='ltr'><em>χῶρος</em></span> <span class='ocrx_word' id='word_1_90' title='bbox 356 1226 473 1279; x_wconf 76' lang='grc' dir='ltr'><em>οὗτος</em></span> <span class='ocrx_word' id='word_1_91' title='bbox 492 1229 534 1272; x_wconf 69' lang='lat' dir='ltr'>vd</span> <span class='ocrx_word' id='word_1_92' title='bbox 556 1229 724 1272; x_wconf 81' lang='grc' dir='ltr'><em>παλαιὸν</em></span> 
     </span>
     <span class='ocr_line' id='line_1_20' title="bbox 10 1286 725 1339; baseline 0 -13"><span class='ocrx_word' id='word_1_93' title='bbox 10 1328 17 1332; x_wconf 63' lang='grc'>,</span> <span class='ocrx_word' id='word_1_94' title='bbox 59 1289 115 1338; x_wconf 73' lang='grc' dir='ltr'>ῆν</span> <span class='ocrx_word' id='word_1_95' title='bbox 131 1286 342 1339; x_wconf 81' lang='grc' dir='ltr'><em>Κικόνων]</em></span> <span class='ocrx_word' id='word_1_96' title='bbox 362 1290 461 1327; x_wconf 85' lang='lat' dir='ltr'>Citat</span> <span class='ocrx_word' id='word_1_97' title='bbox 479 1288 654 1327; x_wconf 80' lang='lat' dir='ltr'>Eustath.</span> <span class='ocrx_word' id='word_1_98' title='bbox 676 1288 725 1326; x_wconf 89' lang='lat' dir='ltr'>ad</span> 
     </span>
     <span class='ocr_line' id='line_1_21' title="bbox 61 1345 725 1396; baseline 0.003 -15"><span class='ocrx_word' id='word_1_99' title='bbox 61 1346 106 1382; x_wconf 85' lang='lat'>11.</span> <span class='ocrx_word' id='word_1_100' title='bbox 126 1359 165 1396; x_wconf 90' lang='lat' dir='ltr'>p.</span> <span class='ocrx_word' id='word_1_101' title='bbox 187 1345 280 1394; x_wconf 79' lang='lat'>359,</span> <span class='ocrx_word' id='word_1_102' title='bbox 305 1349 355 1387; x_wconf 88' lang='lat'>19</span> <span class='ocrx_word' id='word_1_103' title='bbox 376 1360 406 1384; x_wconf 90' lang='lat' dir='ltr'>s.</span> <span class='ocrx_word' id='word_1_104' title='bbox 427 1350 521 1395; x_wconf 77' lang='lat'>272,</span> <span class='ocrx_word' id='word_1_105' title='bbox 544 1349 583 1387; x_wconf 86' lang='lat'>9.</span> <span class='ocrx_word' id='word_1_106' title='bbox 626 1347 725 1383; x_wconf 89' lang='lat' dir='ltr'>Cum</span> 
     </span>
     <span class='ocr_line' id='line_1_22' title="bbox 59 1401 724 1441; baseline 0.003 -3"><span class='ocrx_word' id='word_1_107' title='bbox 59 1401 256 1439; x_wconf 88' lang='lat' dir='ltr'>Herodoto</span> <span class='ocrx_word' id='word_1_108' title='bbox 295 1405 530 1441; x_wconf 84' lang='lat' dir='ltr'>conveniunt</span> <span class='ocrx_word' id='word_1_109' title='bbox 576 1404 724 1441; x_wconf 82' lang='lat' dir='ltr'>Plinius</span> 
     </span>
     <span class='ocr_line' id='line_1_23' title="bbox 61 1458 725 1511; baseline 0.005 -16"><span class='ocrx_word' id='word_1_110' title='bbox 61 1460 111 1495; x_wconf 90' lang='lat' dir='ltr'>H.</span> <span class='ocrx_word' id='word_1_111' title='bbox 131 1460 178 1495; x_wconf 89' lang='lat' dir='ltr'>N.</span> <span class='ocrx_word' id='word_1_112' title='bbox 198 1460 262 1507; x_wconf 85' lang='lat' dir='ltr'>IV,</span> <span class='ocrx_word' id='word_1_113' title='bbox 288 1462 334 1500; x_wconf 86' lang='lat'>11</span> <span class='ocrx_word' id='word_1_114' title='bbox 361 1458 467 1511; x_wconf 80' lang='lat'>(18)</span> <span class='ocrx_word' id='word_1_115' title='bbox 490 1462 526 1506; x_wconf 64' lang='grc' dir='ltr'>ς.</span> <span class='ocrx_word' id='word_1_116' title='bbox 548 1458 614 1501; x_wconf 77' lang='grc'>43.</span> <span class='ocrx_word' id='word_1_117' title='bbox 635 1461 725 1498; x_wconf 74' lang='lat' dir='ltr'>Mel.</span> 
     </span>
     <span class='ocr_line' id='line_1_24' title="bbox 59 1515 725 1569; baseline 0.003 -17"><span class='ocrx_word' id='word_1_118' title='bbox 59 1516 115 1560; x_wconf 84' lang='grc' dir='ltr'>ΙΙ,</span> <span class='ocrx_word' id='word_1_119' title='bbox 150 1518 176 1555; x_wconf 81' lang='grc'>2</span> <span class='ocrx_word' id='word_1_120' title='bbox 206 1517 243 1561; x_wconf 80' lang='lat'>§.</span> <span class='ocrx_word' id='word_1_121' title='bbox 283 1519 308 1558; x_wconf 88' lang='grc'>8</span> <span class='ocrx_word' id='word_1_122' title='bbox 335 1517 464 1569; x_wconf 85' lang='lat' dir='ltr'>ibique</span> <span class='ocrx_word' id='word_1_123' title='bbox 504 1515 725 1554; x_wconf 86' lang='lat' dir='ltr'>Tzschuck.</span> 
     </span>
     <span class='ocr_line' id='line_1_25' title="bbox 60 1575 727 1626; baseline 0.004 -18"><span class='ocrx_word' id='word_1_124' title='bbox 60 1577 158 1609; x_wconf 88' lang='lat' dir='ltr'>nott.</span> <span class='ocrx_word' id='word_1_125' title='bbox 180 1585 317 1624; x_wconf 80' lang='lat' dir='ltr'>exegg.</span> <span class='ocrx_word' id='word_1_126' title='bbox 338 1587 425 1625; x_wconf 81' lang='lat' dir='ltr'>pag.</span> <span class='ocrx_word' id='word_1_127' title='bbox 448 1576 528 1614; x_wconf 80' lang='lat'>128</span> <span class='ocrx_word' id='word_1_128' title='bbox 549 1586 625 1626; x_wconf 89' lang='lat' dir='ltr'>seq.</span> <span class='ocrx_word' id='word_1_129' title='bbox 653 1575 727 1611; x_wconf 87' lang='lat' dir='ltr'>At-</span> 
     </span>
     <span class='ocr_line' id='line_1_26' title="bbox 63 1629 727 1681; baseline 0.006 -17"><span class='ocrx_word' id='word_1_130' title='bbox 63 1641 139 1680; x_wconf 90' lang='lat' dir='ltr'>que</span> <span class='ocrx_word' id='word_1_131' title='bbox 180 1629 283 1680; x_wconf 87' lang='lat' dir='ltr'>apud</span> <span class='ocrx_word' id='word_1_132' title='bbox 321 1631 448 1681; x_wconf 88' lang='lat' dir='ltr'>ipsum</span> <span class='ocrx_word' id='word_1_133' title='bbox 485 1631 727 1668; x_wconf 81' lang='lat' dir='ltr'>Herodotum</span> 
     </span>
     <span class='ocr_line' id='line_1_27' title="bbox 63 1687 726 1733; baseline 0.006 -12"><span class='ocrx_word' id='word_1_134' title='bbox 63 1687 144 1733; x_wconf 82' lang='lat' dir='ltr'>VII,</span> <span class='ocrx_word' id='word_1_135' title='bbox 188 1689 278 1728; x_wconf 86' lang='lat'>108.</span> <span class='ocrx_word' id='word_1_136' title='bbox 321 1690 400 1729; x_wconf 92' lang='lat'>110</span> <span class='ocrx_word' id='word_1_137' title='bbox 443 1687 582 1725; x_wconf 82' lang='lat' dir='ltr'><em>Cicones</em></span> <span class='ocrx_word' id='word_1_138' title='bbox 627 1689 726 1725; x_wconf 88' lang='lat' dir='ltr'>inter</span> 
     </span>
    </p>
   </div>
   <div class='ocr_carea' id='block_1_6' title="bbox 0 1741 726 1794">
    <p class='ocr_par' dir='ltr' id='par_1_7' title="bbox 0 1741 726 1794">
     <span class='ocr_line' id='line_1_28' title="bbox 0 1741 726 1794; baseline 0.003 -14"><span class='ocrx_word' id='word_1_139' title='bbox 0 1743 12 1749; x_wconf 74' lang='grc'><strong><em>”</em></strong></span> <span class='ocrx_word' id='word_1_140' title='bbox 64 1741 253 1780; x_wconf 83' lang='lat' dir='ltr'><strong>Thraciae</strong></span> <span class='ocrx_word' id='word_1_141' title='bbox 274 1751 406 1794; x_wconf 80' lang='lat' dir='ltr'><strong>gentes</strong></span> <span class='ocrx_word' id='word_1_142' title='bbox 419 1752 670 1782; x_wconf 83' lang='lat' dir='ltr'>numerantur</span> <span class='ocrx_word' id='word_1_143' title='bbox 679 1746 726 1782; x_wconf 89' lang='lat' dir='ltr'>ab</span> 
     </span>
    </p>
   </div>
   <div class='ocr_carea' id='block_1_7' title="bbox 38 1800 743 2930">
    <p class='ocr_par' dir='ltr' id='par_1_8' title="bbox 38 1800 743 2691">
     <span class='ocr_line' id='line_1_29' title="bbox 64 1800 729 1855; baseline 0.005 -19"><span class='ocrx_word' id='word_1_144' title='bbox 64 1800 193 1837; x_wconf 84' lang='lat' dir='ltr'>Hebro</span> <span class='ocrx_word' id='word_1_145' title='bbox 224 1801 382 1853; x_wconf 88' lang='lat' dir='ltr'>eiusque</span> <span class='ocrx_word' id='word_1_146' title='bbox 414 1803 515 1839; x_wconf 85' lang='lat' dir='ltr'>ostiis</span> <span class='ocrx_word' id='word_1_147' title='bbox 535 1816 657 1855; x_wconf 91' lang='lat' dir='ltr'>usque</span> <span class='ocrx_word' id='word_1_148' title='bbox 678 1801 729 1839; x_wconf 80' lang='lat' dir='ltr'>ad</span> 
     </span>
     <span class='ocr_line' id='line_1_30' title="bbox 65 1857 729 1908; baseline 0.008 -16"><span class='ocrx_word' id='word_1_149' title='bbox 65 1857 160 1893; x_wconf 91' lang='lat' dir='ltr'>Lissi</span> <span class='ocrx_word' id='word_1_150' title='bbox 198 1858 321 1908; x_wconf 83' lang='lat' dir='ltr'>ripam</span> <span class='ocrx_word' id='word_1_151' title='bbox 358 1857 584 1897; x_wconf 82' lang='lat' dir='ltr'><strong>habitantes.</strong></span> <span class='ocrx_word' id='word_1_152' title='bbox 641 1858 729 1897; x_wconf 84' lang='lat' dir='ltr'>vid.</span> 
     </span>
     <span class='ocr_line' id='line_1_31' title="bbox 67 1914 730 1953; baseline 0.006 -4"><span class='ocrx_word' id='word_1_153' title='bbox 67 1914 252 1951; x_wconf 85' lang='lat' dir='ltr'>Gatterer.</span> <span class='ocrx_word' id='word_1_154' title='bbox 279 1915 406 1952; x_wconf 92' lang='lat' dir='ltr'>Ueber</span> <span class='ocrx_word' id='word_1_155' title='bbox 434 1915 623 1953; x_wconf 84' lang='lat' dir='ltr'>Herodots</span> <span class='ocrx_word' id='word_1_156' title='bbox 657 1923 730 1953; x_wconf 85' lang='lat' dir='ltr'>etc.</span> 
     </span>
     <span class='ocr_line' id='line_1_32' title="bbox 67 1968 730 2022; baseline 0.008 -17"><span class='ocrx_word' id='word_1_157' title='bbox 67 1968 263 2006; x_wconf 87' lang='lat' dir='ltr'>Thracien</span> <span class='ocrx_word' id='word_1_158' title='bbox 297 1984 385 2022; x_wconf 82' lang='lat' dir='ltr'>pag.</span> <span class='ocrx_word' id='word_1_159' title='bbox 408 1972 462 2012; x_wconf 83' lang='grc'>64</span> <span class='ocrx_word' id='word_1_160' title='bbox 485 1972 546 2009; x_wconf 89' lang='lat' dir='ltr'>ed.</span> <span class='ocrx_word' id='word_1_161' title='bbox 576 1986 730 2010; x_wconf 82' lang='lat' dir='ltr'>vernae.</span> 
     </span>
     <span class='ocr_line' id='line_1_33' title="bbox 67 2027 730 2079; baseline 0.005 -17"><span class='ocrx_word' id='word_1_162' title='bbox 67 2027 257 2064; x_wconf 83' lang='lat' dir='ltr'>Mannert.</span> <span class='ocrx_word' id='word_1_163' title='bbox 277 2028 346 2065; x_wconf 91' lang='lat' dir='ltr'>VII</span> <span class='ocrx_word' id='word_1_164' title='bbox 365 2041 453 2079; x_wconf 83' lang='lat' dir='ltr'>pag.</span> <span class='ocrx_word' id='word_1_165' title='bbox 476 2030 542 2069; x_wconf 83' lang='lat'>39.</span> <span class='ocrx_word' id='word_1_166' title='bbox 601 2031 730 2066; x_wconf 87' lang='lat' dir='ltr'>Prisco</span> 
     </span>
     <span class='ocr_line' id='line_1_34' title="bbox 70 2084 732 2122; baseline 0.005 -3"><span class='ocrx_word' id='word_1_167' title='bbox 70 2084 251 2120; x_wconf 74' lang='lat' dir='ltr'>Graeciae</span> <span class='ocrx_word' id='word_1_168' title='bbox 271 2097 364 2122; x_wconf 75' lang='lat' dir='ltr'>aevo</span> <span class='ocrx_word' id='word_1_169' title='bbox 386 2086 544 2122; x_wconf 85' lang='lat' dir='ltr'>Cicones</span> <span class='ocrx_word' id='word_1_170' title='bbox 563 2087 732 2122; x_wconf 82' lang='lat' dir='ltr'>maxime</span> 
     </span>
     <span class='ocr_line' id='line_1_35' title="bbox 69 2140 733 2180; baseline 0.006 -4"><span class='ocrx_word' id='word_1_171' title='bbox 69 2140 249 2177; x_wconf 82' lang='lat' dir='ltr'>celebrati</span> <span class='ocrx_word' id='word_1_172' title='bbox 270 2148 306 2178; x_wconf 89' lang='lat' dir='ltr'>et</span> <span class='ocrx_word' id='word_1_173' title='bbox 327 2141 505 2178; x_wconf 79' lang='lat' dir='ltr'>Troianis</span> <span class='ocrx_word' id='word_1_174' title='bbox 527 2144 733 2180; x_wconf 85' lang='lat' dir='ltr'>consociati</span> 
     </span>
     <span class='ocr_line' id='line_1_36' title="bbox 66 2197 733 2236; baseline 0.003 -2"><span class='ocrx_word' id='word_1_175' title='bbox 66 2210 225 2234; x_wconf 88' lang='lat' dir='ltr'>omnem</span> <span class='ocrx_word' id='word_1_176' title='bbox 239 2198 317 2234; x_wconf 88' lang='lat' dir='ltr'>fere</span> <span class='ocrx_word' id='word_1_177' title='bbox 327 2197 517 2235; x_wconf 80' lang='lat' dir='ltr'>Thraciae</span> <span class='ocrx_word' id='word_1_178' title='bbox 531 2212 638 2236; x_wconf 88' lang='lat' dir='ltr'>oram</span> <span class='ocrx_word' id='word_1_179' title='bbox 648 2213 733 2236; x_wconf 88' lang='lat' dir='ltr'>me—</span> 
     </span>
     <span class='ocr_line' id='line_1_37' title="bbox 66 2252 733 2305; baseline 0.004 -15"><span class='ocrx_word' id='word_1_180' title='bbox 66 2252 293 2291; x_wconf 87' lang='lat' dir='ltr'>ridionalem</span> <span class='ocrx_word' id='word_1_181' title='bbox 339 2256 504 2293; x_wconf 87' lang='lat' dir='ltr'>tenuisse</span> <span class='ocrx_word' id='word_1_182' title='bbox 542 2255 733 2305; x_wconf 81' lang='lat' dir='ltr'>videntur,</span> 
     </span>
     <span class='ocr_line' id='line_1_38' title="bbox 69 2312 733 2365; baseline 0.005 -18"><span class='ocrx_word' id='word_1_183' title='bbox 69 2323 167 2362; x_wconf 87' lang='lat' dir='ltr'>quae</span> <span class='ocrx_word' id='word_1_184' title='bbox 186 2312 269 2363; x_wconf 88' lang='lat' dir='ltr'>ipsa</span> <span class='ocrx_word' id='word_1_185' title='bbox 279 2313 385 2363; x_wconf 82' lang='lat' dir='ltr'>regio</span> <span class='ocrx_word' id='word_1_186' title='bbox 408 2326 597 2365; x_wconf 86' lang='lat' dir='ltr'>equorum</span> <span class='ocrx_word' id='word_1_187' title='bbox 618 2320 733 2365; x_wconf 86' lang='lat' dir='ltr'>atque</span> 
     </span>
     <span class='ocr_line' id='line_1_39' title="bbox 67 2368 734 2419; baseline 0.004 -15"><span class='ocrx_word' id='word_1_188' title='bbox 67 2368 148 2405; x_wconf 86' lang='lat' dir='ltr'>vini</span> <span class='ocrx_word' id='word_1_189' title='bbox 183 2376 374 2419; x_wconf 84' lang='lat' dir='ltr'>proventu</span> <span class='ocrx_word' id='word_1_190' title='bbox 403 2371 625 2407; x_wconf 82' lang='lat' dir='ltr'>excelluisse</span> <span class='ocrx_word' id='word_1_191' title='bbox 654 2371 734 2406; x_wconf 87' lang='lat' dir='ltr'>fer-</span> 
     </span>
     <span class='ocr_line' id='line_1_40' title="bbox 68 2425 731 2480; baseline 0.006 -20"><span class='ocrx_word' id='word_1_192' title='bbox 68 2431 143 2461; x_wconf 87' lang='lat' dir='ltr'>tur.</span> <span class='ocrx_word' id='word_1_193' title='bbox 201 2425 287 2463; x_wconf 86' lang='lat' dir='ltr'>Vid.</span> <span class='ocrx_word' id='word_1_194' title='bbox 318 2428 477 2464; x_wconf 82' lang='lat' dir='ltr'>Homer.</span> <span class='ocrx_word' id='word_1_195' title='bbox 508 2426 642 2480; x_wconf 90' lang='lat' dir='ltr'>Odyss.</span> <span class='ocrx_word' id='word_1_196' title='bbox 662 2428 731 2476; x_wconf 89' lang='lat' dir='ltr'>IX,</span> 
     </span>
     <span class='ocr_line' id='line_1_41' title="bbox 70 2479 733 2524; baseline 0.003 -3"><span class='ocrx_word' id='word_1_197' title='bbox 70 2479 139 2522; x_wconf 85' lang='lat'>48.</span> <span class='ocrx_word' id='word_1_198' title='bbox 167 2484 235 2522; x_wconf 82' lang='lat'>49.</span> <span class='ocrx_word' id='word_1_199' title='bbox 270 2484 360 2523; x_wconf 84' lang='lat'>197.</span> <span class='ocrx_word' id='word_1_200' title='bbox 393 2506 443 2511; x_wconf 96' lang='lat'>——</span> <span class='ocrx_word' id='word_1_201' title='bbox 491 2481 536 2523; x_wconf 78' lang='grc' dir='ltr'>τό</span> <span class='ocrx_word' id='word_1_202' title='bbox 566 2481 733 2524; x_wconf 82' lang='grc' dir='ltr'><em>παλαιὸν</em></span> 
     </span>
     <span class='ocr_line' id='line_1_42' title="bbox 72 2535 733 2592; baseline 0.009 -20"><span class='ocrx_word' id='word_1_203' title='bbox 72 2535 210 2573; x_wconf 86' lang='lat' dir='ltr'>eodem</span> <span class='ocrx_word' id='word_1_204' title='bbox 249 2537 367 2577; x_wconf 88' lang='lat' dir='ltr'>modo</span> <span class='ocrx_word' id='word_1_205' title='bbox 407 2541 591 2590; x_wconf 83' lang='lat' dir='ltr'>reperitur</span> <span class='ocrx_word' id='word_1_206' title='bbox 630 2540 733 2592; x_wconf 87' lang='lat' dir='ltr'>apud</span> 
     </span>
     <span class='ocr_line' id='line_1_43' title="bbox 70 2592 734 2645; baseline 0.008 -16"><span class='ocrx_word' id='word_1_207' title='bbox 70 2592 249 2645; x_wconf 85' lang='lat' dir='ltr'>Aeschyl.</span> <span class='ocrx_word' id='word_1_208' title='bbox 270 2596 375 2632; x_wconf 91' lang='lat' dir='ltr'>Pers.</span> <span class='ocrx_word' id='word_1_209' title='bbox 399 2598 492 2644; x_wconf 88' lang='lat'>106,</span> <span class='ocrx_word' id='word_1_210' title='bbox 519 2598 587 2634; x_wconf 89' lang='lat' dir='ltr'>ubi</span> <span class='ocrx_word' id='word_1_211' title='bbox 616 2599 734 2635; x_wconf 84' lang='lat' dir='ltr'>nostri</span> 
     </span>
     <span class='ocr_line' id='line_1_44' title="bbox 38 2650 743 2691; baseline -0.001 -2"><span class='ocrx_word' id='word_1_212' title='bbox 38 2687 40 2689; x_wconf 74' lang='grc'>,</span> <span class='ocrx_word' id='word_1_213' title='bbox 71 2650 146 2687; x_wconf 90' lang='lat' dir='ltr'>loci</span> <span class='ocrx_word' id='word_1_214' title='bbox 165 2663 244 2687; x_wconf 87' lang='lat' dir='ltr'>non</span> <span class='ocrx_word' id='word_1_215' title='bbox 264 2653 470 2688; x_wconf 89' lang='lat' dir='ltr'>immemor</span> <span class='ocrx_word' id='word_1_216' title='bbox 487 2653 706 2691; x_wconf 82' lang='lat' dir='ltr'>Blomfield.</span> <span class='ocrx_word' id='word_1_217' title='bbox 737 2682 743 2688; x_wconf 89' lang='lat'>.</span> 
     </span>
    </p>

    <p class='ocr_par' dir='ltr' id='par_1_9' title="bbox 75 2705 743 2930">
     <span class='ocr_line' id='line_1_45' title="bbox 130 2705 737 2761; baseline 0.007 -16"><span class='ocrx_word' id='word_1_218' title='bbox 130 2706 170 2753; x_wconf 81' lang='grc' dir='ltr'>ἔς</span> <span class='ocrx_word' id='word_1_219' title='bbox 196 2710 339 2747; x_wconf 84' lang='grc' dir='ltr'><em>τοῦτον</em></span> <span class='ocrx_word' id='word_1_220' title='bbox 355 2705 424 2747; x_wconf 76' lang='grc' dir='ltr'>τόν</span> <span class='ocrx_word' id='word_1_221' title='bbox 444 2706 624 2761; x_wconf 77' lang='grc' dir='ltr'><em>αἰγιαλὸν</em></span> <span class='ocrx_word' id='word_1_222' title='bbox 651 2725 674 2748; x_wconf 83' lang='grc' dir='ltr'><strong><em>κ</em></strong></span> <span class='ocrx_word' id='word_1_223' title='bbox 689 2726 737 2749; x_wconf 87' lang='grc' dir='ltr'><em>α-</em></span> 
     </span>
     <span class='ocr_line' id='line_1_46' title="bbox 75 2759 738 2813; baseline 0.003 -12"><span class='ocrx_word' id='word_1_224' title='bbox 75 2777 96 2801; x_wconf 85' lang='grc' dir='ltr'><em>τ</em></span> <span class='ocrx_word' id='word_1_225' title='bbox 109 2775 196 2813; x_wconf 88' lang='grc' dir='ltr'><em>ασχ</em></span> <span class='ocrx_word' id='word_1_226' title='bbox 214 2759 301 2803; x_wconf 85' lang='grc' dir='ltr'>όντ</span> <span class='ocrx_word' id='word_1_227' title='bbox 315 2779 332 2803; x_wconf 85' lang='grc' dir='ltr'><em>ε</em></span> <span class='ocrx_word' id='word_1_228' title='bbox 347 2765 398 2813; x_wconf 86' lang='grc' dir='ltr'>ς]</span> <span class='ocrx_word' id='word_1_229' title='bbox 448 2767 506 2802; x_wconf 88' lang='lat' dir='ltr'>De</span> <span class='ocrx_word' id='word_1_230' title='bbox 545 2767 738 2803; x_wconf 83' lang='lat' dir='ltr'>locutione</span> 
     </span>
     <span class='ocr_line' id='line_1_47' title="bbox 76 2818 739 2875; baseline 0.008 -19"><span class='ocrx_word' id='word_1_231' title='bbox 76 2818 153 2856; x_wconf 83' lang='lat' dir='ltr'>vid.</span> <span class='ocrx_word' id='word_1_232' title='bbox 174 2820 285 2857; x_wconf 81' lang='lat' dir='ltr'>allata</span> <span class='ocrx_word' id='word_1_233' title='bbox 306 2821 354 2858; x_wconf 89' lang='lat' dir='ltr'>ad</span> <span class='ocrx_word' id='word_1_234' title='bbox 374 2822 437 2868; x_wconf 88' lang='lat' dir='ltr'>Vl,</span> <span class='ocrx_word' id='word_1_235' title='bbox 450 2824 543 2862; x_wconf 84' lang='lat'>101.</span> <span class='ocrx_word' id='word_1_236' title='bbox 572 2823 617 2858; x_wconf 74' lang='lat'>111</span> <span class='ocrx_word' id='word_1_237' title='bbox 633 2836 739 2875; x_wconf 87' lang='lat' dir='ltr'>seqq.</span> 
     </span>
     <span class='ocr_line' id='line_1_48' title="bbox 78 2872 743 2930; baseline 0.009 -18"><span class='ocrx_word' id='word_1_238' title='bbox 78 2876 239 2914; x_wconf 77' lang='lat' dir='ltr'>verbum</span> <span class='ocrx_word' id='word_1_239' title='bbox 273 2872 500 2930; x_wconf 70' lang='grc' dir='ltr'><em>ἀναψύχειν</em></span> <span class='ocrx_word' id='word_1_240' title='bbox 531 2877 668 2917; x_wconf 83' lang='lat' dir='ltr'>eadem</span> <span class='ocrx_word' id='word_1_241' title='bbox 687 2891 743 2918; x_wconf 77' lang='lat' dir='ltr'>re-</span> 
     </span>
    </p>
   </div>
   <div class='ocr_carea' id='block_1_8' title="bbox 779 889 1448 1740">
    <p class='ocr_par' dir='ltr' id='par_1_10' title="bbox 779 889 1448 1740">
     <span class='ocr_line' id='line_1_49' title="bbox 781 889 1442 942; baseline -0.008 -11"><span class='ocrx_word' id='word_1_242' title='bbox 781 892 948 940; x_wconf 75' lang='lat' dir='ltr'>creandi,</span> <span class='ocrx_word' id='word_1_243' title='bbox 969 890 1149 942; x_wconf 78' lang='lat' dir='ltr'>reficiendi</span> <span class='ocrx_word' id='word_1_244' title='bbox 1166 889 1442 941; x_wconf 85' lang='lat' dir='ltr'>significatione</span> 
     </span>
     <span class='ocr_line' id='line_1_50' title="bbox 781 946 1441 1001; baseline -0.006 -14"><span class='ocrx_word' id='word_1_245' title='bbox 781 949 884 1001; x_wconf 87' lang='lat' dir='ltr'>apud</span> <span class='ocrx_word' id='word_1_246' title='bbox 903 946 1154 999; x_wconf 86' lang='lat' dir='ltr'>Xenophont.</span> <span class='ocrx_word' id='word_1_247' title='bbox 1175 948 1275 988; x_wconf 85' lang='lat' dir='ltr'>Hell,</span> <span class='ocrx_word' id='word_1_248' title='bbox 1295 948 1325 995; x_wconf 83' lang='lat' dir='ltr'>I,</span> <span class='ocrx_word' id='word_1_249' title='bbox 1347 947 1385 994; x_wconf 89' lang='lat'>5,</span> <span class='ocrx_word' id='word_1_250' title='bbox 1403 949 1441 987; x_wconf 87' lang='grc'>6.</span> 
     </span>
     <span class='ocr_line' id='line_1_51' title="bbox 781 1003 1442 1056; baseline -0.009 -10"><span class='ocrx_word' id='word_1_251' title='bbox 781 1003 990 1046; x_wconf 52' lang='lat' dir='ltr'>§vatnam</span> <span class='ocrx_word' id='word_1_252' title='bbox 1016 1006 1196 1056; x_wconf 83' lang='lat' dir='ltr'>frequens</span> <span class='ocrx_word' id='word_1_253' title='bbox 1211 1004 1252 1042; x_wconf 83' lang='lat' dir='ltr'>de</span> <span class='ocrx_word' id='word_1_254' title='bbox 1279 1005 1442 1053; x_wconf 78' lang='lat' dir='ltr'>navibus,</span> 
     </span>
     <span class='ocr_line' id='line_1_52' title="bbox 779 1060 1442 1112; baseline -0.006 -11"><span class='ocrx_word' id='word_1_255' title='bbox 779 1066 819 1101; x_wconf 75' lang='lat' dir='ltr'>in</span> <span class='ocrx_word' id='word_1_256' title='bbox 859 1068 988 1101; x_wconf 81' lang='lat' dir='ltr'>terram</span> <span class='ocrx_word' id='word_1_257' title='bbox 1040 1074 1129 1112; x_wconf 83' lang='lat' dir='ltr'>quae</span> <span class='ocrx_word' id='word_1_258' title='bbox 1177 1060 1442 1110; x_wconf 80' lang='lat' dir='ltr'>subducuntur3</span> 
     </span>
     <span class='ocr_line' id='line_1_53' title="bbox 780 1116 1443 1168; baseline -0.008 -10"><span class='ocrx_word' id='word_1_259' title='bbox 780 1119 858 1158; x_wconf 86' lang='lat' dir='ltr'>vid.</span> <span class='ocrx_word' id='word_1_260' title='bbox 893 1121 962 1167; x_wconf 90' lang='lat' dir='ltr'>IX,</span> <span class='ocrx_word' id='word_1_261' title='bbox 994 1120 1048 1159; x_wconf 85' lang='lat'>98</span> <span class='ocrx_word' id='word_1_262' title='bbox 1084 1125 1121 1155; x_wconf 89' lang='lat' dir='ltr'>et</span> <span class='ocrx_word' id='word_1_263' title='bbox 1146 1119 1242 1155; x_wconf 88' lang='lat' dir='ltr'>Lex.</span> <span class='ocrx_word' id='word_1_264' title='bbox 1262 1116 1443 1168; x_wconf 87' lang='lat' dir='ltr'>Xenoph.</span> 
     </span>
     <span class='ocr_line' id='line_1_54' title="bbox 779 1173 1445 1228; baseline -0.006 -14"><span class='ocrx_word' id='word_1_265' title='bbox 779 1179 798 1214; x_wconf 92' lang='lat'>1</span> <span class='ocrx_word' id='word_1_266' title='bbox 818 1190 905 1228; x_wconf 85' lang='lat' dir='ltr'>pag.</span> <span class='ocrx_word' id='word_1_267' title='bbox 927 1178 1022 1216; x_wconf 79' lang='lat'>231.</span> <span class='ocrx_word' id='word_1_268' title='bbox 1070 1176 1153 1220; x_wconf 79' lang='lat' dir='ltr'>Quo</span> <span class='ocrx_word' id='word_1_269' title='bbox 1175 1173 1314 1211; x_wconf 87' lang='lat' dir='ltr'>eodem</span> <span class='ocrx_word' id='word_1_270' title='bbox 1332 1187 1445 1211; x_wconf 90' lang='lat' dir='ltr'>sensu</span> 
     </span>
     <span class='ocr_line' id='line_1_55' title="bbox 780 1229 1445 1279; baseline 0 -9"><span class='ocrx_word' id='word_1_271' title='bbox 780 1236 915 1271; x_wconf 88' lang='lat' dir='ltr'>Noster</span> <span class='ocrx_word' id='word_1_272' title='bbox 935 1231 1032 1269; x_wconf 82' lang='lat' dir='ltr'>dixit</span> <span class='ocrx_word' id='word_1_273' title='bbox 1051 1229 1237 1270; x_wconf 71' lang='grc' dir='ltr'><em>ἀνασπᾶν</em></span> <span class='ocrx_word' id='word_1_274' title='bbox 1258 1233 1339 1279; x_wconf 83' lang='lat' dir='ltr'>VII,</span> <span class='ocrx_word' id='word_1_275' title='bbox 1365 1233 1445 1272; x_wconf 85' lang='lat'>188</span> 
     </span>
     <span class='ocr_line' id='line_1_56' title="bbox 783 1284 1446 1342; baseline -0.005 -15"><span class='ocrx_word' id='word_1_276' title='bbox 783 1297 819 1328; x_wconf 82' lang='lat' dir='ltr'>et</span> <span class='ocrx_word' id='word_1_277' title='bbox 841 1284 1042 1342; x_wconf 71' lang='grc' dir='ltr'><em>ἄνειρύειν</em></span> <span class='ocrx_word' id='word_1_278' title='bbox 1061 1290 1132 1337; x_wconf 92' lang='lat' dir='ltr'>IX,</span> <span class='ocrx_word' id='word_1_279' title='bbox 1161 1290 1307 1329; x_wconf 85' lang='lat'>96.97.</span> <span class='ocrx_word' id='word_1_280' title='bbox 1340 1287 1446 1324; x_wconf 86' lang='lat' dir='ltr'>Con-</span> 
     </span>
     <span class='ocr_line' id='line_1_57' title="bbox 781 1341 1448 1385; baseline -0.006 0"><span class='ocrx_word' id='word_1_281' title='bbox 781 1348 940 1385; x_wconf 82' lang='lat' dir='ltr'>trarium</span> <span class='ocrx_word' id='word_1_282' title='bbox 970 1346 1072 1384; x_wconf 84' lang='lat' dir='ltr'>valet</span> <span class='ocrx_word' id='word_1_283' title='bbox 1106 1341 1350 1384; x_wconf 78' lang='grc' dir='ltr'><em>καθελκύειν</em></span> <span class='ocrx_word' id='word_1_284' title='bbox 1378 1357 1448 1381; x_wconf 79' lang='grc' dir='ltr'>ηα-</span> 
     </span>
     <span class='ocr_line' id='line_1_58' title="bbox 779 1399 1442 1449; baseline -0.009 -7"><span class='ocrx_word' id='word_1_285' title='bbox 779 1417 836 1442; x_wconf 81' lang='lat' dir='ltr'>ves</span> <span class='ocrx_word' id='word_1_286' title='bbox 849 1417 866 1441; x_wconf 87' lang='lat' dir='ltr'>e</span> <span class='ocrx_word' id='word_1_287' title='bbox 885 1408 982 1441; x_wconf 78' lang='lat' dir='ltr'>terra</span> <span class='ocrx_word' id='word_1_288' title='bbox 1003 1404 1041 1439; x_wconf 77' lang='lat' dir='ltr'>in</span> <span class='ocrx_word' id='word_1_289' title='bbox 1053 1415 1149 1439; x_wconf 81' lang='lat' dir='ltr'>mare</span> <span class='ocrx_word' id='word_1_290' title='bbox 1167 1401 1348 1449; x_wconf 77' lang='lat' dir='ltr'>deducere,</span> <span class='ocrx_word' id='word_1_291' title='bbox 1362 1399 1442 1438; x_wconf 73' lang='lat' dir='ltr'>vid.</span> 
     </span>
     <span class='ocr_line' id='line_1_59' title="bbox 779 1457 1444 1510; baseline -0.008 -12"><span class='ocrx_word' id='word_1_292' title='bbox 779 1462 864 1510; x_wconf 87' lang='lat' dir='ltr'>VII,</span> <span class='ocrx_word' id='word_1_293' title='bbox 899 1462 992 1501; x_wconf 83' lang='lat'>100.</span> <span class='ocrx_word' id='word_1_294' title='bbox 1019 1457 1203 1510; x_wconf 83' lang='lat' dir='ltr'>Thucyd.</span> <span class='ocrx_word' id='word_1_295' title='bbox 1222 1459 1270 1506; x_wconf 83' lang='grc' dir='ltr'>ΙΙ,</span> <span class='ocrx_word' id='word_1_296' title='bbox 1292 1461 1360 1499; x_wconf 85' lang='lat'>93.</span> <span class='ocrx_word' id='word_1_297' title='bbox 1380 1458 1444 1505; x_wconf 86' lang='lat' dir='ltr'>VI,</span> 
     </span>
     <span class='ocr_line' id='line_1_60' title="bbox 782 1513 1448 1566; baseline -0.011 -8"><span class='ocrx_word' id='word_1_298' title='bbox 782 1516 848 1558; x_wconf 72' lang='lat'>34.</span> <span class='ocrx_word' id='word_1_299' title='bbox 878 1517 1010 1555; x_wconf 85' lang='lat' dir='ltr'>Lexio.</span> <span class='ocrx_word' id='word_1_300' title='bbox 1030 1513 1280 1566; x_wconf 87' lang='lat' dir='ltr'>Xenophont.</span> <span class='ocrx_word' id='word_1_301' title='bbox 1302 1516 1339 1551; x_wconf 92' lang='lat' dir='ltr'>II</span> <span class='ocrx_word' id='word_1_302' title='bbox 1358 1527 1448 1566; x_wconf 83' lang='lat' dir='ltr'>pag.</span> 
     </span>
     <span class='ocr_line' id='line_1_61' title="bbox 782 1571 1448 1625; baseline -0.005 -14"><span class='ocrx_word' id='word_1_303' title='bbox 782 1573 876 1621; x_wconf 79' lang='lat'>604,</span> <span class='ocrx_word' id='word_1_304' title='bbox 923 1574 1054 1625; x_wconf 85' lang='lat' dir='ltr'>ibique</span> <span class='ocrx_word' id='word_1_305' title='bbox 1092 1571 1222 1610; x_wconf 81' lang='lat' dir='ltr'>laudd.</span> <span class='ocrx_word' id='word_1_306' title='bbox 1295 1571 1448 1609; x_wconf 85' lang='lat' dir='ltr'>Eodem</span> 
     </span>
     <span class='ocr_line' id='line_1_62' title="bbox 781 1628 1446 1676; baseline -0.002 -9"><span class='ocrx_word' id='word_1_307' title='bbox 781 1644 895 1668; x_wconf 87' lang='lat' dir='ltr'>sensu</span> <span class='ocrx_word' id='word_1_308' title='bbox 927 1632 1134 1669; x_wconf 71' lang='grc' dir='ltr'><em>κατασπᾶν</em></span> <span class='ocrx_word' id='word_1_309' title='bbox 1172 1630 1201 1675; x_wconf 88' lang='grc' dir='ltr'>Ι,</span> <span class='ocrx_word' id='word_1_310' title='bbox 1241 1628 1334 1670; x_wconf 83' lang='grc'><strong>164.</strong></span> <span class='ocrx_word' id='word_1_311' title='bbox 1358 1630 1446 1676; x_wconf 88' lang='lat' dir='ltr'>-VH,</span> 
     </span>
     <span class='ocr_line' id='line_1_63' title="bbox 788 1682 1268 1740; baseline -0.008 -12"><span class='ocrx_word' id='word_1_312' title='bbox 788 1690 879 1729; x_wconf 81' lang='grc'><strong>193.</strong></span> <span class='ocrx_word' id='word_1_313' title='bbox 905 1682 1092 1740; x_wconf 72' lang='grc' dir='ltr'><em>κατάγειν</em></span> <span class='ocrx_word' id='word_1_314' title='bbox 1110 1687 1210 1734; x_wconf 80' lang='lat' dir='ltr'>Vm,</span> <span class='ocrx_word' id='word_1_315' title='bbox 1229 1685 1268 1727; x_wconf 79' lang='lat'>4.</span> 
     </span>
    </p>
   </div>
   <div class='ocr_carea' id='block_1_9' title="bbox 1020 1778 1218 1830">
    <p class='ocr_par' dir='ltr' id='par_1_11' title="bbox 1020 1778 1218 1830">
     <span class='ocr_line' id='line_1_64' title="bbox 1020 1778 1218 1830; baseline -0.01 -14"><span class='ocrx_word' id='word_1_316' title='bbox 1020 1779 1111 1830; x_wconf 88' lang='lat' dir='ltr'>Cap.</span> <span class='ocrx_word' id='word_1_317' title='bbox 1133 1778 1218 1815; x_wconf 85' lang='lat' dir='ltr'>LX.</span> 
     </span>
    </p>
   </div>
   <div class='ocr_carea' id='block_1_10' title="bbox 786 1852 1457 2930">
    <p class='ocr_par' dir='ltr' id='par_1_12' title="bbox 786 1852 1457 2930">
     <span class='ocr_line' id='line_1_65' title="bbox 842 1852 1449 1909; baseline -0.01 -12"><span class='ocrx_word' id='word_1_318' title='bbox 842 1859 1005 1909; x_wconf 83' lang='grc' dir='ltr'><em>πλῆθος</em></span> <span class='ocrx_word' id='word_1_319' title='bbox 1041 1856 1081 1904; x_wconf 82' lang='grc' dir='ltr'>ἒς</span> <span class='ocrx_word' id='word_1_320' title='bbox 1123 1852 1326 1906; x_wconf 80' lang='grc' dir='ltr'><em>οἷριθμόν]</em></span> <span class='ocrx_word' id='word_1_321' title='bbox 1393 1857 1449 1892; x_wconf 81' lang='lat' dir='ltr'>Ita</span> 
     </span>
     <span class='ocr_line' id='line_1_66' title="bbox 788 1911 1449 1966; baseline -0.002 -16"><span class='ocrx_word' id='word_1_322' title='bbox 788 1914 969 1966; x_wconf 84' lang='lat' dir='ltr'>equidem</span> <span class='ocrx_word' id='word_1_323' title='bbox 989 1927 1079 1952; x_wconf 86' lang='lat' dir='ltr'>cum</span> <span class='ocrx_word' id='word_1_324' title='bbox 1098 1919 1251 1950; x_wconf 85' lang='lat' dir='ltr'>recentt.</span> <span class='ocrx_word' id='word_1_325' title='bbox 1279 1911 1449 1949; x_wconf 85' lang='lat' dir='ltr'>exhibui.</span> 
     </span>
     <span class='ocr_line' id='line_1_67' title="bbox 786 1963 1449 2022; baseline 0 -15"><span class='ocrx_word' id='word_1_326' title='bbox 786 1973 831 2007; x_wconf 89' lang='lat' dir='ltr'>In</span> <span class='ocrx_word' id='word_1_327' title='bbox 852 1970 993 2008; x_wconf 87' lang='lat' dir='ltr'>Aldina</span> <span class='ocrx_word' id='word_1_328' title='bbox 1011 1971 1167 2022; x_wconf 88' lang='lat' dir='ltr'>aliisque</span> <span class='ocrx_word' id='word_1_329' title='bbox 1198 1975 1319 2005; x_wconf 83' lang='lat' dir='ltr'>exstat</span> <span class='ocrx_word' id='word_1_330' title='bbox 1344 1963 1449 2018; x_wconf 79' lang='grc' dir='ltr'><em>πλή-</em></span> 
     </span>
     <span class='ocr_line' id='line_1_68' title="bbox 789 2023 1451 2078; baseline -0.012 -12"><span class='ocrx_word' id='word_1_331' title='bbox 789 2032 885 2074; x_wconf 80' lang='grc' dir='ltr'><em>θεος</em></span> <span class='ocrx_word' id='word_1_332' title='bbox 906 2023 1094 2078; x_wconf 68' lang='grc' dir='ltr'>ἀριθμόν,</span> <span class='ocrx_word' id='word_1_333' title='bbox 1118 2025 1218 2078; x_wconf 83' lang='lat' dir='ltr'>quod</span> <span class='ocrx_word' id='word_1_334' title='bbox 1229 2027 1352 2077; x_wconf 80' lang='lat' dir='ltr'>placet</span> <span class='ocrx_word' id='word_1_335' title='bbox 1363 2025 1451 2062; x_wconf 81' lang='lat' dir='ltr'>val-</span> 
     </span>
     <span class='ocr_line' id='line_1_69' title="bbox 789 2081 1450 2133; baseline -0.002 -12"><span class='ocrx_word' id='word_1_336' title='bbox 789 2083 1005 2121; x_wconf 84' lang='lat' dir='ltr'>ckenaerio.</span> <span class='ocrx_word' id='word_1_337' title='bbox 1065 2081 1450 2133; x_wconf 78' lang='lat' dir='ltr'>Schweighaeuserus</span> 
     </span>
     <span class='ocr_line' id='line_1_70' title="bbox 788 2139 1451 2190; baseline -0.003 -13"><span class='ocrx_word' id='word_1_338' title='bbox 788 2142 920 2178; x_wconf 84' lang='lat' dir='ltr'>mallet</span> <span class='ocrx_word' id='word_1_339' title='bbox 949 2139 1230 2178; x_wconf 84' lang='lat' dir='ltr'>distinctionem</span> <span class='ocrx_word' id='word_1_340' title='bbox 1251 2140 1343 2190; x_wconf 87' lang='lat' dir='ltr'>poni</span> <span class='ocrx_word' id='word_1_341' title='bbox 1362 2145 1451 2176; x_wconf 88' lang='lat' dir='ltr'>ante</span> 
     </span>
     <span class='ocr_line' id='line_1_71' title="bbox 791 2193 1452 2249; baseline -0.008 -12"><span class='ocrx_word' id='word_1_342' title='bbox 791 2197 830 2244; x_wconf 80' lang='grc' dir='ltr'>ἒς</span> <span class='ocrx_word' id='word_1_343' title='bbox 863 2193 1051 2248; x_wconf 80' lang='grc' dir='ltr'><em>α’ριθμὸν,</em></span> <span class='ocrx_word' id='word_1_344' title='bbox 1085 2210 1182 2249; x_wconf 86' lang='lat' dir='ltr'>quae</span> <span class='ocrx_word' id='word_1_345' title='bbox 1212 2199 1292 2248; x_wconf 89' lang='lat' dir='ltr'>ipsa</span> <span class='ocrx_word' id='word_1_346' title='bbox 1313 2195 1364 2233; x_wconf 81' lang='lat' dir='ltr'>ad</span> <span class='ocrx_word' id='word_1_347' title='bbox 1389 2209 1452 2233; x_wconf 89' lang='lat' dir='ltr'>se-</span> 
     </span>
     <span class='ocr_line' id='line_1_72' title="bbox 792 2253 1451 2307; baseline -0.006 -15"><span class='ocrx_word' id='word_1_348' title='bbox 792 2256 947 2307; x_wconf 88' lang='lat' dir='ltr'>quentia</span> <span class='ocrx_word' id='word_1_349' title='bbox 958 2256 1204 2305; x_wconf 86' lang='lat' dir='ltr'>pertinerent.</span> <span class='ocrx_word' id='word_1_350' title='bbox 1225 2275 1280 2281; x_wconf 97' lang='lat'><strong>—</strong></span> <span class='ocrx_word' id='word_1_351' title='bbox 1303 2253 1451 2291; x_wconf 82' lang='lat' dir='ltr'>sivero</span> 
     </span>
     <span class='ocr_line' id='line_1_73' title="bbox 792 2308 1454 2364; baseline -0.005 -15"><span class='ocrx_word' id='word_1_352' title='bbox 792 2324 963 2363; x_wconf 83' lang='lat' dir='ltr'>quaeras,</span> <span class='ocrx_word' id='word_1_353' title='bbox 986 2325 1062 2364; x_wconf 90' lang='lat' dir='ltr'>quo</span> <span class='ocrx_word' id='word_1_354' title='bbox 1075 2325 1124 2348; x_wconf 86' lang='lat' dir='ltr'>ex</span> <span class='ocrx_word' id='word_1_355' title='bbox 1143 2311 1248 2348; x_wconf 90' lang='lat' dir='ltr'>fonte</span> <span class='ocrx_word' id='word_1_356' title='bbox 1260 2311 1334 2347; x_wconf 86' lang='lat' dir='ltr'>sint</span> <span class='ocrx_word' id='word_1_357' title='bbox 1352 2308 1454 2346; x_wconf 89' lang='lat' dir='ltr'>hau-</span> 
     </span>
     <span class='ocr_line' id='line_1_74' title="bbox 789 2366 1454 2421; baseline -0.005 -16"><span class='ocrx_word' id='word_1_358' title='bbox 789 2375 856 2417; x_wconf 87' lang='lat' dir='ltr'>sta,</span> <span class='ocrx_word' id='word_1_359' title='bbox 880 2381 978 2421; x_wconf 88' lang='lat' dir='ltr'>quae</span> <span class='ocrx_word' id='word_1_360' title='bbox 998 2370 1038 2405; x_wconf 89' lang='lat' dir='ltr'>in</span> <span class='ocrx_word' id='word_1_361' title='bbox 1058 2382 1164 2420; x_wconf 87' lang='lat' dir='ltr'>seqq.</span> <span class='ocrx_word' id='word_1_362' title='bbox 1186 2366 1364 2404; x_wconf 82' lang='lat' dir='ltr'>historiae</span> <span class='ocrx_word' id='word_1_363' title='bbox 1382 2379 1454 2417; x_wconf 86' lang='lat' dir='ltr'>pa-</span> 
     </span>
     <span class='ocr_line' id='line_1_75' title="bbox 789 2424 1454 2463; baseline -0.003 -1"><span class='ocrx_word' id='word_1_364' title='bbox 789 2432 847 2463; x_wconf 86' lang='lat' dir='ltr'>ter</span> <span class='ocrx_word' id='word_1_365' title='bbox 880 2426 1008 2462; x_wconf 87' lang='lat' dir='ltr'>retulit</span> <span class='ocrx_word' id='word_1_366' title='bbox 1035 2424 1083 2463; x_wconf 90' lang='lat' dir='ltr'>de</span> <span class='ocrx_word' id='word_1_367' title='bbox 1113 2425 1252 2461; x_wconf 86' lang='lat' dir='ltr'>Xerxis</span> <span class='ocrx_word' id='word_1_368' title='bbox 1285 2425 1454 2461; x_wconf 87' lang='lat' dir='ltr'>exercitu</span> 
     </span>
     <span class='ocr_line' id='line_1_76' title="bbox 789 2482 1455 2535; baseline -0.006 -15"><span class='ocrx_word' id='word_1_369' title='bbox 789 2484 1024 2535; x_wconf 82' lang='lat' dir='ltr'>singulisque</span> <span class='ocrx_word' id='word_1_370' title='bbox 1055 2482 1231 2533; x_wconf 87' lang='lat' dir='ltr'>gentibus</span> <span class='ocrx_word' id='word_1_371' title='bbox 1251 2488 1366 2533; x_wconf 86' lang='lat' dir='ltr'>atque</span> <span class='ocrx_word' id='word_1_372' title='bbox 1388 2493 1455 2516; x_wconf 85' lang='lat' dir='ltr'>ea·-</span> 
     </span>
     <span class='ocr_line' id='line_1_77' title="bbox 790 2537 1456 2587; baseline -0.006 -11"><span class='ocrx_word' id='word_1_373' title='bbox 790 2553 876 2576; x_wconf 89' lang='lat' dir='ltr'>rum</span> <span class='ocrx_word' id='word_1_374' title='bbox 902 2552 1064 2576; x_wconf 84' lang='lat' dir='ltr'>numero</span> <span class='ocrx_word' id='word_1_375' title='bbox 1096 2547 1133 2576; x_wconf 85' lang='lat' dir='ltr'>et</span> <span class='ocrx_word' id='word_1_376' title='bbox 1162 2537 1317 2585; x_wconf 81' lang='lat' dir='ltr'>habitu,</span> <span class='ocrx_word' id='word_1_377' title='bbox 1366 2550 1456 2587; x_wconf 90' lang='lat' dir='ltr'>per-</span> 
     </span>
     <span class='ocr_line' id='line_1_78' title="bbox 791 2593 1456 2648; baseline -0.006 -15"><span class='ocrx_word' id='word_1_378' title='bbox 791 2610 908 2648; x_wconf 87' lang='lat' dir='ltr'>quam</span> <span class='ocrx_word' id='word_1_379' title='bbox 937 2596 980 2633; x_wconf 85' lang='lat' dir='ltr'>fit</span> <span class='ocrx_word' id='word_1_380' title='bbox 998 2597 1206 2648; x_wconf 83' lang='lat' dir='ltr'>probabile,</span> <span class='ocrx_word' id='word_1_381' title='bbox 1238 2593 1331 2631; x_wconf 82' lang='lat' dir='ltr'>haec</span> <span class='ocrx_word' id='word_1_382' title='bbox 1352 2607 1373 2629; x_wconf 90' lang='lat' dir='ltr'>e</span> <span class='ocrx_word' id='word_1_383' title='bbox 1393 2606 1456 2629; x_wconf 87' lang='lat' dir='ltr'>re-</span> 
     </span>
     <span class='ocr_line' id='line_1_79' title="bbox 790 2651 1457 2703; baseline -0.006 -14"><span class='ocrx_word' id='word_1_384' title='bbox 790 2654 862 2703; x_wconf 83' lang='lat' dir='ltr'>giis</span> <span class='ocrx_word' id='word_1_385' title='bbox 900 2654 1103 2690; x_wconf 85' lang='lat' dir='ltr'>Persarum</span> <span class='ocrx_word' id='word_1_386' title='bbox 1143 2651 1341 2688; x_wconf 87' lang='lat' dir='ltr'>annalibus</span> <span class='ocrx_word' id='word_1_387' title='bbox 1378 2662 1457 2686; x_wconf 88' lang='lat' dir='ltr'>esse</span> 
     </span>
     <span class='ocr_line' id='line_1_80' title="bbox 794 2708 1457 2760; baseline -0.009 -13"><span class='ocrx_word' id='word_1_388' title='bbox 794 2709 971 2747; x_wconf 88' lang='lat' dir='ltr'>deducta.</span> <span class='ocrx_word' id='word_1_389' title='bbox 1043 2711 1218 2760; x_wconf 86' lang='lat' dir='ltr'>Namque</span> <span class='ocrx_word' id='word_1_390' title='bbox 1254 2708 1457 2743; x_wconf 86' lang='lat' dir='ltr'>Persarum</span> 
     </span>
     <span class='ocr_line' id='line_1_81' title="bbox 794 2762 1456 2817; baseline -0.009 -14"><span class='ocrx_word' id='word_1_391' title='bbox 794 2779 902 2817; x_wconf 81' lang='lat' dir='ltr'>reges</span> <span class='ocrx_word' id='word_1_392' title='bbox 923 2779 1014 2803; x_wconf 87' lang='lat' dir='ltr'>cum</span> <span class='ocrx_word' id='word_1_393' title='bbox 1046 2778 1114 2815; x_wconf 91' lang='lat' dir='ltr'>pro</span> <span class='ocrx_word' id='word_1_394' title='bbox 1137 2776 1244 2800; x_wconf 89' lang='lat' dir='ltr'>more</span> <span class='ocrx_word' id='word_1_395' title='bbox 1265 2764 1305 2798; x_wconf 89' lang='lat' dir='ltr'>in</span> <span class='ocrx_word' id='word_1_396' title='bbox 1326 2762 1456 2799; x_wconf 87' lang='lat' dir='ltr'>omni-</span> 
     </span>
     <span class='ocr_line' id='line_1_82' title="bbox 794 2816 1456 2873; baseline -0.009 -13"><span class='ocrx_word' id='word_1_397' title='bbox 794 2823 864 2859; x_wconf 92' lang='lat' dir='ltr'>bus</span> <span class='ocrx_word' id='word_1_398' title='bbox 894 2821 1198 2873; x_wconf 82' lang='lat' dir='ltr'>expeditionibus</span> <span class='ocrx_word' id='word_1_399' title='bbox 1225 2831 1355 2857; x_wconf 88' lang='lat' dir='ltr'>secum</span> <span class='ocrx_word' id='word_1_400' title='bbox 1384 2816 1456 2855; x_wconf 85' lang='lat' dir='ltr'>ha-</span> 
     </span>
     <span class='ocr_line' id='line_1_83' title="bbox 795 2877 1456 2930; baseline -0.005 -15"><span class='ocrx_word' id='word_1_401' title='bbox 795 2879 931 2916; x_wconf 88' lang='lat' dir='ltr'>berent</span> <span class='ocrx_word' id='word_1_402' title='bbox 951 2879 1110 2927; x_wconf 84' lang='lat' dir='ltr'>scribas,</span> <span class='ocrx_word' id='word_1_403' title='bbox 1142 2877 1227 2930; x_wconf 88' lang='lat' dir='ltr'>qui,</span> <span class='ocrx_word' id='word_1_404' title='bbox 1259 2888 1456 2929; x_wconf 85' lang='lat' dir='ltr'>quaecun—</span> 
     </span>
    </p>
   </div>
  </div>
 </body>
</html>
