1806 3181
371 167 456 207 748

764 164 1223 202 HERODOTI

372 273 567 328 ποταμός
596 270 852 327 Σπερχήϊος,
884 272 994 327 ῥέων
1023 273 1065 324 ἐξ
1091 271 1308 328 Ἐνιήνων,
1339 274 1380 325 ἐς
1399 271 1626 318 θάλασσαν

345 341 550 385 4ἐκδιδοῖ.

608 338 693 383 ἀπὸ
732 339 777 382 ὁὲ
816 339 999 391 τούτου,
1040 339 1111 382 διὰ
1141 341 1275 383 εἴκοσί
1303 357 1385 384 κου
1422 344 1624 395 σταδίων,

373 409 501 459 ἄλλος
527 406 742 462 ποταμός,
771 411 832 462 τῷ
858 405 1027 462 οὕνομα
1056 412 1190 450 κεῖται
1217 407 1382 462 Δύρας,
1412 409 1491 452 τόν
1519 412 1625 466 βοη-

370 477 532 519 θέοντα
560 478 621 533 τῷ
646 475 854 531 ‘Homul'
873 474 1090 534 καιομένῳ
1120 474 1247 531 λόγος
1279 476 1365 520 ἐστὶ
1401 478 1624 534 ἀναφανῆ-
1637 482 1681 518 55

317 682 517 731 colligatur
547 688 583 719 et
614 689 792 733 paretur,
821 695 974 720 memo-

317 745 388 775 rat.
447 738 555 777 Conf.
585 740 774 776 Mannert.
795 740 864 776 VII
883 752 972 790 pag.

317 797 410 835 617.
434 816 487 821 -
514 796 607 831 Mox
637 803 737 832 recte
765 809 869 833 nunc
891 796 974 833 edi-

317 858 401 888 tum
421 849 644 902 Σπερχήϊος
663 865 731 903 pro
754 854 844 889 olim
867 854 971 903 vulg.

316 904 540 958 Σπερχειός.
593 910 651 944 De
673 922 748 961 quo
769 910 884 946 fluvio
904 923 974 947 ve-

317 971 442 1001 terum
452 966 664 1002 testimonia
672 965 974 1003 attulithschu-

317 1020 402 1058 cke.
426 1020 473 1057 ad
493 1022 584 1059 Mel.
604 1024 650 1070 II,
673 1024 696 1062 3
720 1024 757 1067 ξ.
780 1026 804 1063 6
833 1037 872 1073 p.
893 1026 974 1064 262

318 1090 421 1128 seqq.
442 1085 538 1115 nott.
568 1092 703 1129 exegg.
729 1080 769 1114 in
789 1078 973 1116 hodierna

316 1134 422 1171 fluvii
442 1135 692 1185 appellatione
719 1137 885 1172 multum
903 1149 974 1173 va-

316 1191 405 1226 riari
426 1191 622 1230 adnotans.
655 1194 782 1243 Atque
803 1191 876 1229 hoc
895 1194 973 1228 1111-

315 1248 420 1283 nime
442 1249 603 1296 mirum,
623 1249 654 1285 si
674 1248 830 1301 quidem
849 1250 972 1286 omnis

316 1304 386 1340 ista
423 1306 528 1354 regio
549 1318 652 1341 nunc
680 1304 791 1342 valde
824 1312 971 1342 mutata

317 1373 396 1396 esse
416 1359 648 1410 perhibetur.
705 1363 879 1413 Namque
901 1375 971 1398 au-

316 1425 494 1465 gescente
532 1419 572 1453 in
600 1417 678 1454 dies
705 1418 807 1465 solo,
848 1424 890 1454 ut
921 1419 972 1454 ait

316 1471 472 1523 Kriegk.
494 1474 557 1514 l.l.
580 1488 618 1524 p.
638 1476 690 1514 27
714 1481 861 1510 tantum
881 1487 973 1524 pro-

314 1529 380 1566 lati
409 1537 495 1567 sunt
525 1537 646 1566 terrae
681 1531 905 1567 continentis
925 1531 973 1566 fi-

315 1599 395 1634 nes,
415 1594 457 1623 ut
487 1600 620 1623 eorum
642 1593 678 1623 et
704 1586 827 1623 forma
856 1588 972 1636 longe

317 1642 463 1680 diversa
495 1650 531 1680 et
558 1644 720 1679 ambitus
740 1644 862 1680 multo
886 1656 973 1679 ma-

317 1701 375 1736 ior
393 1714 496 1736 nunc
517 1701 576 1736 sit.
606 1699 716 1736 Unde
737 1700 893 1747 factum,
916 1707 970 1747 ut,

316 1757 381 1808 qui
398 1758 489 1793 olim
508 1757 560 1793 ibi
580 1757 691 1794 fuisse
712 1755 888 1793 dicuntur
898 1756 973 1792 flu-

314 1815 378 1860 vii,
400 1815 465 1850 vix
486 1815 694 1850 accuratius
714 1811 905 1865 hodieque
915 1815 972 1849 in-

315 1868 431 1906 dicari
450 1871 605 1920 possint.
664 1872 892 1920 Regressum
913 1868 973 1906 di-

314 1927 412 1963 citur
439 1940 567 1974 mare,
611 1928 814 1965 fluviorum
843 1939 972 1963 cursus

314 1984 463 2031 mutati,
502 1984 586 2020 loca
617 1985 716 2021 culta
748 1990 783 2020 et
804 1982 972 2020 habitata

317 2041 379 2078 vel
401 2053 528 2077 eversa
547 2041 608 2079 vel
629 2041 669 2077 in
698 2039 855 2091 paludes
876 2053 971 2076 con-

316 2109 435 2143 versa,
464 2098 654 2148 sylvisque
686 2099 844 2134 obtecta.
884 2095 970 2134 Vid.

317 2151 503 2193 Dodwell.
533 2155 643 2190 Reise
671 2154 705 2190 d.
742 2151 894 2190 Griech.
922 2154 970 2201 11,

319 2211 338 2248 1
364 2222 423 2259 cp.
456 2211 506 2249 18
534 2221 622 2259 pflg.
647 2212 725 2249 137
747 2209 806 2247 ed.
838 2210 969 2246 Germ.

315 2277 354 2315 p.
380 2264 472 2306 140.
537 2266 610 2310 Qui
641 2266 732 2301 olim
767 2278 788 2301 a
817 2272 970 2315 septen-

315 2322 438 2358 trione
476 2322 658 2372 Pylarum
695 2334 813 2372 prope
856 2322 970 2357 Anti-

317 2391 448 2430 cyram
485 2391 563 2414 non
595 2379 708 2427 longe
743 2390 763 2413 a
792 2377 968 2413 Zeitunio

318 2434 458 2484 oppido
478 2436 572 2470 mari
594 2448 633 2471 se
657 2434 838 2470 miscebat
860 2433 969 2483 Sper-

318 2491 428 2538 chius,
457 2491 486 2527 is
515 2492 635 2527 multo
657 2492 748 2527 limo
779 2491 879 2527 ostiis
900 2490 969 2526 ob-

317 2547 413 2583 iecto
427 2561 528 2584 nunc
546 2540 665 2598 magis
676 2546 874 2583 meridiem
885 2559 972 2583 ver-

317 2617 379 2640 sus
398 2604 498 2640 flexo
510 2618 620 2641 cursu
641 2617 683 2640 ac
703 2611 870 2640 tortuoso
885 2609 972 2639 teu-

318 2659 407 2696 dere
429 2667 467 2697 et
482 2668 611 2697 auctus
632 2662 675 2698 iis
694 2661 837 2708 fluviis,
877 2671 970 2711 quos

316 2724 426 2754 vocat
453 2716 689 2765 Herodotus,
723 2718 848 2769 Dyra„
887 2716 972 2752 Me-

315 2772 414 2821 lane,
434 2774 573 2825 Asopo,
604 2772 807 2822 Phoenice,
840 2785 861 2809 a
885 2785 970 2809 me-

1029 681 1123 720 ridie
1167 680 1517 734 Thermopylarum
1564 696 1682 734 prope

1027 741 1222 790 Alpenum
1240 752 1345 776 mare
1365 739 1514 791 ingredi
1534 739 1682 789 dicitur,

1027 797 1185 833 nomine
1223 796 1408 844 Hellada3
1449 810 1684 849 quamquam

1028 854 1090 890 vel
1119 853 1170 889 ibi
1191 853 1351 889 multam
1379 860 1519 890 terram
1546 852 1683 890 hodie-

1029 923 1104 961 que
1143 908 1335 959 adgestam
1386 923 1465 946 esse
1504 916 1681 953 asserunt.

1028 966 1114 1006 Vid.
1137 968 1256 1002 Kruse
1277 966 1403 1003 Hellas
1422 968 1469 1015 II,
1491 970 1518 1007 2
1543 981 1581 1017 p.
1604 968 1684 1006 129

1030 1024 1115 1060 coll.
1149 1024 1338 1059 Mannert.
1371 1024 1439 1060 VII
1469 1037 1506 1073 p.
1536 1024 1616 1063 617
1647 1028 1684 1059 et

1030 1081 1096 1131 qui
1107 1093 1228 1130 nuper
1248 1081 1523 1116 accuratissime
1543 1078 1591 1115 de
1604 1077 1679 1116 hoc

1027 1136 1144 1173 fluvio
1191 1135 1392 1186 disputavit
1429 1134 1586 1186 Kriegk.
1625 1136 1684 1171 De

1027 1194 1215 1229 Malienss.
1236 1206 1273 1242 p.
1295 1195 1348 1233 20
1372 1215 1422 1220 -
1444 1191 1508 1233 24.
1530 1195 1583 1232 27
1603 1205 1684 1242 seq.

1027 1250 1085 1285 De
1106 1248 1311 1286 Eniam'bus
1331 1248 1408 1286 vid.
1430 1255 1524 1285 nott.
1539 1247 1586 1284 ad
1601 1249 1682 1296 VH,

1030 1308 1109 1345 132
1131 1312 1167 1342 et
1186 1304 1234 1341 ad
1254 1317 1365 1341 voces
1387 1301 1452 1343 διὰ
1474 1303 1598 1343 εἴκοσι’
1609 1319 1683 1344 κου

1029 1361 1198 1400 σταδίων
1217 1367 1313 1397 nott.
1330 1360 1378 1398 ad
1393 1362 1473 1409 VII,
1494 1364 1561 1403 30.

1084 1419 1139 1471 τῷ
1173 1414 1327 1468 οὕνομα
1359 1421 1484 1457 κεῖται
1526 1412 1682 1469 Δύρας]

1029 1474 1172 1511 Similis
1204 1475 1344 1511 locutio
1381 1475 1444 1522 IV,
1479 1471 1558 1514 184
1592 1474 1684 1524 (ubi

1028 1532 1203 1567 Ionicum
1224 1528 1368 1582 κέεται)
1388 1531 1575 1579 V11‚200.
1587 1533 1682 1571 216.

1028 1587 1071 1624 111
1084 1588 1219 1638 quibus
1240 1602 1263 1625 κ
1275 1601 1291 1625 ε
1305 1590 1349 1626 ῖσ
1362 1592 1392 1626 θ
1406 1603 1430 1625 α
1442 1603 1455 1626 ι
1473 1586 1683 1637 significare

1028 1656 1098 1680 esse
1132 1642 1326 1680 contendit
1363 1642 1586 1691 Larcherus,
1627 1644 1685 1680 ci-

1027 1707 1110 1736 tans
1135 1698 1307 1750 Euripid.
1329 1701 1474 1736 Hecub.
1498 1702 1548 1739 16
1571 1706 1606 1736 et
1626 1700 1683 1735 A-

1029 1755 1133 1793 then.
1155 1758 1184 1804 I,
1209 1759 1254 1796 11
1278 1770 1314 1806 p.
1338 1758 1387 1795 13
1411 1757 1451 1793 C.
1490 1755 1592 1793 Add.
1607 1756 1684 1793 So—

1028 1812 1152 1863 phocl.
1178 1813 1306 1862 Antig.
1334 1811 1415 1853 455
1445 1811 1560 1849 Both.
1587 1810 1683 1851 oed.

1026 1871 1073 1907 R.
1104 1869 1201 1917 4673
1239 1882 1288 1905 ne
1316 1869 1438 1919 plura.
1477 1870 1559 1905 Iam
1578 1882 1682 1918 vero,

1028 1933 1191 1978 quatuor
1209 1926 1264 1962 illi
1282 1926 1405 1973 fluvii,
1436 1938 1530 1977 quos
1549 1928 1684 1962 Noster

1026 1989 1322 2030 commemorat,
1371 1983 1498 2033 quales
1531 1982 1684 2031 fuerint,

1027 2039 1179 2077 difficile
1212 2046 1265 2075 est
1299 2038 1414 2075 dictu.
1435 2037 1591 2089 Kriegk.
1611 2039 1636 2078 l.
1654 2039 1682 2075 l.

1026 2109 1114 2147 pag.
1135 2094 1188 2136 24-
1208 2094 1284 2132 huc
1303 2095 1416 2132 refert
1447 2102 1608 2147 quatuor
1627 2095 1682 2131 ri-

1025 2166 1106 2200 VOS,
1127 2153 1193 2204 qui
1211 2151 1301 2189 inde
1330 2164 1351 2188 a
1371 2152 1536 2189 sontibus
1556 2150 1681 2188 Ther-

1025 2210 1268 2260 mopylarum
1307 2207 1434 2244 calidis
1472 2220 1592 2258 usque
1631 2205 1680 2243 ad

1026 2263 1201 2316 Sperchii
1239 2271 1396 2314 pontem
1435 2262 1681 2300 effunduntur

1024 2323 1064 2359 in
1086 2319 1326 2372 Sperchium‚
1345 2326 1437 2357 teste
1453 2321 1574 2356 Gellio
1595 2320 1680 2356 An-

1025 2379 1115 2428 glo:
1147 2389 1379 2428 quamquam
1399 2377 1605 2413 accuratius
1638 2376 1678 2412 iu

1024 2435 1093 2470 ista
1122 2433 1311 2484 inquirere
1342 2434 1407 2469 vix
1423 2439 1543 2473 vacat.
1592 2430 1678 2470 Me-

1027 2490 1127 2535 lana,
1155 2490 1388 2525 amniculum
1419 2490 1582 2541 appellat
1611 2489 1678 2526 Li-

1026 2547 1108 2584 vius
1127 2547 1304 2593 XXXVI,
1327 2549 1394 2587 22.

1081 2599 1147 2640 τὸν
1188 2601 1410 2653 βοηθέοντα
1454 2603 1513 2656 τῷ
1553 2598 1678 2648 Ἠρα-

1026 2657 1111 2697 κλέϊ
1147 2657 1341 2713 καιομένῳ
1373 2673 1407 2697 κ.
1434 2672 1468 2695 τ.
1486 2657 1541 2705 L]
1572 2657 1677 2693 Arti-

1026 2715 1157 2751 culum
1204 2717 1259 2771 τῷ
1279 2742 1295 2760 ,
1345 2727 1460 2766 quem
1508 2712 1676 2763 neglexit

1026 2769 1219 2809 Schaefer.
1257 2778 1372 2824 atque
1399 2767 1545 2817 Matth„
1586 2779 1675 2805 cum
