1815 3181
399 203 456 242 66

1139 52 1155 73 Χ

798 181 1262 226 HERODOTI

405 305 582 355 λασθεὶς
614 302 661 346 δὲ
692 299 896 344 ἐνθεῦτεν
923 294 1053 349 τρίτῳ
1085 291 1168 334 ἔτεϊ
1194 287 1283 332 ὑπὸ
1312 284 1505 330 Μακέων
1527 296 1572 333 τε
1592 280 1668 324 καὶ

408 372 589 430 Λιβύων
619 369 692 413 καὶ
723 363 1060 421 Καρχηδονίων,
1100 356 1278 401 ἀπίκετο
1319 354 1363 405 ἐς
1392 347 1671 403 Πελοπόννη-

349 651 536 690 mercium
551 659 641 684 cum
650 643 780 681 Africa
799 647 913 692 atque
932 638 1011 673 im-

351 709 479 761 primis
503 717 592 742 cum
608 704 769 753 Cyrene,
792 709 889 750 quae
900 696 936 732 T
939 694 1011 730 he·-

353 775 528 802 raeorum
548 761 620 797 fuit
647 757 809 796 colonia.
868 752 926 789 Cf.
947 750 1012 797 IV,

356 823 434 863 156
465 832 548 870 sqq.
577 819 636 853 De
666 815 798 863 Cinype
827 809 928 847 conf.
948 806 1014 854 IV,

359 879 448 919 175.
481 877 574 915 195.
602 895 659 900 —-
727 871 826 906 Cum
856 869 1016 903 recentt.

356 933 443 971 edd.
488 931 640 982 reposui
681 921 907 974 ἐξελασθεὶς
946 931 1016 972 pro

357 987 579 1039 ἐξελαθεὶς,
618 985 665 1022 de
697 995 774 1035 quo
800 981 949 1031 saepius
977 977 1019 1012 in

360 1046 546 1099 prioribus
567 1043 762 1079 monitum
782 1045 849 1075 est.

416 1099 498 1142 15πό
517 1098 699 1139 λἨακέων
712 1111 752 1135 τε
764 1093 831 1134 καὶ
850 1086 1021 1143 Λιβύων

360 1158 427 1199 καὶ
448 1154 756 1210 Καρχηδονίων]
788 1153 956 1188 Haerent
980 1147 1023 1182 in

359 1216 416 1254 his
429 1213 711 1262 VVesselingius
729 1217 844 1260 atque
855 1202 1026 1243 Valcke-

359 1286 478 1319 naer.,
530 1281 696 1322 quorum
730 1266 793 1307 ille
823 1261 1026 1314 particulas

361 1345 402 1369 τε
424 1328 491 1367 καὶ
511 1326 686 1362 inductas
705 1323 799 1369 vult,
831 1332 921 1357 cum
939 1319 1027 1353 Ma-

363 1400 443 1432 cae,
475 1383 522 1421 de
544 1383 680 1435 quibus
699 1381 835 1416 Noster
853 1376 918 1422 IV,
934 1372 1026 1419 175,

368 1451 404 1479 et
424 1443 495 1492 ipsi
516 1441 591 1477 sint
621 1438 772 1488 Libyes,
801 1447 873 1470 uec
907 1432 954 1467 ab
984 1430 1028 1466 iis

365 1500 443 1536 ullo
491 1495 609 1533 modo
656 1492 836 1541 distingui
872 1488 1029 1539 possint,

367 1555 435 1594 sed
454 1555 625 1604 Libyum
654 1548 854 1587 communi
871 1545 1030 1582 nomine

368 1611 417 1649 ad
455 1610 567 1647 Afros
596 1606 796 1656 indigenas
837 1606 1032 1653 spectante

370 1680 490 1719 aeque
505 1657 1034 1716 compreliendantur,diversi

373 1724 531 1777 quidem
579 1735 602 1757 a
648 1714 1034 1767 Carthaginiensibus,

373 1783 441 1834 qui
460 1779 582 1816 Poeni
602 1789 742 1827 genere
755 1803 765 1822 ,
811 1773 904 1808 alius
923 1782 1036 1821 pror-

373 1852 434 1875 sus
454 1842 543 1873 sunt
563 1834 717 1883 originis
750 1837 864 1881 atque
901 1827 1036 1877 stirpis.

374 1892 653 1932 Valckenaerio
703 1885 920 1924 Herodotus
969 1894 1039 1933 pro

377 1946 546 2001 Λιβύων
558 1946 745 1997 scripsisse
758 1942 909 1981 videtur
919 1943 1041 1988 Μαχ-

379 2003 487 2046 λύων
519 2003 595 2053 (de
625 2015 700 2054 qua
720 2007 835 2051 gente
856 1996 957 2034 conf.
977 1995 1041 2042 IV,

383 2062 495 2111 178),
526 2067 591 2096 aut
622 2057 726 2094 aliud
747 2054 852 2109 quod
872 2053 1045 2090 Africani

381 2118 514 2169 populi
551 2128 709 2151 nomen.
787 2109 1045 2158 VVesselingio

385 2174 595 2211 adsentitur
604 2168 832 2207 Lare-herus.
852 2164 1048 2216 Equidem

385 2229 498 2268 codd.
539 2229 665 2264 invitis
706 2225 803 2261 nihil
842 2224 1048 2258 immutare

387 2300 498 2324 ausus
518 2297 625 2331 sum,
657 2295 746 2319 cum
766 2280 882 2317 verba
912 2292 951 2316 τε
977 2275 1046 2315 καὶ

388 2340 557 2395 Λιβύων
588 2341 705 2376 etiam
733 2340 784 2374 ita
815 2335 935 2385 accipi
963 2345 1048 2384 pos-

390 2402 488 2447 sint,
523 2404 564 2434 ut
603 2395 707 2432 idem
746 2393 897 2431 valeant
936 2397 1050 2441 atque

391 2455 476 2495 καὶ
521 2452 618 2493 τῶν
659 2450 825 2490 ἄλλων
868 2443 1051 2497 Λιβύων,

393 2514 454 2549 vel
483 2512 535 2547 ita
564 2509 685 2560 posita
706 2507 990 2549 existimentur,
1012 2508 1055 2537 ut

396 2582 473 2606 non
486 2567 736 2615 distinguatur
757 2563 918 2599 alterum
939 2560 985 2595 ab
999 2559 1056 2594 al-

400 2633 501 2672 tero,
549 2622 617 2660 sed
654 2628 696 2658 ut
736 2620 897 2656 alterum
939 2617 1057 2652 altero

401 2682 630 2719 declaretur:
683 2677 831 2729 qualia,
876 2678 1058 2710 monente

401 2735 647 2787 Schweigli.,
687 2733 932 2771 inveniiuitur
951 2730 981 2776 I,
1021 2731 1060 2774 2,

406 2797 472 2836 16.
501 2796 569 2841 27,
609 2791 711 2829 alibi.
745 2811 800 2818 -—
859 2788 935 2825 Cur
970 2796 1061 2824 vero

277 457 343 500 43
404 455 497 486 σον.
551 439 772 482 Ἐνθαῦτα
814 432 861 478 δέ
912 432 955 474 οῖ
988 425 1260 482 Ἀντιχάρης,
1307 420 1414 477 ἀνὴρ
1449 414 1726 466 Ἐλεώνιος5ο

74 521 348 588 lggffiffldscffiffin·
411 506 724 565 συνεβούλευσε
765 502 813 547 ἐκ
849 503 939 544 τῶν
969 498 1113 540 Λαΐου
1142 494 1373 550 χρησμῶν,
1405 486 1674 543 “Ηρακληΐην

1069 632 1276 683 Spartanos
1298 627 1382 664 Afri
1403 622 1631 674 expulerint,
1648 618 1691 656 id
1711 631 1732 654 e

1071 689 1232 740 Scylace
1252 699 1290 735 p.
1315 685 1408 729 112,
1431 682 1497 729 [ᾗ.
1518 681 1598 720 108
1619 691 1658 728 p-
1679 674 1731 716 47

1068 743 1273 791 Hudson.]
1331 744 1514 776 monente
1565 731 1733 772 Valcke-

1070 803 1215 848 naerio,
1236 798 1435 835 aestimare
1463 793 1605 831 licebit.

1275 887 1367 937 Cap.
1386 884 1529 921 XLIII.

1133 963 1236 1020 οἷνήρ
1264 960 1495 1011 Ἐλεώνιος]
1541 954 1739 1009 ,,Ἐλεῶνα

1076 1027 1197 1063 Poeta
1227 1028 1418 1060 memorat
1445 1020 1491 1056 Il.
1519 1019 1568 1065 H,
1591 1017 1674 1057 500
1702 1019 1740 1050 et

1079 1083 1218 1121 Strabo
1254 1092 1376 1131 prope
1413 1078 1638 1125 Tanagram
1669 1071 1741 1117 IX,

1080 1154 1119 1191 P·
1152 1140 1234 1179 (522
1266 1150 1296 1173 S·
1326 1133 1422 1175 405.
1480 1133 1580 1168 Hinc
1600 1122 1744 1168 Ἑλεώ-
1805 1121 1812 1129 ”

1082 1210 1168 1242 νιος
1197 1192 1301 1244 apud
1326 1186 1685 1238 Ethnicographum
1703 1185 1745 1219 in

1085 1251 1253 1292 Neam-‘⁶
1334 1246 1610 1292 IVesseling.
1686 1241 1746 1276 De

1082 1322 1178 1347 voce
1200 1302 1305 1357 ἀνήρ
1334 1305 1376 1340 in
1404 1303 1541 1340 talibus
1572 1297 1662 1337 addi
1681 1309 1746 1334 so·-

1083 1367 1150 1403 lita
1171 1363 1272 1401 conf.
1292 1363 1358 1409 III,
1383 1360 1477 1401 125.

1142 1415 1429 1470 συνεβούλευσε
1449 1414 1490 1455 ἐκ
1511 1415 1594 1453 τῶν
1612 1410 1747 1464 Λαΐου

1086 1477 1305 1531 χρησμῶν]
1351 1475 1451 1510 Cum
1479 1469 1583 1522 apud
1601 1475 1749 1508 veteres

1086 1536 1227 1581 nullus,
1251 1538 1440 1584 quantum
1458 1531 1610 1574 scimus,
1639 1537 1748 1562 com-

1087 1597 1324 1629 memoretur
1360 1593 1464 1624 vates
1492 1584 1633 1630 Laius,
1660 1581 1751 1618 Val-

1090 1647 1295 1686 ckenaerio
1335 1640 1416 1694 pro‘
1445 1641 1578 1681 Λαΐου
1618 1637 1680 1675 hic
1711 1637 1754 1673 in

1090 1712 1265 1742 mentem
1284 1702 1388 1739 venit
1406 1694 1567 1750 Ἰάμου,
1599 1697 1666 1748 qui
1683 1706 1755 1732 va-

1091 1770 1146 1799 tes
1166 1773 1256 1797 sane
1286 1757 1554 1795 celeberrimus
1572 1752 1756 1803 idemque

1092 1817 1329 1855 Iamidarum
1350 1813 1499 1863 generis
1521 1817 1653 1847 auctor
1666 1837 1676 1855 ,
1709 1806 1757 1843 de

1096 1888 1172 1927 quo
1193 1872 1381 1910 Pindarus
1402 1866 1631 1920 Olymp.V1.
1660 1864 1760 1901 Cum

1096 1943 1187 1969 vero
1227 1942 1298 1966 nec
1338 1925 1452 1963 huius
1497 1927 1760 1961 memorentur

1100 1987 1274 2034 oracula,
1313 1984 1471 2021 forsitan
1498 1980 1671 2018 usitatius
1697 1976 1760 2014 hio

1101 2047 1219 2082 latere
1261 2054 1406 2078 nomen
1447 2033 1622 2083 Βάκιδος
1656 2033 1762 2071 idem

1103 2102 1294 2138 existimat
1307 2126 1317 2144 ,
1348 2097 1414 2148 qui
1432 2101 1536 2133 vates
1558 2106 1607 2129 ex
1624 2090 1763 2128 eodem

1101 2157 1256 2194 Eleonis
1294 2165 1394 2204 pago
1427 2151 1508 2201 agri
1546 2148 1765 2198 Tanagraei

1103 2220 1214 2250 natus
1244 2211 1362 2246 fertur
1394 2206 1496 2260 apud
1517 2204 1648 2244 Schol.
1674 2205 1764 2240 Ari-

1103 2267 1228 2320 stoph.
1254 2268 1345 2302 Pac.
1377 2266 1480 2305 1071
1520 2263 1607 2300 coll.
1639 2262 1766 2297 Inter-

1107 2333 1219 2377 prett.
1240 2325 1279 2359 in
1290 2323 1438 2358 Aelian.
1460 2320 1507 2357 V.
1517 2321 1567 2356 H.
1588 2319 1675 2366 XII,
1697 2316 1765 2358 35.

1108 2383 1152 2420 C.
1174 2384 1218 2419 Ο.
1239 2380 1388 2416 Miiller.
1409 2379 1501 2414 Dor.
1522 2373 1703 2414 Orchom.
1726 2387 1767 2424 p.

1113 2438 1190 2479 145
1211 2451 1288 2488 seq.
1319 2431 1593 2473 Wachsmuth.
1615 2431 1767 2468 Hellen.

1109 2491 1388 2532 Altertlnnnsk.
1416 2493 1463 2539 II,
1494 2493 1521 2530 2
1554 2501 1643 2540 pag.
1672 2484 1769 2528 274.

1110 2551 1222 2588 Unde
1243 2550 1355 2587 simul
1367 2548 1545 2586 discimus
1563 2547 1603 2582 iu
1613 2543 1770 2581 Eleonis

1113 2611 1197 2647 vico
1226 2603 1324 2644 inde
1363 2618 1411 2642 ex
1441 2602 1645 2655 antiquiori
1674 2611 1769 2637 aevo

1114 2663 1387 2717 prophetarum
1406 2661 1590 2698 familiam
1603 2658 1665 2695 vel
1674 2658 1771 2693 Per-

1116 2724 1183 2759 sici
1199 2722 1287 2758 belli
1304 2727 1477 2770 tempore
1496 2715 1678 2761 floruisse,
1691 2712 1770 2765 qni,

1116 2786 1159 2817 ut
1178 2791 1266 2815 mea
1285 2778 1358 2814 sert
1377 2774 1518 2827 opinio,
1539 2772 1695 2824 antiqua
1707 2769 1773 2806 illa
