1834 3258
411 267 1051 334 1301.YMN1A.v11.

1287 296 1370 335 579

101 407 243 462 ρείου,
270 405 344 450 καὶ
365 402 632 462 Πρηξάσπης
653 403 677 450 ὁ
704 403 986 456 Ἀσπαθίνεω,
1016 403 1091 447 καὶ
1108 399 1370 459 Μεγάβαζος

72 472 130 518 26
159 471 448 530 Μεγαβάτεω,
481 473 553 516 καὶ
581 471 831 530 Ἀχαιμένης
861 471 884 516 ὁ
916 473 1122 527 Δαρείου.
1181 475 1256 528 τῆς
1287 472 1366 527 μὲν

96 541 288 594 Ἰάδοςτε
311 542 386 586 καὶ
397 544 595 598 Καρικῆς
611 545 829 598 στρατιῆς,
859 538 1143 597 Ἀριαβίγνης,
1174 539 1369 595 ὁΔαρεί-

100 626 155 672 ου
176 625 221 653 τε
248 614 353 662 παῖς
380 611 454 654 καὶ
483 613 557 667 τῆς
586 608 808 666 Γωβρύεω
836 607 1084 665 θυγατρός·
1116 609 1368 664 Αἰγυπτίων
1380 613 1424 648 25

929 674 1132 691 ’’’

99 743 320 802 ἀδελφεός·
351 751 427 803 τῆς
439 747 485 791 δὲ
507 745 638 802 ἄλλης
659 748 864 802 στρατιῆς
892 743 1184 800 ἐστρατήγεον
1207 746 1251 788 οἱ
1270 743 1367 788 δύο.

69 813 402 872 3-τριηκόντεροι
414 815 473 868 δὲ,
486 815 559 860 καὶ
569 813 918 871 πεντηκόντεροι,
931 814 1004 857 καὶ
1024 814 1272 868 κέρκουροι,
1294 813 1369 857 καὶ

95 882 328 939 ἱππαγωγοὶ
356 888 489 928 πλοῖα
517 882 664 941 μακροὶ
695 880 971 927 συνελθόντα
990 881 1034 934 ἐς
1063 880 1140 925 τὸν
1170 877 1366 936 ἀριθμὸν

234 1092 327 1143 cap.
348 1091 503 1133 XCVII,

94 1145 368 1202 Πρηξάσπης]
407 1150 515 1186 Alius
552 1150 701 1185 Prexa-

35 1217 120 1256 spes
157 1206 224 1254 III,
264 1209 330 1254 30,
353 1208 408 1247 62
444 1218 549 1258 seqq.
606 1207 702 1244 Mox

36 1273 169 1299 omnes
190 1270 379 1315 quantum
404 1263 481 1300 scio
501 1262 587 1300 libri
607 1265 701 1301 Με-

35 1314 228 1371 γαβαζοςς
270 1320 371 1359 conf,
402 1320 479 1369 IV,
517 1317 611 1360 143.
639 1320 699 1355 De

34 1374 256 1424 Achaemene,
279 1377 386 1414 Darii
400 1376 491 1426 filio,
509 1376 557 1412 cf.
567 1377 634 1424 ΠΙ,
646 1379 700 1417 12

35 1438 74 1468 et
91 1438 189 1470 nott.
211 1432 260 1470 ad
277 1434 344 1482 111,
374 1435 442 1475 88.
500 1433 576 1479 Qui
593 1405 700 1470 id'em

33 1500 129 1525 mox
154 1496 313 1527 vocatur
345 1489 495 1542 Ξέρξεω
524 1486 604 1529 ἔων
631 1484 694 1528 ἄπ’

35 1538 275 1610 ἀμφοτέρων
297 1542 507 1596 ἅδελφεός,
522 1547 550 1584 i.
570 1560 605 1584 e.
620 1561 700 1586 πα·-

32 1597 181 1653 τρόθεν
197 1601 266 1641 καὶ
285 1599 501 1655 μητρόθεν,
522 1604 700 1654 geminus

31 1657 169 1706 frater,
201 1671 250 1695 ex
282 1673 361 1697 uuo
393 1659 608 1712 eodemque
626 1673 700 1711 pa-

33 1720 90 1751 tre
117 1727 162 1752 ac
192 1722 314 1754 matre
352 1723 576 1767 prognatus.
634 1716 699 1754 Ad

32 1765 272 1824 ἀμφοτέρων
314 1773 510 1811 subaudiri
562 1774 699 1812 volunt

31 1827 178 1868 τοκέων
210 1843 241 1867 s-
272 1828 436 1882 γονέων.
494 1829 605 1868 Idem
635 1830 698 1868 di-

31 1884 146 1922 cendi
182 1898 304 1936 genus
342 1900 456 1939 supra
483 1888 550 1936 111,
572 1891 622 1929 31
660 1895 698 1925 et

33 1941 136 1992 apud
145 1943 390 1993 Pausaniam,
411 1944 599 1982 Herodoti
606 1945 698 1981 imi-

31 2003 197 2035 tatorem
223 2001 289 2048 111,
326 1999 353 2040 4
386 2002 424 2047 §.
456 1999 482 2041 5
510 2001 598 2038 οοΠ.
616 2002 647 2050 Ι,
669 2003 696 2041 7

30 2054 116 2091 init.
171 2055 358 2094 Indicavit
406 2055 602 2095 Schaefer.
646 2055 697 2094 ad

30 2111 228 2150 Lambert.
255 2113 347 2150 Bos.
366 2114 425 2150 De
447 2114 585 2165 ellipss.
605 2127 695 2166 pag.

88 2226 272 2277 Καρικῆς
288 2226 490 2278 στρατιῆς]
508 2226 696 2264 Sancrof-

31 2281 62 2318 ti
79 2281 176 2318 liber
207 2281 380 2334 Καρίης.
430 2284 541 2321 Conf.
569 2285 697 2321 Hero-

32 2336 111 2376 dot.
140 2339 172 2387 Ι,
197 2341 272 2379 171
308 2345 345 2376 et
379 2339 567 2392 Stephan.
596 2342 695 2393 Byz.

31 2406 63 2432 s.
81 2407 120 2432 v.
141 2369 277 2462 Καρία
295 2409 384 2447 pag.
405 2396 502 2438 448.
538 2420 590 2425 -
649 2399 696 2434 In

30 2462 139 2502 seqq.
161 2451 203 2490 οἱ
227 2448 301 2492 δύο
319 2460 408 2491 sunt
428 2453 629 2506 Prexaspes
659 2461 696 2492 et

31 2504 271 2556 Megabazus.

87 2573 156 2614 καὶ
182 2573 418 2628 κέρκουροι]
469 2579 600 2615 Genus
641 2585 697 2616 est

33 2632 191 2670 navium
203 2632 421 2670 breviorum
442 2647 485 2671 ac
494 2635 694 2685 leviorum,

34 2689 163 2740 quales
201 2689 264 2726 vel
299 2689 427 2740 Cyprii
454 2692 697 2741 invenerunt,

34 2750 76 2782 ut
106 2746 158 2784 ait
185 2747 288 2785 Pliu.
322 2747 372 2785 H.
399 2747 448 2783 N.
475 2747 556 2795 vn,
587 2747 641 2789 57
662 2763 697 2787 c.

36 2796 115 2848 sm„
134 2803 198 2838 vel
214 2803 364 2840 incolae
385 2804 532 2840 insulae
552 2804 698 2856 Corcy-

38 2865 125 2905 rae,
145 2862 189 2894 ut
209 2856 347 2894 Suidas
366 2858 480 2896 tradit
498 2861 534 2896 ΙΙ
554 2873 591 2909 p.
604 2863 698 2909 300,

41 2913 105 2963 qui
122 2913 232 2965 plura
251 2912 373 2952 affert.
430 2913 533 2954 Add.
567 2914 699 2955 Schol-

761 1089 881 1128 Vatic.
902 1086 951 1125 ad
970 1086 1098 1125 Rufin.
1117 1089 1250 1140 Epigr.
1263 1088 1422 1125 inAna-

757 1147 862 1188 lectt.
892 1143 1065 1184 Brunck.
1106 1145 1157 1186 T.
1188 1147 1224 1182 II
1251 1159 1291 1196 p.
1325 1143 1420 1186 349.

756 1203 979 1255 Etymolog.
993 1214 1125 1252 magn.
1137 1216 1176 1253 p.
1191 1203 1295 1244 506:
1319 1200 1423 1268 Κέρ-

759 1270 928 1311 κουρος·
960 1274 1003 1298 το
1029 1256 1187 1318 μακροέν
1207 1257 1297 1310 ἔχον
1317 1256 1423 1310 πρύ-

757 1331 862 1369 μναν
892 1311 1048 1366 σκάφος
1079 1323 1117 1353 et
1147 1311 1253 1362 εἶδος
1276 1315 1420 1355 πλοίου

757 1371 936 1426 βραχέος.
991 1372 1097 1418 Quae
1117 1371 1254 1410 eadem
1274 1379 1424 1410 exstant

755 1429 858 1482 apud
878 1431 1021 1471 Zonar.
1040 1442 1130 1481 pag.
1154 1431 1283 1477 11863
1314 1428 1421 1481 apud

754 1487 1099 1539 Harpocrationem
1116 1487 1172 1523 nil
1197 1487 1337 1537 legitur
1356 1487 1423 1523 ni-

755 1545 808 1582 si:
838 1541 1074 1595 κέρκουρος·
1106 1539 1211 1590 εἶδός
1239 1558 1277 1582 τι
1305 1539 1422 1592 νεώς,

756 1600 859 1653 apud
889 1598 1057 1652 Hesych.
1085 1601 1122 1636 II
1141 1614 1179 1651 p.
1202 1599 1284 1641 735
1316 1596 1422 1646 εἶδος

754 1658 912 1705 πλοίου,
933 1658 999 1694 ubi
1018 1657 1127 1708 plura
1140 1657 1264 1693 attulit
1273 1657 1422 1694 Alberti

755 1714 803 1752 de
820 1714 968 1752 diverso
988 1713 1178 1751 scribendi
1192 1712 1310 1751 modo
1330 1712 1423 1766 κέρ-

753 1786 901 1824 κουρος
923 1778 960 1808 et
987 1773 1208 1823 κερκοῦρος
1243 1783 1421 1808 monens.

753 1827 857 1866 Add.
900 1826 1086 1879 Stephan.
1125 1826 1247 1865 Thes.
1275 1828 1295 1863 I
1332 1840 1422 1878 pag.

752 1886 945 1922 DXXXII
970 1883 1031 1922 ed.
1061 1885 1185 1936 valpy
1207 1891 1244 1921 et
1261 1883 1420 1922 Diodor.

753 1943 831 1980 Sic.
852 1943 1052 1991 Excerptt.
1073 1941 1159 1978 libri
1185 1941 1318 1977 XXIV
1337 1941 1422 1978 init.

753 1997 867 2035 Unde
906 1996 1009 2048 apud
1042 1998 1196 2035 Livium
1235 1998 1421 2043 XXXIII,

757 2057 808 2095 19
831 2053 937 2104 (coll.
967 2055 1112 2102 XXIII,
1135 2052 1230 2103 34).
1271 2054 1422 2102 „levio-

752 2112 856 2148 ribus
899 2111 1059 2161 navigiis
1107 2111 1329 2161 cercurisque
1377 2124 1420 2148 ac

753 2168 913 2205 lembz‘s.“
948 2167 1049 2204 Sunt
1068 2173 1199 2203 autem
1228 2167 1332 2205 lembi
1347 2181 1420 2205 na-

752 2225 901 2263 viculae
931 2224 1064 2262 breves
1095 2225 1340 2275 piscatoriae,
1377 2231 1421 2262 ut

754 2280 866 2319 docet
880 2282 1027 2318 Nonius
1047 2281 1248 2318 Marcellus
1270 2295 1307 2332 p.
1322 2280 1419 2329 534,

755 2340 821 2392 qui
840 2337 944 2375 idem
957 2337 1062 2391 quod
1082 2351 1170 2389 pag.
1184 2337 1264 2379 533
1278 2337 1418 2376 habet:

754 2396 962 2445 „Cercurus
972 2395 1079 2433 navis
1089 2403 1144 2432 est
1154 2397 1295 2432 Asiana
1305 2408 1420 2446 prae-

752 2451 950 2503 grandis“
1002 2454 1121 2490 citans
1159 2453 1351 2489 Lucilium
1378 2453 1419 2488 in

754 2510 868 2548 Satir.
888 2510 972 2551 libr.
993 2510 1082 2547 VIII
1094 2517 1130 2546 et
1139 2510 1230 2547 XIV
1243 2522 1287 2546 ac
1299 2510 1419 2545 Plau-

752 2573 836 2604 tum
856 2567 897 2603 iu
917 2565 1039 2604 Stich.
1059 2568 1106 2614 II,
1129 2569 1168 2615 2,
1187 2569 1235 2607 13
1258 2573 1294 2603 et
1313 2567 1419 2601 Mer-

753 2631 826 2662 cat.
846 2624 876 2671 I,
909 2625 944 2671 1,
975 2626 1042 2671 86,
1072 2625 1138 2661 vix
1166 2630 1268 2660 recte
1300 2621 1419 2659 tradi-

754 2680 809 2718 dit
837 2680 909 2717 nisi
929 2687 1129 2732 corruptus
1159 2678 1208 2716 ad
1235 2692 1304 2716 nos
1325 2691 1418 2729 per-

753 2738 859 2777 venit
879 2744 1018 2775 textus.

812 2801 1024 2857 ἱππαγωγοὶ
1072 2805 1192 2842 πλοῖα
1245 2796 1376 2851 μακρά
1396 2801 1415 2850 ]

756 2862 867 2899 conf.
896 2862 961 2910 V1,
995 2859 1063 2900 48.
1100 2859 1181 2905 VII,
1202 2860 1252 2898 21
1286 2857 1417 2910 ibique

756 2918 881 2957 allata.
939 2915 1002 2954 Ad
1022 2911 1151 2993 §tpchffl
1173 2915 1213 2951 ἰιι
1233 2927 1339 2967 seqq.
1366 2916 1416 2954 cf.

1040 2974 1091 3012 37
