1815 3181
410 230 493 270 254

804 225 1273 262 HERODOTI

415 337 460 380 οἱ
486 334 651 390 Σάμιοι
686 336 847 389 μοῦνοι
884 331 1042 377 Ἰώνων
1079 333 1342 391 ἐστάλησαν,
1390 333 1476 377 σῦν
1515 334 1563 378 δέ
1597 345 1678 390 σφι

284 411 348 455 23
409 404 642 458 Μιλησίων
678 402 723 444 οἱ
753 399 1077 457 ἐκπεφευγότες.

80 474 311 546 ibiqulffaztnwl
295 483 333 503 ‘³¹¹
412 471 640 526 συνήνεικε
665 467 885 524 γενέσθαι.
939 467 1105 524 Σάμιοι
1122 469 1207 525 γάρ
1233 468 1512 525 κομιζόμενοι
1538 468 1581 520 ἐς
1600 473 1677 513 Σι-

1143 400 1214 445 Έν
1251 404 1287 460 ᾧ
1325 401 1499 446 τοιόνδε
1541 401 1595 458 δή
1635 418 1678 445 τι

412 539 580 593 κελίην,
619 536 820 591 ἐγίνοντο
851 535 899 579 ἐν
928 540 1143 591 Λοκροῖσι
1185 541 1300 580 τοῖσι
1322 534 1733 616 Ἐπιζεφυρίοισι,9ο

409 605 483 650 καὶ
513 608 773 660 Ζαγκλαῖοι,
810 603 938 648 αὐτοί
966 620 1010 648 τε
1038 604 1113 647 καὶ
1142 602 1166 647 ὁ
1197 604 1398 659 βασιλεὺς
1427 602 1584 656 amab,
1613 607 1677 662 τῷ

409 672 580 728 οὕνομα
610 674 667 727 ῆν
694 671 902 728 Σκύθης,
941 670 1245 727 περιεκοιτέατο
1273 670 1402 716 πόλιν
1430 673 1520 714 τῶν
1547 674 1676 715 Σικε-

378 745 522 792 ἓλών,
561 739 719 791 ἐξελεῖν
759 739 1033 795 βουλόμενοι.
1093 739 1254 794 μαθων
1292 738 1339 782 δὲ
1367 739 1507 782 ταῦτα
1535 737 1560 782 ὁ
1586 736 1677 795 Ῥη-

406 810 508 864 γίου
527 805 747 863 τύραννος
772 805 1042 860 Ἀναξίλεως,
1073 805 1172 850 τότε
1200 806 1284 850 ἐών
1313 805 1532 862 διάφορος
1559 810 1673 850 τοῖσι

352 969 528 1010 τὴρῃἰε.“
585 971 721 1023 Neque
761 970 879 1020 igitur
916 981 1012 1020 opus

350 1041 440 1064 cum
459 1028 619 1064 Pauwio
637 1040 708 1078 pro
728 1029 799 1077 τῆς
828 1027 1013 1076 Σικελίης

349 1085 638 1134 τεεονὶὗετθτῆς
657 1081 830 1134 Ἰταλίης,
845 1090 890 1119 ut
904 1084 1011 1134 Tyr-

349 1140 483 1178 rhenia
502 1142 748 1191 intelligatur,
757 1152 846 1191 pars
863 1140 1007 1181 Italiae.

349 1199 462 1246 Nam,
482 1205 527 1235 ut
550 1199 648 1235 bene
675 1203 810 1235 mouet
829 1195 1008 1235 Bredow.

349 1255 465 1305 Spec.
497 1255 706 1305 Uranolog.
745 1252 890 1290 Herod.
920 1266 1010 1304 pag.

348 1312 491 1359 XXIV,
520 1312 630 1348 Italia
648 1311 729 1362 ipsa
752 1306 818 1362 (de
841 1322 916 1365 quo
937 1321 1012 1346 no—

347 1369 453 1404 mine
474 1368 577 1406 conf.
596 1373 692 1406 nott.
716 1365 765 1404 ad
781 1367 846 1414 IV,
870 1365 942 1415 15)
970 1366 1012 1402 in

347 1423 569 1476 Tyrrhenia
612 1425 739 1476 potius
780 1421 1010 1475 quaerenda,

348 1494 471 1533 quum
492 1482 584 1518 olim
608 1494 724 1518 omne
751 1481 841 1518 litus
873 1480 919 1517 ab
939 1481 1012 1516 Al-

346 1539 456 1589 pibus
476 1537 567 1575 inde
580 1551 702 1590 usque
723 1536 772 1574 ad
782 1537 925 1573 fretum
944 1537 1012 1574 Si·-

343 1596 478 1632 cuium
497 1593 693 1646 Tyrrheni
712 1595 903 1645 tenuerint
922 1606 1010 1630 ma-

345 1652 455 1703 rique
487 1651 686 1689 adiacenti³
711 1663 856 1688 nomen
887 1649 1009 1687 dede·-

345 1709 434 1745 rint.
456 1729 514 1737 —-
531 1705 685 1748 τούτων
710 1706 800 1745 dedi
827 1720 897 1759 pro
917 1721 1007 1747 του-

343 1762 458 1804 τέων.

550 1843 806 1896 Cap.XX11L

401 1931 580 1986 ἐγίνοντο
610 1931 655 1972 ἐν
685 1935 883 1985 Λοκροῖσι
902 1933 1004 1972 τοῖσι

343 1984 686 2041 Ἐπιζεφυρίοισι]
728 1989 904 2041 ἐγίνοντο
932 2002 1003 2040 pro

345 2045 526 2099 ἐγένοντο
574 2045 705 2098 (quod
737 2044 933 2084 Schaefer.
966 2053 1004 2084 et

344 2101 482 2140 Matth.
519 2104 753 2153 tenuerunt)
793 2102 882 2140 dedi
912 2116 1003 2140 cum

343 2157 565 2208 Schweigh.
597 2165 634 2196 et
664 2159 802 2207 Gaisf„
831 2161 1002 2212 itemque

343 2228 438 2252 mox
459 2212 593 2254 αυτῶν
611 2228 681 2266 pro
712 2211 877 2254 αὔτέων.
936 2215 1000 2253 Ad

342 2273 417 2309 loci
429 2278 656 2309 structuram
666 2272 797 2308 confer
807 2273 854 2309 sis
863 2271 999 2310 Matth.

343 2330 410 2366 Gr.
432 2330 498 2366 Gr.
518 2341 606 2380 pag.
631 2327 753 2368 1114.
790 2330 888 2365 Nam
912 2341 1001 2365 sen-

343 2398 405 2422 sus
425 2392 502 2422 est:
534 2385 615 2428 Quo
645 2388 789 2434 tempore
811 2384 933 2422 Samii
953 2385 1004 2422 ad

343 2441 476 2479 Locros
512 2441 770 2491 Epizephyrios
804 2454 1002 2491 pervenere,

343 2499 522 2536 Zanclaei
537 2499 655 2535 urbem
675 2496 879 2536 Sicularum
906 2499 1003 2535 olm·-

342 2555 484 2593 debant.
515 2555 655 2592 Confer
674 2555 721 2591 sis
740 2561 837 2592 nott.
870 2553 919 2592 ad
938 2556 1002 2603 IV,

342 2611 410 2651 53.
457 2613 515 2648 De
535 2617 760 2662 argumento
780 2611 855 2648 loci
875 2624 918 2648 ac
929 2624 1002 2662 po-

341 2668 531 2705 tissimum
561 2667 608 2705 de
639 2668 776 2705 Zancle
797 2667 950 2705 condita
969 2670 1000 2706 1.

343 2725 542 2775 Millingen
571 2724 780 2775 disputasse
808 2725 927 2761 fertur
960 2726 999 2762 in

342 2781 558 2819 Transactt.
579 2782 622 2819 of
637 2780 701 2818 the
722 2782 827 2834 royal
844 2781 1000 2833 Society

342 2837 385 2874 of
398 2839 554 2878 Literat.
573 2839 691 2879 1829.
713 2837 752 2877 4.
773 2837 898 2876 Lond.
915 2839 1000 2877 Vol.

1065 966 1225 1005 secund.
1251 981 1311 1007 nr.
1343 969 1395 1005 X.
1450 966 1540 1006 Vid.
1560 968 1729 1008 Seebod.

1067 1031 1105 1062 et
1123 1023 1232 1063 Ialm.
1248 1025 1389 1064 Annal.
1411 1023 1559 1076 philoll.
1581 1033 1619 1063 et
1634 1038 1731 1078 pae-

1067 1080 1181 1131 dagg.
1211 1084 1331 1123 1831.
1358 1083 1378 1119 I
1406 1094 1498 1133 pag.
1529 1085 1610 1124 106
1648 1096 1730 1136 seq.

1061 1138 1155 1176 coll.
1185 1139 1338 1189 Grysar.
1368 1140 1429 1175 De
1443 1140 1640 1179 Dorienss.
1660 1152 1731 1177 co-

1063 1193 1194 1233 moed.
1222 1207 1312 1246 pag.
1336 1195 1412 1236 141
1437 1208 1517 1248 seq.
1554 1197 1614 1233 De
1633 1195 1732 1247 Hip-

1061 1255 1206 1302 pocrate
1235 1251 1337 1288 conf.
1365 1252 1446 1300 VII,
1469 1250 1562 1294 154.
1620 1251 1734 1291 Locri

1066 1308 1325 1359 Epizephyrii,
1373 1309 1441 1361 qui
1478 1309 1731 1361 antiquissimi

1069 1366 1245 1401 omnium
1275 1379 1296 1401 e
1324 1365 1484 1402 Graecia
1510 1366 1552 1402 in
1579 1366 1731 1403 Italiam

1068 1423 1340 1472 commigrasse
1360 1421 1561 1471 dicuntur,
1583 1421 1633 1461 ad
1650 1424 1732 1460 Ze-

1065 1477 1250 1530 phyrium
1293 1480 1623 1529 promontorium,
1667 1481 1731 1518 cui

1063 1547 1169 1572 nunc
1177 1548 1322 1572 nomeu
1338 1535 1438 1586 capo
1448 1535 1635 1585 Burzam,
1654 1535 1729 1574 ha-

1063 1592 1226 1629 bitantes
1246 1605 1269 1629 a
1297 1591 1436 1643 Rhegii
1456 1591 1600 1631 ditione
1615 1605 1728 1644 sepa-

1062 1649 1245 1685 rabantur
1279 1650 1423 1686 Halece
1459 1649 1592 1688 fluvIo.
1668 1651 1727 1687 De

1061 1706 1199 1757 quibus
1218 1706 1329 1757 plura
1360 1706 1513 1744 elaver.
1531 1707 1617 1746 Ital.
1640 1707 1727 1744 An-

1062 1763 1131 1814 tiq.
1159 1762 1227 1811 IV,
1263 1762 1313 1804 15
1343 1775 1433 1813 pag.
1482 1765 1585 1803 1301
1618 1776 1725 1816 seqq.

1060 1819 1251 1858 Mannert.
1274 1820 1417 1870 Geogr.
1436 1819 1506 1868 IX,
1525 1823 1553 1860 2
1581 1833 1621 1871 p.
1645 1822 1726 1862 186

1060 1889 1170 1929 seqq.
1221 1875 1404 1928 Scythae,
1443 1877 1726 1914 Zanclaeorum

1060 1935 1174 1983 regis,
1195 1946 1244 1970 ex
1262 1932 1344 1984 ipso
1364 1932 1562 1972 Herodoto
1582 1934 1726 1971 memi-

1059 1991 1117 2026 nit
1136 1991 1287 2027 Aelian.
1306 1990 1352 2028 V.
1373 1992 1424 2028 H.
1444 1991 1545 2038 VIII,
1569 1993 1634 2039 17,
1655 1990 1722 2028 ubi

1059 2053 1219 2084 annotat
1249 2048 1474 2085 Perizonius
1510 2046 1632 2085 videri
1658 2045 1722 2085 hic

1059 2102 1248 2154 Scytham
1267 2105 1416 2141 aDario
1437 2105 1626 2155 accepisse
1642 2104 1723 2141 im-

1056 2161 1207 2210 perium
1227 2167 1264 2196 et
1273 2172 1466 2197 summam
1484 2161 1525 2196 in
1542 2161 1640 2198 Coos
1648 2172 1723 2211 po-

1055 2223 1251 2264 testatem3
1281 2228 1371 2253 cum
1389 2216 1539 2254 xerxis·
1548 2223 1723 2268 tempore

1055 2273 1097 2308 in
1119 2272 1249 2310 Sicilia
1268 2272 1371 2323 apud
1399 2274 1590 2311 Gelonem
1607 2274 1722 2311 fuerit

1061 2328 1229 2366 Cadmus
1256 2328 1424 2381 Scythae
1453 2329 1575 2378 filius,
1607 2331 1674 2383 qui
1699 2342 1723 2368 a

1058 2392 1166 2436 patre
1182 2393 1379 2437 acceptam
1402 2385 1537 2424 habuit
1552 2387 1722 2424 Coorum

1060 2441 1316 2493 tyrannidem,
1338 2455 1460 2495 quam
1477 2444 1578 2481 ultro
1598 2443 1722 2495 depo-

1059 2500 1132 2535 suit
1152 2501 1268 2551 inque
1291 2500 1462 2538 Siciliam
1487 2514 1529 2538 se
1560 2501 1722 2539 contulit

1058 2561 1153 2593 teste
1173 2555 1369 2594 Herodoto
1388 2558 1470 2606 VH,
1498 2559 1592 2599 163.
1624 2555 1721 2598 165-

1057 2612 1110 2649 At
1138 2614 1396 2665 Wesselingio
1421 2613 1497 2652 hoc
1515 2613 1720 2665 speciosius

1056 2668 1208 2706 videtur
1228 2683 1344 2722 quam
1365 2673 1508 2716 verius,
1529 2683 1619 2708 cum
1638 2671 1720 2722 ipsa

1056 2738 1115 2762 res
1134 2727 1221 2764 satis
1249 2728 1372 2765 obstet
1399 2728 1590 2780 simulque
1616 2733 1719 2764 tem-

1056 2784 1156 2834 poris
1176 2784 1286 2821 ratio.

1112 2837 1200 2879 τότε
1222 2837 1303 2880 ἐών
1325 2837 1546 2892 διάφορος]
1576 2836 1665 2881 τότε
1692 2851 1715 2876 a
