1815 3181
369 178 425 218 28

762 171 1229 208 HERODOTI

374 284 472 336 „uoti
504 283 579 333 τὰς
600 279 820 330 παλλακὰς
850 280 922 322 καὶ
951 279 1028 331 τοὶς
1057 281 1282 334 κουριδίας
1303 283 1512 334 γυναῖκας
1531 278 1625 322 ἐσοὶ·

346 356 560 406 4,,γεσθαι
597 349 852 403 παρέδρους.

910 347 965 391 σύ
993 364 1078 390 νυν
1088 382 1098 398 ,

1142 340 1233 390 ιἐπεί
1274 365 1353 400 περ
1387 346 1628 402 προθύμως

374 419 481 475 ,,μὲν
510 417 678 470 ἐδέξαο,
715 415 909 472 μεγάλως
941 416 986 459 δε
1017 417 1225 468 ξεινίζεις,
1265 418 1404 467 διδοῖς
1433 431 1476 457 τε
1507 418 1625 470 βασι·
1638 423 1681 455 25

344 496 400 540 5,)

404 486 467 530 λὲϊ
493 486 666 541 Δαρείῳ
695 488 777 540 γῆν
805 500 849 527 τε
878 484 951 526 καὶ
979 481 1125 536 ὕδωρ,
1160 483 1258 525 ε’πεο
1288 482 1409 538 νόμῳ
1438 486 1499 540 τῷ
1527 482 1627 538 ἦμε-

369 552 547 622 ,,τε’ρῳ.“
604 550 714 595 Εἶπε
751 551 862 605 πρὸς
900 554 1036 593 ταῦτα
1070 548 1297 606 Ἀμύντης·
1337 544 1414 600 „²52
1446 549 1626 602 Πέρσαι,

370 610 529 664 ,,νόμος
559 610 636 664 μὲν
664 607 769 664 ἡμῖν
797 608 846 664 γε’
876 607 965 650 εστι
1007 605 1089 649 οὐκ
1121 607 1272 656 οὖτος,
1313 605 1422 649 αλλα
1451 609 1624 661 κεχωρί-

368 683 501 732 ,,σθαι
540 676 704 733 ἄνδρας
746 679 985 732 γυναικῶν·

1028 675 1118 718 επεί
1156 691 1199 717 τε
1228 676 1273 718 δὲ
1301 673 1444 729 ὑμεῖς,
1485 673 1626 725 εόντες

370 779 378 793 ,
400 745 616 796 δεσπόται,
647 744 933 801 προσχρῄζετε
965 743 1173 794 τουτέων,
1204 742 1412 795 παρέσται
1431 741 1538 797 ὑμῖν
1557 742 1683 785 καὶθο

342 817 576 867 6,,ταῦτα.“
633 814 776 863 Εἴπας
805 815 996 855 τοσαῦτα
1037 809 1060 853 ὁ
1093 809 1304 866 Ἀμύντης
1341 809 1625 865 μετεπέμπετο

369 881 445 933 τὰς
471 885 694 937 γυναῖκας.
735 877 843 924 αἵδ’
875 879 966 924 ἐπεί
987 894 1031 922 τε
1060 877 1317 935 καλεόμεναι
1339 873 1503 934 ἦλθον,
1534 878 1626 921 ἐπε-

315 1092 391 1128 scio
421 1104 469 1127 311
501 1089 661 1127 adscribi
692 1087 846 1136 debeat,
895 1089 971 1141 quit

313 1149 444 1184 Persas
463 1148 629 1183 multum
657 1147 697 1181 in
718 1159 832 1181 omne
854 1146 970 1182 luxu-

315 1206 393 1240 riae
414 1217 532 1254 genus
553 1203 745 1254 prolapsos
768 1203 971 1238 055011011-

315 1274 412 1297 mus.
451 1260 538 1297 vid.
557 1266 653 1296 nott.
675 1257 723 1294 ad
743 1260 771 1305 I,
797 1261 897 1305 1333
927 1272 969 1295 30

313 1330 402 1354 sane
425 1316 526 1367 apud
551 1315 716 1352 eundem
736 1317 970 1351 Brissonium

314 1375 385 1410 alia
406 1386 558 1425 quoque
580 1379 726 1409 exstant
754 1373 970 1408 testimonia

314 1429 492 1481 (Ioseph.
519 1431 650 1480 Antiq.
680 1429 748 1474 XI,
779 1431 816 1468 6.
836 1430 967 1466 Iustin-

314 1488 414 1533 XLI,
437 1490 460 1527 3
483 1487 505 1531 §
528 1487 585 1536 2),
607 1499 704 1537 quae
723 1486 855 1522 Persas
876 1487 968 1521 olim

313 1545 540 1581 severiorem
569 1555 732 1579 servasse
752 1543 877 1591 legem
899 1541 968 1578 de-

314 1601 457 1637 clarant
478 1612 617 1651 eosque
639 1612 706 1649 pro
729 1600 967 1635 orientalium

313 1655 516 1693 homiuum
542 1669 650 1692 more
669 1656 845 1691 mulieres
868 1668 889 1691 3
908 1657 969 1692 vi-

313 1726 441 1749 rormn
481 1719 685 1762 conspectu
712 1711 878 1762 indeque
910 1719 968 1748 et·-

312 1771 390 1805 iam
427 1783 448 1805 a
485 1770 665 1805 conviviis
704 1767 835 1804 sedulo
873 1770 966 1804 reti-

312 1827 436 1862 nuisse
449 1824 665 1861 ostendunt.
687 1824 765 1861 Sed
778 1826 845 1860 ista
860 1831 966 1874 post-

312 1881 440 1928 modo,
462 1889 503 1917 ut
523 1882 575 1928 fit,
596 1883 635 1917 111
657 1881 887 1917 oblivionem
898 1894 967 1917 ve—

312 1940 409 1975 nisse
438 1939 516 1974 veri
537 1938 578 1973 fit
605 1938 863 1983 simillimum,
895 1938 968 1973 nisi

313 1996 469 2031 0111111110
491 1995 639 2039 Persas,
672 2007 747 2045 quo
768 1994 903 2030 melius
925 2007 967 2030 30

312 2052 478 2088 securius
508 2051 760 2101 voluptatibus
787 2052 860 2087 suis
880 2064 970 2101 per-

313 2108 546 2153 fruerentur,
575 2108 691 2142 talem
710 2107 848 2156 legem,
870 2120 968 2158 quae

315 2165 488 2200 mulieres
510 2162 556 2199 311
579 2176 737 2199 coenam
756 2162 887 2199 induci
907 2165 968 2199 iu-

315 2221 439 2266 beret,
492 2219 642 2256 finxisse
674 2226 737 2255 aut
774 2220 968 2256 simulasse

314 2284 463 2313 statuas.
484 2298 539 2303 —
569 2275 629 2312 Ad
650 2276 812 2311 formam
831 2291 968 2325 προτι-

314 2329 486 2383 θώμεθα
503 2333 645 2368 consul.
666 2331 801 2368 Matth.
822 2346 858 2382 p.
871 2332 964 2372 407.

315 2390 420 2434 Quae
451 2391 602 2426 Graecis
622 2390 667 2424 sit
697 2389 879 2439 κουριδία
897 2403 968 2439 γυ-

316 2443 388 2496 νή,
419 2447 633 2482 notavimus
661 2444 710 2481 ad
739 2446 767 2492 I,
792 2444 883 2485 135.
912 2467 969 2471 ———

316 2503 357 2538 111
379 2515 484 2554 seqq.
507 2515 573 2553 pro
596 2501 722 2546 διδοῖς
751 2515 789 2539 τε
811 2502 968 2537 Floren-

315 2560 426 2605 tinus,
451 2560 524 2606 alii,
547 2558 671 2603 διδοῖς
684 2555 738 2603 δὲ,
761 2556 863 2608 quod
879 2570 968 2607 pro-

316 2616 472 2652 babilius
492 2614 639 2652 videtur
668 2612 969 2664 Schweighaeu-

315 2685 409 2708 SPYO-

352 2724 496 2795 νόμος
520 2724 590 2777 μὲν
611 2725 709 2778 ’ἡμῖν
736 2723 778 2777 γέ
797 2724 875 2764 ἐστι
896 2721 969 2764 ου’κ

317 2798 434 2830 ουτος
454 2799 487 2822 κ.
507 2799 539 2822 τ.
560 2784 613 2832 λ.]
657 2785 711 2819 lta
741 2783 888 2819 locutus
918 2789 971 2819 est

1025 1089 1212 1140 Amyntas
1232 1087 1411 1135 Macedo,
1435 1089 1680 1136 Graecorum,

1027 1146 1163 1196 quibus
1192 1159 1230 1182 se
1258 1146 1447 1182 accenseri
1477 1145 1681 1182 voluerunt

1026 1215 1133 1251 reges
1153 1201 1420 1249 Macedoniae,
1449 1214 1598 1238 morem
1618 1215 1682 1238 re-

1026 1259 1208 1309 spiciens'‚
1241 1258 1287 1295 de
1309 1272 1384 1310 quo
1406 1259 1457 1295 sic
1478 1260 1563 1295 satis
1582 1259 1681 1294 iuter

1027 1328 1159 1352 omues
1179 1323 1336 1352 constat.
1361 1317 1440 1351 Nec
1461 1316 1567 1351 aliter
1585 1313 1682 1351 Phi-

1025 1371 1199 1408 lodamus
1231 1371 1333 1423 apud
1363 1372 1482 1408 Cicer.
1511 1373 1553 1408 111
1571 1372 1680 1409 Verr.

1024 1430 1071 1475 II,
1097 1432 1132 1475 1,
1153 1431 1221 1475 26,
1242 1430 1397 1479 negavit
1438 1430 1580 1475 „moris
1601 1442 1680 1466 esse

1026 1487 1259 1522 Graecorum
1278 1515 1288 1533 ,
1344 1492 1388 1522 ut
1425 1486 1464 1521 in
1506 1487 1680 1523 convivio

1023 1543 1194 1578 virorum
1232 1543 1500 1579 accumberent
1537 1542 1679 1579 mulie-

1023 1600 1122 1635 res.“

1082 1709 1168 1749 ἒπεί
1189 1725 1228 1748 τε
1240 1707 1282 1748 δὲ
1300 1707 1426 1760 ὑμεῖς,
1445 1707 1577 1756 ἐόντες
1589 1725 1623 1748 κ.
1643 1726 1678 1749 τ.

1024 1767 1087 1815 L]
1122 1765 1236 1813 ,,ε’πεί
1264 1780 1303 1804 τε
1335 1763 1377 1804 δὲ
1410 1779 1478 1816 pro
1501 1768 1677 1816 quoniam,

1023 1822 1299 1874 quandoquidem
1323 1822 1411 1858 alibi
1431 1822 1532 1873 apud
1552 1823 1678 1859 Hero-

1025 1879 1158 1916 dotum
1177 1893 1256 1916 11011
1267 1880 1419 1928 legitur,
1441 1878 1543 1929 apud
1563 1892 1681 1930 quem

1023 1937 1123 1973 valet
1166 1939 1362 1986 postquam.
1375 1937 1398 1954 “
1455 1937 1506 1972 H.
1544 1936 1680 1986 Apetz.

1024 1991 1138 2029 Haud
1157 1993 1338 2028 assentior
1358 1991 1551 2043 equidem.
1592 1991 1680 2029 Vid.

1023 2048 1158 2086 Matth.
1181 2050 1247 2085 Gr.
1269 2049 1336 2085 Gr.
1366 2050 1388 2093 ὃ
1411 2050 1491 2089 618
1511 2063 1549 2099 Ρ.
1573 2047 1680 2090 1254

1026 2113 1062 2142 et
1082 2104 1224 2142 Herod.
1254 2106 1319 2151 III,
1344 2105 1437 2146 156.
1456 2105 1502 2152 V,
1525 2107 1590 2145 39.
1613 2106 1680 2152 91,

1025 2164 1090 2214 qui
1110 2164 1213 2199 locus
1235 2168 1270 2198 et
1290 2163 1369 2211 ipse
1387 2162 1592 2212 Apetzium
1622 2161 1682 2197 of·—

1023 2219 1156 2255 fendit.
1176 2240 1232 2245 —-
1265 2219 1359 2254 Mox
1394 2231 1483 2254 cum
1522 2224 1679 2254 recentt.

1024 2275 1111 2312 edd.
1142 2276 1287 2311 restitui
1308 2269 1583 2329 προσχρῄζετε,
1615 2274 1681 2310 ubi

1024 2331 1217 2368 Schaefer.
1241 2330 1287 2368 de
1307 2344 1375 2367 suo
1395 2331 1681 2382 προσχρηΐζετε,

1025 2396 1067 2424 ut
1086 2389 1130 2436 V,
1152 2390 1204 2427 20
1224 2383 1372 2442 χρήσας
1401 2400 1469 2439 pro
1500 2387 1679 2437 χρηίσας.

1025 2446 1122 2482 111110
1154 2457 1287 2481 vereor
1314 2451 1357 2480 ut
1383 2451 1481 2481 recte
1507 2443 1680 2481 dederim

1026 2503 1054 2547 Ι,
1077 2504 1124 2541 41
1149 2502 1292 2550 χρηίζω
1312 2514 1381 2551 pro
1402 2496 1544 2555 χρῄζω,
1575 2498 1679 2552 quod

1025 2558 1152 2607 scripti
1171 2557 1255 2593 libri
1282 2563 1450 2594 tuentur.
1507 2558 1551 2594 In
1572 2569 1678 2608 seqq.

1024 2627 1114 2650 cum
1145 2611 1362 2664 Schweigh.
1399 2620 1435 2650 et
1455 2613 1570 2651 Gaisf.
1591 2611 1680 2650 dedi

1025 2668 1284 2719 μετεπέμπετο
1300 2684 1369 2721 pro
1391 2668 1677 2721 μετεπέμψατο,

1028 2725 1129 2777 quod
1150 2725 1342 2765 Schaefer.
1364 2734 1401 2764 et
1432 2724 1566 2766 Matth.
1587 2726 1678 2762 reti-

1027 2788 1203 2819 fluerunt.
