1815 3181
423 139 506 179 184

815 144 1283 185 HERODOTI

417 244 468 296 „6
487 246 700 298 Κύψελος,
731 253 932 301 τοιοῦτος
963 251 1018 307 δή
1047 269 1114 305 τις
1144 254 1255 311 ἁνήρ
1273 258 1460 314 ἐγένετο·
1491 265 1681 317 πολλοὺς

417 312 523 367 ,μὲν
535 315 787 366 Κορινθίων
799 317 957 370 ἐδίωξε,
980 322 1171 374 πολλοὺς
1191 326 1236 368 δὲ
1255 328 1487 382 χρημάτων
1509 328 1681 376 ἀπεστέ-

364 385 573 436 22,,ρησε,
607 385 752 440 πολλῷ
782 381 826 425 δ’
857 385 919 429 ἔτι
947 390 1175 442 πλείστους
1202 397 1277 448 τῆς
1305 399 1457 451 ψυχῆς.
1502 396 1679 453 ’Ἀρξαν-

357 539 639 577 Corinthiorum
649 541 799 580 civitate
810 549 1012 584 usurum.“

353 597 479 647 Atque
499 596 572 633 hoc
595 599 663 634 erit
690 600 848 640 παίδων
869 617 913 654 γε
939 602 1012 653 μὲν

354 648 484 691 ου’κέτι
523 654 674 701 παῖδες.
687 656 709 674 “
787 659 833 693 In
874 661 1010 710 quibus

353 707 449 744 mihi
487 722 641 761 quoque
688 715 1010 764 acquiescendum

348 764 509 802 videtur.
575 768 709 818 Neque
748 771 850 806 enim
884 774 1009 823 placet

351 821 477 857 Corais
497 824 736 860 coniectura:
782 829 938 868 παίδων
964 845 1008 882 γε

348 875 438 927 μὲν
469 872 563 917 οὖν
584 879 663 918 ἔτι
685 883 825 929 παῖδες
856 886 1007 935 „etplus

347 946 464 970 encore
483 933 531 970 les
551 935 688 985 ensants
709 938 751 974 de
769 953 821 977 ses
839 941 1006 990 enfants“

347 1002 463 1040 quam
477 991 611 1041 quibus
624 994 825 1043 probatam
834 997 898 1033 ille
911 1012 1005 1036 cen-

344 1053 399 1082 set
417 1047 507 1083 locis
526 1048 631 1087 Iliad.
644 1052 732 1099 XX,
754 1055 850 1093 307.
871 1055 1004 1106 virgil.

343 1103 440 1140 Aen.
472 1105 537 1152 III,
560 1107 625 1146 98.
657 1108 766 1158 Tyrt.
792 1111 902 1162 Eleg.
935 1115 1001 1162 111,

345 1161 409 1199 30.
439 1160 536 1197 Plat.
572 1163 691 1214 Epist.
714 1165 784 1202 VII
813 1167 865 1203 T.
890 1170 945 1205 ΠΙ
958 1168 1003 1221 p.

343 1214 424 1255 334
444 1217 504 1264 D„
534 1218 561 1253 ii
590 1221 749 1258 minime
776 1221 854 1261 huc
874 1225 1001 1264 facere

341 1270 533 1310 videntur.

395 1327 566 1378 πολλοὺς
584 1328 717 1380 μὲν-
735 1333 902 1387 ἐδίωξε]
924 1339 950 1377 i.
964 1354 999 1378 e.

339 1384 466 1422 multos
488 1409 544 1414 —
573 1389 710 1439 expulit
734 1393 840 1438 urbe,
880 1398 996 1446 eiecit,

338 1447 380 1476 ut
398 1442 466 1488 IX,
490 1446 544 1484 77
564 1443 631 1481 fin.
669 1447 797 1499 Atque
810 1448 886 1488 huc
906 1467 997 1504 spe-

337 1503 413 1533 ctat
438 1500 620 1551 Polyaeni
647 1507 812 1543 narratio
841 1509 887 1557 V,
925 1512 993 1559 31,

335 1552 540 1604 Cypselum
573 1559 810 1599 nobilissimis
832 1567 993 1617 quibus-

335 1621 408 1660 que
432 1611 690 1665 (Bacehiadis,
713 1626 754 1655 ut
773 1623 886 1672 puto)
910 1625 991 1660 eie—

333 1667 400 1702 ctis
419 1666 549 1706 secure
568 1675 811 1723 tyrannidem
833 1680 989 1717 obtinu—

331 1723 414 1759 isse.
472 1726 573 1764 Add.
607 1729 743 1769 Suidas
777 1748 806 1770 s.
828 1749 866 1773 v.
899 1740 988 1776 Κυ-

331 1781 505 1828 ψελιδῶν
546 1779 741 1838 ἀνάθημα
782 1791 833 1828 Τ.
871 1795 908 1829 ΙΙ
946 1809 986 1846 p.

330 1833 425 1876 406.
472 1840 540 1876 Illa
574 1855 727 1896 quoque
758 1855 880 1886 aetate
908 1852 990 1887 De-

329 1900 517 1932 maratum
556 1898 686 1949 illum,
745 1906 851 1942 cuius
890 1908 989 1946 filius

328 1947 558 2001 Tarquinius
605 1957 869 1999 Romanorum
919 1978 989 2002 rex

327 2003 445 2043 factus
484 2017 556 2057 est,
600 2013 782 2054 Corintho
813 2020 852 2055 in
881 2023 987 2058 Itali-

327 2072 389 2095 am
410 2066 559 2102 cessisse
581 2080 746 2109 narrant.
796 2076 861 2113 Tu
882 2080 984 2117 conf.

326 2118 564 2165 potissimum
585 2126 741 2178 Dionys.
763 2133 886 2171 Halic.
910 2137 982 2181 III,

325 2170 378 2212 46
406 2188 485 2228 seq.
513 2180 637 2219 Strab.
668 2186 700 2221 V
728 2200 765 2237 p.
784 2191 864 2230 336
885 2192 931 2228 B.
950 2206 981 2229 s.

324 2241 411 2279 pag·
443 2235 534 2282 219,
568 2244 603 2273 et
632 2253 727 2290 quae
757 2245 829 2281 alia
857 2249 981 2286 attulit

318 2285 511 2336 'Wagner.
542 2293 597 2329 De
628 2297 822 2338 Periandr.
845 2317 931 2354 pag.
954 2306 979 2346 5

322 2348 401 2378 Πθῐ-
434 2346 499 2386 25·
528 2370 582 2376 ἢ
640 2353 700 2390 Ad
731 2370 868 2396 vocem
895 2371 979 2412 ψυ-

319 2399 391 2447 χῆς
412 2400 522 2451 (uita)
544 2408 642 2445 cons.
672 2412 737 2460 ΙΙΙ,
762 2416 854 2456 130,

363 2562 577 2618 ’Ἀρξαντος
626 2572 668 2614 δὲ
713 2577 855 2623 τούτου
910 2586 976 2626 ἐπὶ

320 2618 525 2671 τριήκοντα
546 2627 657 2679 ἔτεα]
689 2635 745 2672 De
766 2637 974 2680 chronolo—

318 2677 376 2723 gia
408 2692 540 2728 regum
572 2686 741 2727 Corinthi
771 2698 847 2745 egit
875 2700 973 2736 Lar-

319 2731 419 2771 cher.
451 2738 548 2777 Tab.
576 2741 707 2783 chron.
740 2763 822 2802 cap.
863 2757 911 2796 18
931 2771 970 2807 p.

1071 551 1152 593 515
1183 566 1264 606 seq.
1295 562 1333 593 et
1376 557 1417 592 in
1444 565 1537 596 nota
1568 559 1616 597 ad
1646 560 1686 599 h.
1707 563 1732 603 l.

1068 607 1228 646 Diodori
1264 611 1481 663 fragmento
1526 617 1611 654 libri
1650 620 1732 668 VII,

1071 664 1175 715 quod
1199 666 1247 703 ad
1270 670 1306 714 ξ.
1336 672 1363 709 2
1394 672 1601 722 attulimus,
1632 676 1732 714 bene

1067 721 1243 764 confisus.
1261 725 1385 764 Aleten
1396 728 1460 764 ille
1470 731 1579 779 ponit
1592 731 1731 770 Corin-

1065 775 1121 813 thi
1134 791 1265 829 regem
1280 785 1386 823 1060
1397 797 1430 820 a.
1445 785 1589 835 Chr.n.,
1603 786 1618 839 (
1624 792 1702 830 107
1703 791 1730 832 4

1065 846 1099 870 a.
1116 833 1204 873 Chr.
1229 850 1281 886 n.,
1304 840 1334 875 si
1355 841 1601 892 Wagnerum
1619 848 1727 898 sequi

1061 892 1173 928 malis
1183 894 1222 929 in
1239 895 1407 945 Specim.
1419 901 1626 938 rerr.Corin
1633 901 1726 954 th.p.

1063 948 1117 988 82
1127 949 1238 1002 seq.),
1256 951 1500 1004 Bacchiadas,
1521 965 1726 1011 postquam

1060 1003 1189 1043 Aletes
1211 1008 1368 1061 eiusque
1396 1025 1627 1052 successores
1656 1031 1726 1068 per

1061 1063 1144 1102 327
1166 1075 1286 1102 annos
1315 1080 1480 1117 regnum
1511 1078 1723 1122 tenuerant,

1059 1130 1189 1156 rerum
1209 1124 1348 1171 potitos
1369 1138 1470 1163 anno
1492 1129 1571 1169 833
1593 1142 1615 1165 a
1634 1129 1723 1169 Chr.

1058 1187 1098 1210 n.
1115 1205 1125 1222 ,
1149 1177 1286 1216 eiectos
1309 1193 1330 1216 a
1352 1181 1498 1233 Cypselo
1518 1197 1620 1223 anno
1641 1190 1721 1229 663

1058 1243 1092 1267 a.
1106 1231 1194 1270 Chr.
1209 1248 1262 1283 n.,
1286 1238 1352 1288 qui
1370 1247 1456 1289 post
1474 1237 1629 1291 triginta
1650 1256 1723 1280 an-

1056 1300 1197 1327 norum
1218 1306 1383 1343 regumn
1403 1296 1484 1348 ipse
1505 1299 1598 1336 obiit
1618 1313 1720 1338 anno

1056 1346 1136 1385 633
1159 1360 1180 1383 a
1202 1347 1316 1387 Chn:
1350 1365 1426 1403 quo
1457 1353 1596 1392 eodem
1616 1370 1720 1395 anno

1053 1406 1232 1442 successit
1242 1408 1462 1458 Periander,
1481 1425 1597 1463 quem
1611 1427 1720 1452 mor·
1791 1432 1795 1441 ¹

1051 1464 1163 1496 tuum
1205 1465 1314 1513 ponit
1360 1465 1466 1503 idem
1503 1469 1718 1510 Larcherus

1051 1527 1153 1553 anno
1184 1518 1266 1561 563
1305 1534 1340 1559 a.
1364 1521 1453 1561 Chr.
1487 1525 1596 1564 conf.
1617 1535 1714 1568 nott.

1049 1571 1098 1608 ad
1130 1575 1196 1622 ΙΙΙ,
1226 1574 1293 1628 48.
1353 1580 1547 1632 Equidem
1578 1586 1714 1623 malim

1047 1641 1138 1667 culn
1161 1632 1202 1668 C.
1225 1633 1269 1670 Ο.
1290 1635 1451 1674 Mijllero
1477 1639 1623 1689 facere,
1645 1643 1711 1694 qui

1044 1687 1194 1736 melius,
1221 1691 1371 1741 opinor,
1412 1695 1467 1731 ita
1490 1703 1711 1748 temporum

1044 1744 1208 1781 rationes
1219 1750 1424 1798 constituit,
1446 1755 1620 1804 quamvis
1629 1757 1711 1792 He-

1043 1799 1168 1838 rodoti
1186 1806 1447 1844 narrationem
1472 1808 1520 1845 de
1546 1811 1708 1863 Cypselo

1048 1857 1335 1912 Cypselidisque
1348 1863 1396 1900 ad
1407 1873 1582 1904 exactam
1596 1867 1709 1907 chro—

1045 1915 1244 1966 nologiam
1274 1918 1406 1957 referri
1434 1935 1545 1972 posse
1579 1933 1707 1976 neget.

1044 1970 1130 2008 Vid.
1165 1973 1359 2024 Aeginett.
1398 1991 1488 2029 pag.
1520 1983 1587 2021 66.
1615 1984 1706 2022 Dor.

1044 2028 1061 2062 I
1081 2041 1169 2079 pag.
1185 2032 1263 2070 168
1285 2039 1333 2080 et,
1355 2036 1423 2085 qui
1434 2049 1525 2073 eum
1537 2041 1707 2090 sequitur

1041 2085 1229 2135 Wagner.
1250 2089 1309 2124 De
1320 2090 1517 2130 Periandr.
1536 2108 1625 2145 pag.
1639 2099 1703 2137 11.

1041 2139 1109 2179 24.
1146 2143 1215 2183 25.
1276 2147 1410 2198 Itaque
1451 2150 1603 2200 Cypseli
1640 2166 1703 2189 re-

1038 2210 1162 2246 gnum
1183 2200 1378 2239 exorditur
1398 2205 1444 2240 ab
1461 2206 1614 2258 Olymp.
1636 2211 1702 2258 30,

1039 2255 1062 2291 3
1102 2255 1181 2291 sive
1218 2269 1319 2295 anno
1351 2260 1431 2300 658
1463 2275 1498 2299 a.
1529 2262 1618 2302 Chr.
1647 2279 1700 2314 n.,

1039 2310 1339 2365 Cypselidaeque
1359 2330 1428 2366 per
1462 2323 1699 2372 septuaginta

1035 2379 1103 2402 sex
1124 2380 1243 2406 annos
1265 2370 1399 2410 additis
1419 2387 1487 2412 sex
1506 2379 1699 2417 mensibus

1035 2422 1240 2473 imperium
1268 2434 1495 2480 tenuerunt,
1535 2435 1697 2472 PerIan-

1035 2478 1103 2516 der
1141 2494 1302 2532 regnare
1345 2487 1512 2539 incoepit
1542 2492 1695 2543 Olymp.

1033 2538 1100 2584 38,
1126 2539 1143 2576 1
1166 2552 1196 2574 s-
1219 2542 1299 2580 628
1321 2555 1355 2579 a.
1376 2543 1465 2581 Chr.
1481 2559 1521 2582 n.
1542 2554 1578 2584 et
1604 2549 1697 2586 obiit

1033 2592 1091 2628 Ol.
1113 2591 1179 2641 48,
1201 2594 1226 2634 4
1257 2609 1286 2633 5.
1308 2599 1390 2640 584
1419 2614 1451 2641 a.
1475 2601 1563 2641 Chr.
1583 2617 1623 2641 n.
1656 2612 1694 2642 et

1031 2647 1272 2688 Schultziu'm
1292 2656 1322 2691 si
1342 2669 1557 2708 sequamur,
1579 2661 1694 2712 Spec.

1029 2705 1212 2756 Apparat.
1234 2711 1316 2747 crit.
1332 2726 1370 2762 p.
1392 2716 1457 2762 37,
1485 2717 1694 2755 Periander

1029 2761 1108 2798 iam
1140 2777 1242 2802 anno
1277 2766 1358 2809 593
1390 2782 1424 2807 a.
1448 2770 1536 2810 Chr.
1557 2774 1597 2811 n.
1628 2782 1694 2813 aut
