1815 3181
327 339 395 385 60

124 405 178 431 aut
199 403 360 443 Aegyptiis

123 444 302 465 communia.

329 891 393 937 61

126 959 263 992 Ariston,
287 965 341 984 rex

126 994 273 1028 Spartae,
300 998 366 1017 cum

127 1027 200 1053 «luas
228 1026 366 1059 deinceps

125 1068 235 1088 uxores
261 1059 384 1087 steriles

455 228 540 268 3⁰8

852 224 1313 262 HERODOTI

453 336 597 392 φόρον
624 334 754 390 μετίει
782 330 946 388 πάσῃσι
974 335 1072 390 τῇσι
1106 332 1264 376 πόλισι.
1319 334 1631 390 Συμφέρονται
1661 336 1737 379 6ὲὸ

457 404 532 448 καὶ
571 402 672 445 τάδε
710 402 985 457 Αἰγυπτίοισι
1024 399 1381 456 Λακεδαιμόνιοι.
1434 403 1476 445 οἱ
1527 401 1711 458 κήρυκες

454 470 601 516 αὐτῶν
642 468 715 511 καὶ
765 467 947 524 αὐληταὶ
995 469 1067 511 καὶ
1119 467 1316 523 μάγειροι
1355 469 1601 513 ἐκδέκονται
1636 469 1712 520 τοὶς

446 537 674 590 ’πατρωίας
701 535 871 591 τέχνας·
913 535 987 578 καὶ
1016 534 1201 592 αὐλητής
1227 553 1271 580 τε
1302 536 1495 593 αὐλητέω
1534 538 1709 591 γίνεται,

454 604 527 649 καὶ
547 603 750 659 μάγειρος
775 605 996 659 μαγείρου,
1028 604 1100 646 καὶ
1122 602 1259 659 κήρυξ
1278 604 1488 660 κήρυκος·
1519 603 1575 647 ου’
1598 603 1709 647 κατά

447 672 792 728 λαμπροφωνίην
809 670 1056 726 ἐπιθέμενοι
1078 670 1199 714 ἄλλοι
1228 673 1360 727 σφέας
1380 673 1708 726 παρακληίουσι,

456 739 563 783 ἀλλὰ
604 738 713 783 κατὰ
745 738 796 781 τοὶ
836 738 995 794 πάτρια
1032 737 1303 784 ἐπιτελέουσι.
1362 743 1498 782 ταῦτα
1536 737 1615 793 μὲν
1655 737 1765 796 δήΙΟ

454 808 569 852 οὕτω
597 809 770 863 γίνεται.

541 875 648 919 Τότε
669 874 714 919 δὲ
739 871 819 917 τόν
838 874 1104 929 Κλεομένεα,
1138 871 1266 918 ἐόντα
1291 874 1337 917 ἐν
1361 876 1416 930 τῇ
1435 873 1605 929 Αἰγίνῃ,
1635 872 1711 916 καὶ

454 943 582 990 κοινοὶ
610 948 660 1000 τῇ
686 941 858 985 Ἑλλάδι
887 940 1030 998 ἀγαθοὶ
1061 939 1482 997 προσεργαζόμενον,
1511 940 1534 984 ὁ
1565 938 1710 997 Δημά-

457 1029 585 1069 ρητος
614 1009 804 1069 διέβαλε,
835 1008 917 1055 οὐκ
937 1010 1202 1068 Αἰγινητέων
1231 1009 1346 1054 οὕτω
1365 1008 1622 1065 κηδόμενος,
1652 1007 1710 1060 ὥς

397 1206 582 1251 tanquam
613 1198 756 1234 civibus
795 1196 1057 1235 eminentiori-

398 1258 469 1295 bus
485 1256 671 1305 assignata
685 1282 699 1299 ,
721 1254 881 1290 aliorum
900 1268 1055 1307 quoque

397 1311 607 1350 fundorum
633 1310 681 1348 ad
702 1311 978 1361 Spartanorum
1000 1312 1056 1348 ci-

397 1370 556 1407 vitatem
575 1375 640 1405 aut
652 1366 699 1404 ad
709 1369 851 1419 templa
859 1370 1057 1418 pertinen-

397 1427 495 1463 tium
533 1437 623 1463 cura
654 1425 806 1476 regibus
835 1431 930 1463 esset
967 1437 1057 1477 per-

398 1495 525 1520 mlssa.

571 1634 576 1638 .
625 1581 717 1634 Cap.
746 1582 830 1622 LX.

455 1703 680 1748 ἐκδέκονται
689 1702 759 1751 τὰς
778 1704 977 1757 πατρωΐας
993 1703 1052 1745 τέ·

400 1764 523 1815 χνας]
555 1762 665 1803 Conf.
685 1761 858 1799 Eustath.
881 1760 929 1798 ad
947 1763 992 1798 Il.
1012 1776 1052 1813 p.

402 1820 497 1867 538,
531 1821 584 1860 38
605 1833 634 1857 s.
655 1816 758 1866 408,
779 1821 834 1859 22
853 1830 938 1869 pag.
961 1821 1055 1865 808,

405 1877 458 1915 16
498 1889 528 1912 s.
567 1877 661 1921 729,
701 1877 739 1914 9.
795 1876 840 1911 In
879 1877 1055 1926 Aegypto

404 1929 622 1970 Sesostridis
651 1943 700 1967 ex
736 1931 907 1968 instituto
945 1933 1057 1967 iuva-

402 1988 515 2025 luisse
544 1987 686 2035 fertur,
733 1994 776 2024 ut
815 1987 913 2033 filius
943 1989 1058 2039 patris

404 2051 525 2081 artem
540 2045 723 2094 acciperet
734 2057 804 2080 nec
815 2044 935 2080 ullam
947 2046 1060 2081 aliam

405 2100 441 2136 ei
459 2107 617 2136 tractare
636 2101 778 2137 liceret.
834 2100 944 2137 conf.
965 2103 1061 2137 Dio-

406 2155 487 2193 dor.
524 2157 554 2203 Ι,
595 2154 650 2196 74
691 2163 728 2193 et
771 2156 991 2194 Dicaearch.
1019 2158 1060 2193 in

406 2210 538 2250 Schol.
548 2211 725 2261 Apollon.
737 2211 863 2249 Rhod.
874 2213 944 2257 IV,
955 2214 1034 2253 273
1049 2224 1059 2249 ε

407 2280 505 2320 quae
555 2267 684 2312 attulit,
711 2269 942 2318 VVesseling.
1000 2267 1063 2304 Ad

405 2326 603 2361 Laconum
610 2324 775 2361 instituta
783 2323 1064 2377 pertiuet‚quod

407 2381 545 2431 legitur
565 2380 645 2428 VII,
671 2379 761 2421 134.

463 2487 513 2532 οὔ
540 2487 638 2532 uate?
680 2493 997 2545 λαμπροφωνίην
1025 2509 1063 2534 κ.

407 2563 440 2588 τ.
471 2550 530 2595 λ.]
582 2550 740 2586 Restitui
777 2549 1004 2600 ἐπιθέμενοι
1040 2563 1063 2588 a

409 2603 627 2653 Schaefero,
658 2618 772 2657 quem
799 2606 979 2643 Matthiae
999 2621 1060 2644 se-

408 2662 562 2714 quitur,
599 2669 788 2699 mutatum
816 2664 856 2698 in
883 2659 1060 2702 ἐπιτιθέ-

410 2732 536 2769 μενοι.
590 2716 758 2763 Bekker.
796 2721 948 2756 retinuit
975 2719 1060 2758 ἔπι-

408 2772 625 2826 τιθὲμενοι.
703 2775 843 2813 Sensus
886 2776 959 2812 loci
997 2774 1058 2813 hic

410 2830 488 2867 fere
519 2837 596 2869 est:
623 2843 732 2884 neque
758 2831 828 2871 alii
853 2830 928 2884 (ob
955 2833 1058 2872 vocis

1111 1195 1346 1246 claritatem)
1361 1194 1558 1232 accedentes
1574 1192 1641 1243 (ad
1652 1207 1766 1246 prae-

1111 1254 1216 1291 conis
1251 1253 1416 1301 munus)
1449 1264 1502 1289 eos
1535 1251 1587 1299 (i.
1621 1265 1641 1287 e
1669 1252 1766 1288 filios

1094 1356 1101 1364 ι
1111 1309 1364 1361 praeconum)
1375 1307 1635 1356 excludanffab
1646 1305 1767 1344 hocce

1110 1367 1307 1418 praeconis
1338 1363 1523 1414 munere)
1563 1364 1623 1401 sed
1645 1377 1767 1402 secun-

1113 1423 1195 1460 dum
1200 1424 1325 1474 patria
1335 1423 1502 1459 instituta
1516 1419 1556 1457 id
1576 1433 1768 1470 exsequun-

1113 1483 1195 1527 tur,
1245 1491 1334 1515 cum
1371 1478 1452 1515 scil.
1488 1476 1585 1514 filius
1617 1489 1769 1528 semper

1110 1536 1288 1586 suscipiat
1297 1536 1410 1586 patris
1424 1535 1620 1585 praeconis
1633 1541 1768 1582 artem,

1111 1606 1239 1644 neque
1260 1593 1417 1629 omnino
1439 1599 1650 1641 quaeratur,
1670 1603 1768 1627 num

1109 1662 1179 1699 par
1197 1650 1244 1685 sit
1264 1647 1352 1684 huic
1373 1648 1522 1683 muneri
1552 1661 1601 1684 an
1628 1649 1768 1698 impar.

1109 1704 1172 1742 Ad
1195 1718 1331 1741 vocem
1359 1704 1676 1754 λαμπροφωνίην
1698 1704 1769 1743 C&-

1110 1761 1267 1799 confert.
1296 1761 1447 1796 Platon.
1474 1758 1621 1798 Phileb.
1651 1774 1690 1811 p.
1712 1762 1765 1802 51,

1111 1831 1198 1870 pag.
1222 1820 1301 1858 163
1333 1817 1580 1865 stamnum„
1622 1818 1686 1869 qui
1717 1828 1767 1855 ex

1111 1875 1312 1912 Aristotele
1358 1872 1488 1920 affert,
1527 1887 1638 1910 voces
1668 1877 1767 1923 λαμ-

1112 1927 1214 1982 προῖς
1232 1931 1381 1977 vocari,
1410 1927 1501 1970 ὅσαι
1524 1926 1659 1981 πόῤῥω
1679 1931 1767 1970 δια-

1113 1987 1288 2027 τείνουσι
1337 1985 1406 2025 καὶ
1433 1980 1564 2026 πάντα
1593 1989 1770 2038 πληροῦ-

1116 2056 1154 2083 σι
1196 2044 1266 2083 τόν
1308 2046 1453 2094 συνεχῆ
1481 2040 1623 2092 τόπον,
1662 2043 1767 2080 idem

1114 2101 1212 2137 bene
1233 2113 1381 2136 memor
1413 2099 1618 2138 Herodotei
1636 2101 1710 2138 loci
1730 2106 1768 2137 et

1115 2157 1221 2193 verbi
1241 2153 1666 2207 λαμπροφωνεύεσθαι,
1689 2167 1767 2208 quo

1115 2213 1254 2248 Moeris
1275 2224 1362 2262 pag.
1385 2211 1466 2253 436
1489 2213 1650 2262 explicat
1678 2225 1768 2249 ver-

1117 2269 1210 2304 bum
1218 2266 1478 2313 Demostheni,
1489 2270 1567 2306 aliis
1586 2269 1768 2322 frequen-

1117 2330 1239 2361 tatum
1259 2326 1514 2377 λαρυγγίζειν.

1335 2449 1427 2502 Cap.
1446 2450 1550 2488 LXI.
1614 2488 1619 2491 t

1178 2545 1275 2591 Τότε
1299 2548 1342 2590 δὲ
1367 2547 1432 2591 τὸν
1450 2546 1673 2603 Κλεομένεα
1684 2563 1720 2590 κ.
1731 2563 1766 2589 τ.

1114 2607 1168 2655 λ.]
1199 2609 1281 2644 Ηοο
1299 2607 1579 2645 annectendum
1596 2609 1653 2655 iis,
1666 2619 1766 2659 quae

1115 2676 1198 2714 cap.
1228 2664 1282 2705 50
1320 2671 1562 2714 enarrantur,
1603 2663 1765 2714 longiori
1794 2677 1798 2684 ¹

1115 2719 1343 2769 digressione
1355 2720 1402 2758 de
1415 2722 1687 2773 Spartanorum
1701 2733 1765 2756 re—

1112 2777 1221 2826 gIbus
1248 2778 1469 2830 interrupta.
1523 2775 1587 2815 Ad
1611 2775 1765 2829 διέβαλε

1113 2832 1213 2873 conf.
1233 2833 1296 2884 VI,
1317 2834 1386 2876 50.
1654 2853 1658 2857 ,
1684 2852 1686 2856 v
