1815 3181
415 198 498 237 146

415 303 648 360 „pem-zoam
688 302 928 357 θυγατέρες

983 302 1104 359 Θήβη
1141 317 1185 346 τε
1227 304 1300 347 καὶ
1341 304 1522 358 Αἴγινα·

825 194 1290 232 HERODOTI

1585 318 1681 345 του·
1695 306 1741 341 60

414 372 552 424 ,,τέων
582 369 810 425 ἀδελφεῶν
839 370 1052 424 ἐουσέων,
1092 371 1231 414 δοκέω
1272 369 1377 427 ἡμῖν
1418 369 1685 425 Αἰγινητέων

417 440 622 490 ,,δέεσθαι
651 436 729 480 τὸν
757 437 869 481 θεὸν
895 442 1053 495 χρῆσαι
1090 438 1402 495 τιμωρητήρων
1437 437 1680 493 γενέσθαι.“

384 506 485 549 3καὶ
516 503 572 548 οὐ
600 504 686 560 γάρ
715 521 780 555 τις
808 505 967 563 ταύτης
998 504 1190 561 ἀμείνων
1216 505 1370 563 γνώμη
1409 504 1553 549 ἐδόκεε
1582 505 1680 559 φαί-

411 579 581 624 νεσθαι,
614 571 773 616 αὐτίκα
802 574 1048 629 πέμψαντες
1075 572 1250 618 ἐδέοντο
1281 574 1564 629 Αἰγινητέων,
1594 573 1680 616 ἐπι-

417 639 676 696 καλεόμενοι
706 640 818 684 aaz&
846 640 894 685 τὸ
923 640 1189 698 χρηστήριόν
1226 653 1306 696 σφι
1345 639 1571 697 βοηθέειν,
1621 637 1682 690 ὥς

384 707 581 752 4ἐόντων
609 707 861 765 ἄγχιστέων.
911 710 955 752 οἱ
997 708 1045 752 δέ
1081 719 1162 764 σφι
1203 707 1397 753 αἰτέουσι
1424 707 1737 763 ἐπικουρίηνὸὂ

353 881 512 919 Diodor.
549 883 627 920 Sic.
667 883 733 930 IV,
772 885 840 923 72.
885 882 929 918 C.
973 882 1019 918 Ο

352 940 503 976 Mtiller.
533 940 727 990 Aeginett.
749 940 787 984 ξ.
808 942 835 980 2
853 951 942 989 pag.
968 940 1019 978 10

354 1009 433 1048 seq.
463 996 553 1033 coll.
588 996 689 1044 114,
718 997 786 1033 ubi
814 1002 948 1032 monet
969 1007 1018 1031 ex

355 1066 399 1090 eo
444 1052 536 1090 inde
565 1060 738 1104 tempore
775 1053 801 1088 i.
842 1066 876 1089 e.
918 1053 1018 1088 circa

353 1110 509 1160 Olymp.
553 1111 627 1158 68,
663 1109 690 1150 4
739 1110 1017 1159 Aeginetarum

354 1179 445 1204 cum
455 1165 653 1204 Thebanis
673 1167 857 1203 exstitisse
866 1164 1016 1211 foedus,

355 1224 584 1270 amicitiam,
614 1222 823 1274 hospitium
836 1252 845 1270 ,
876 1235 897 1258 a
920 1223 1017 1258 Pin—

356 1279 449 1317 daro
470 1278 661 1317 Thebano
677 1280 825 1330 saepius
845 1279 1018 1316 celebra-

352 1343 448 1383 tum,
480 1338 592 1374 Nem.
621 1337 685 1384 IV,
717 1339 785 1377 22.
815 1335 949 1373 Isthm.
969 1335 1016 1382 V,

352 1396 424 1433 27.
442 1394 524 1441 VH,
550 1395 622 1441 16,
669 1394 805 1444 quibus
825 1392 914 1429 add.
935 1394 1018 1428 He-

352 1449 437 1486 rod.
458 1451 520 1497 VI,
539 1452 605 1491 87.
664 1451 793 1501 Atque
812 1448 925 1486 huius
953 1462 1018 1486 so—

353 1508 497 1544 cietatis
517 1507 616 1543 inter
627 1507 833 1556 Aeginetas
854 1519 896 1543 ac
908 1504 1019 1543 The-

350 1563 471 1600 banos
498 1564 614 1599 initae
654 1576 784 1600 causas
817 1562 922 1600 idem
962 1564 1019 1599 vir

352 1619 485 1657 doctus
516 1621 583 1657 vix
609 1618 682 1657 hac
714 1633 764 1657 ex
791 1620 925 1657 fabula
954 1632 1019 1655 re-

350 1675 534 1728 petendas
574 1689 654 1713 esse
683 1683 837 1724 censet,
867 1675 934 1714 sed
969 1688 1018 1712 ex

351 1732 440 1770 odio
456 1763 464 1781 ,
496 1745 574 1785 quo
593 1740 756 1785 uterque
770 1734 935 1785 populus
944 1732 1016 1769 fla-

350 1791 468 1840 grarit
501 1791 542 1826 in
573 1788 845 1838 Athenienses,
888 1788 1017 1842 quod-

350 1859 427 1898 que
437 1847 499 1883 vel
512 1846 834 1884 Pisistratidarum
841 1854 1015 1897 tempore

350 1904 391 1939 in
420 1901 674 1940 Athenienses
701 1902 906 1940 habuerint
932 1904 1015 1939 Ae-

350 1961 524 2010 ginetae,
545 1959 650 1997 unde
671 1973 824 2013 quoque
843 1960 939 1997 illud
950 1973 1014 1996 re-

348 2015 583 2067 petendum,
616 2016 721 2068 quod
752 2024 841 2055 ante
861 2018 1014 2054 Persica

352 2074 452 2110 bella
472 2074 683 2123 Aeginetae
702 2075 936 2124 Argivorum
969 2086 1014 2111 ac

351 2128 633 2166 Thebanorum
694 2132 787 2167 socii
844 2129 1014 2181 indeque

352 2186 549 2237 Spartanis
580 2193 695 2237 atque
714 2186 1014 2224 Atheniensibus

353 2244 517 2293 oppositi
536 2242 689 2279 suerint.

409 2298 535 2338 δοκέω
568 2295 1013 2350 ’ἡμῖν-τιμωρητήρων

350 2355 565 2407 γενέσθαι]
607 2356 666 2391 De
692 2355 907 2402 infinitivo,
947 2356 1015 2406 qui

355 2413 498 2462 excipit
516 2412 678 2448 verbum
699 2412 844 2460 δοκεῖν,
866 2412 1013 2448 consul.

349 2468 487 2505 Matth.
507 2469 573 2504 Gr.
596 2469 661 2505 Gr.
690 2481 779 2519 pag.
799 2470 926 2516 1036,
949 2469 1015 2520 qui

350 2524 456 2562 idem
483 2538 571 2575 pag.
613 2524 720 2565 1055
750 2524 798 2561 de
827 2531 1014 2561 structura

350 2582 456 2619 verbi
479 2584 638 2620 δεῖσθαι
659 2588 696 2618 et
720 2593 809 2631 pag.
835 2581 940 2622 1053
962 2580 1011 2617 (le

351 2639 520 2688 genitivo
558 2634 910 2688 (τιμωρητήρων),
945 2639 1011 2689 qui

350 2695 539 2732 infinitivo
560 2693 723 2741 additur,
744 2695 909 2730 conferri
922 2701 1012 2745 pot-

353 2758 420 2788 est.
488 2752 532 2787 In
573 2753 748 2802 proxime
777 2763 884 2803 seqq.
921 2764 1011 2787 cum

350 2814 506 2845 recentt.
530 2807 617 2845 edd.
647 2806 825 2845 exhibui:
866 2803 1012 2861 ταύτης

1076 875 1255 933 ἆμείνων
1298 876 1438 932 γνώμη
1451 909 1462 929 ,
1523 881 1590 918 ubi
1619 880 1739 930 vulgo

1075 954 1214 990 γνωμη
1235 935 1381 988 ταύτης
1401 933 1593 989 οἷμείνων.

1132 995 1174 1034 οἷ
1198 993 1240 1034 δὲ
1253 1018 1303 1023 -
1316 992 1409 1041 τούς
1423 994 1619 1041 Αἰακίδας
1637 1005 1738 1044 συμ-

1073 1050 1244 1103 πέμπειν
1281 1051 1467 1101 ε’φασαν]
1529 1051 1738 1101 Attigimus

1072 1110 1144 1145 ista
1163 1110 1242 1145 iam
1260 1121 1374 1159 supra
1393 1107 1443 1145 ad
1462 1109 1514 1153 V,
1529 1111 1556 1149 7
1560 1107 1599 1149 5.
1653 1108 1739 1144 Hoc

1073 1166 1158 1202 loco
1180 1164 1356 1202 addimus
1372 1192 1383 1213 ,
1414 1165 1570 1202 eosdem
1597 1164 1738 1200 Aeaci-

1075 1221 1141 1259 das
1162 1223 1204 1271 (i.
1218 1236 1251 1259 e.
1275 1235 1408 1258 eorum
1428 1221 1554 1273 signa)
1577 1234 1600 1257 a
1614 1222 1738 1257 Grae-

1074 1280 1127 1316 cis
1147 1278 1196 1315 ad
1215 1291 1389 1330 pugnam
1410 1278 1739 1315 Salaminiamar-

1075 1337 1227 1372 cessitos
1254 1349 1355 1383 esse,
1395 1342 1490 1372 teste
1517 1333 1737 1371 Philostrat.

1074 1394 1251 1429 Heroicc.
1293 1394 1343 1432 19
1384 1405 1423 1442 p.
1463 1390 1546 1432 743
1585 1405 1615 1429 s.
1655 1392 1738 1432 258

1075 1451 1247 1486 Boisson.
1278 1449 1366 1485 coll.
1388 1447 1511 1500 Soph.
1530 1450 1579 1496 11,
1603 1451 1623 1488 1
1646 1459 1738 1498 pag.

1076 1505 1171 1547 546.
1214 1503 1421 1543 Plutarcho
1455 1506 1531 1543 Vit.
1570 1503 1738 1541 Themi·-

1074 1563 1182 1599 stocl.
1217 1563 1267 1603 15
1289 1575 1378 1613 pag.
1401 1565 1480 1603 119
1501 1563 1549 1598 Ε.
1577 1563 1739 1613 ipsoque

1075 1618 1273 1656 Herodoto
1304 1619 1404 1666 VIII,
1437 1617 1503 1658 64.
1524 1618 1592 1659 84.
1651 1619 1738 1664 Quo

1075 1675 1215 1712 eodem
1234 1676 1392 1713 consilio
1411 1676 1524 1711 Locri
1542 1675 1628 1711 Itali
1641 1675 1739 1711 Aia-

1073 1745 1159 1770 cem
1193 1733 1289 1769 Oilei
1322 1732 1446 1768 filium
1476 1733 1523 1768 ab
1561 1732 1738 1783 Opuntiis

1071 1790 1293 1840 impetrasse
1331 1795 1553 1836 narrantur,
1603 1789 1667 1825 cui
1693 1789 1738 1824 in

1071 1848 1152 1883 acie
1163 1847 1346 1883 instructa
1357 1841 1491 1896 χώρην
1511 1841 1634 1895 κενήν
1652 1844 1736 1894 (va-

1071 1916 1173 1940 cuum
1191 1902 1330 1953 locum)
1353 1903 1610 1954 reliquerunt,
1639 1908 1736 1938 teste

1070 1960 1220 1997 Conon.
1249 1961 1398 1996 Narrat.
1430 1960 1482 1998 18
1513 1959 1601 1996 coll.
1628 1959 1735 1994 Pau-

1067 2029 1149 2054 san.
1179 2017 1245 2064 111,
1270 2018 1321 2056 19
1342 2017 1379 2062 §.
1404 2017 1468 2054 11.

1125 2072 1188 2110 Ad
1207 2074 1307 2124 ipsos
1320 2070 1505 2108 Aeacidas
1521 2083 1735 2122 eorumque

1070 2131 1218 2166 cultum
1238 2128 1344 2180 quod
1365 2129 1511 2174 attinet,
1531 2140 1647 2164 nemo
1660 2140 1733 2163 ue-

1069 2188 1139 2223 scit
1168 2188 1343 2222 Aeacum
1380 2185 1554 2234 Aeginae
1586 2184 1733 2220 insulae

1070 2255 1203 2292 regem
1223 2243 1393 2292 primum
1419 2241 1510 2277 ferri
1530 2241 1734 2292 stirpisque

1069 2299 1380 2349 generosissimae
1399 2305 1595 2334 auctorem
1610 2296 1733 2346 (conf.

1070 2358 1114 2392 C.
1136 2356 1181 2392 O.
1211 2355 1361 2392 Miiller.
1391 2355 1587 2405 Aeginett.
1615 2366 1654 2405 p.
1675 2356 1726 2394 21

1069 2411 1196 2463 seqq.)
1225 2419 1374 2462 patrem
1402 2418 1439 2448 et
1467 2411 1594 2458 Pelei,
1626 2408 1730 2446 unde

1069 2468 1260 2516 Achilles,
1290 2475 1327 2505 et
1360 2469 1604 2512 Telamonis,
1625 2465 1729 2503 unde

1069 2526 1169 2562 Aiax
1188 2532 1417 2575 prognatus,
1443 2537 1566 2576 aeque
1583 2524 1647 2560 ille
1667 2529 1729 2560 at-

1068 2595 1143 2633 que
1172 2580 1342 2619 Achilles
1376 2583 1417 2618 in
1450 2582 1538 2618 belli
1568 2580 1730 2617 Troiani

1068 2639 1203 2675 fabulis
1242 2639 1413 2674 maxime
1451 2638 1662 2674 celebratus
1690 2642 1728 2674 et

1067 2697 1182 2746 stirpe
1202 2707 1387 2745 generosa
1406 2695 1576 2744 insignis.
1613 2693 1728 2730 Illum

1066 2765 1157 2788 vero
1178 2753 1350 2788 Aeacum
1371 2757 1407 2787 et
1435 2751 1561 2801 ipsum
1580 2748 1728 2786 divinos

1066 2806 1231 2846 honores
1250 2807 1353 2860 apud
1367 2808 1574 2858 Aeginetas
1591 2817 1728 2844 conse-
