1870 3249
360 200 1022 238 TERPSICHORE.
1083 200 1128 236 V.

1320 199 1377 239 85

116 310 252 362 ὦυτὸς
295 307 668 365 οὗνομαζόμενος,
720 307 802 352 οὐκ
848 307 989 359 ὦυτός
1031 306 1115 350 ἐών
1158 308 1375 364 ποταμός,

116 378 217 424 οὐδὲ
246 378 292 422 ἐκ
321 381 401 421 τοῦ
433 375 571 420 αὐτοῦ
601 377 735 431 ῥέων·

777 376 799 418 ὁ
831 377 911 431 μὲν
940 376 1025 430 γὰρ
1055 375 1270 430 πρότερος
1301 373 1376 419 αὐ-

113 451 201 491 τῶν
229 445 529 501 καταλεχθεὶς,
572 445 613 496 ἐξ
638 444 875 501 Ἀρμενίων
896 445 1005 499 ῥέει·
1047 443 1070 487 ὁ
1103 443 1144 487 δ’
1176 443 1376 497 ὕστερον,
1388 451 1435 484 30

83 515 160 558 8ἐκ
189 517 441 570 Ματιηνῶν.
482 512 505 556 ὁ
536 514 582 557 δὲ
612 512 814 568 τέταρτος
847 517 937 556 τῶν
966 516 1174 568 ποταμῶν
1205 512 1376 567 οὕνομα

109 581 191 638 ἔχει
223 578 417 637 Γύνδης,
457 580 536 624 τὸν
566 584 714 634 Κῦρος
745 580 914 636 διέλαβέ
945 596 1045 623 κοτε
1086 580 1128 631 ἐς
1158 579 1375 635 διώρυχας

108 648 315 705 ἑξήκοντα
342 650 417 693 καὶ
444 650 705 704 τριηκοσίας.

763 646 833 690 Ἐκ
863 648 909 691 δὲ
939 646 1099 704 ταύτης
1128 652 1203 704 τῆς
1228 645 1376 703 Ἀρμε-

106 718 201 772 νίης
223 715 478 773 ἐσβάλλοντι
509 716 551 767 ἐς
578 715 656 772 τὴν
687 716 920 772 Ματιηνὴν
939 720 1048 772 γῆν,
1084 717 1273 770 σταθμοί
1295 716 1377 758 εἶσι

79 785 316 839 9τέσσερες.
357 784 404 828 ἐκ
438 784 484 827 δὲ
514 784 673 841 ταύτης
716 786 760 836 ἐς
789 786 868 842 τὴν
900 787 1086 840 Κισσίην
1115 783 1264 839 χώρην
1302 800 1374 838 με-
1387 789 1430 825 35

106 855 383 908 ταβαίνοντι,
426 852 578 895 ἕνδεκα
622 854 832 909 σταθμοὶ,
885 850 1164 908 παρασάγγαι
1203 851 1249 895 δὲ
1292 851 1374 895 δύο

106 921 177 963 καὶ
208 919 522 975 τεσσεράκοντα
552 921 624 964 καὶ
645 920 778 977 ἥμισύ
809 921 898 964 ἐστι
929 921 997 964 ἐπὶ
1027 920 1227 975 ποταμὸν
1258 919 1372 961 Χοά-

106 1000 242 1043 σπην,
286 987 413 1031 ἐόντα
457 989 531 1032 καὶ
570 993 731 1032 τοῦτον
780 990 910 1044 νηυσὶ
951 987 1163 1043 περητόν·
1216 986 1286 1030 ἐπ’
1337 982 1372 1044 ᾧ

52 1063 95 1096 10
107 1058 260 1098 Σοῦσα
290 1055 413 1107 πόλις
441 1055 709 1100 πεπόλισται.

775 1051 910 1099 Οὗτοι
932 1058 976 1099 οἷ
999 1056 1157 1106 πάντες
1182 1056 1373 1110 σταθμοί

105 1123 188 1165 εἰσι
217 1122 370 1167 ἕνδεκα
399 1124 472 1166 καὶ
512 1123 681 1168 ἑκατόν.
727 1125 976 1180 καταγωγαὶ
1015 1123 1094 1180 μέν
1125 1139 1208 1166 νυν
1236 1128 1365 1166 σταθ-
1383 1126 1427 1163 40

50 1292 83 1336 δ’
102 1293 284 1351 ὕστερον)
307 1299 509 1335 eMatienis
528 1285 706 1349 prolluit3

49 1355 217 1405 sequitur
229 1354 406 1406 deinceps
425 1362 579 1406 quartus
595 1357 707 1408 Gyn-

53 1408 130 1447 des.
201 1412 257 1448 Ita
296 1413 371 1449 loci
409 1425 564 1448 sensum
603 1420 706 1450 recte

51 1467 325 1506 constituerunt
339 1469 505 1519 Breiger.
528 1470 553 1506 l.
571 1469 595 1505 l.
616 1483 705 1520 pag.

50 1523 105 1564 50
124 1537 203 1576 seq.
221 1532 257 1562 et
265 1524 445 1562 Larcher.
466 1538 486 1561 e
499 1527 604 1563 cuius
616 1540 706 1563 sen-

46 1581 163 1616 tentia
197 1583 386 1619 Heerenio
426 1595 580 1634 quoque
614 1597 706 1634 pro-

45 1635 133 1672 bat&
151 1638 182 1684 Ι,
212 1640 238 1677 2
256 1651 347 1690 pag.
364 1641 445 1679 223
464 1637 526 1675 hic
543 1640 705 1691 intelligi

44 1693 239 1743 probabile
262 1695 303 1732 fit
332 1695 514 1733 Zabatum
543 1699 703 1735 maiorem

45 1749 181 1801 (quem
200 1751 420 1803 Xenophon
454 1761 644 1790 memorat
663 1755 703 1790 in

45 1806 212 1844 Anabas.
227 1809 275 1855 ΙΙ,
289 1809 326 1854 5,
351 1812 385 1855 1,
403 1808 553 1846 ubivid.
569 1811 702 1846 Zeune

46 1869 84 1898 et
93 1864 259 1913 Kriiger)
276 1872 313 1901 et
329 1864 511 1902 Zabatum
525 1868 702 1913 minorem,

46 1924 253 1971 utrumque
274 1921 384 1970 Tigri
404 1934 443 1956 se
462 1923 702 1959 miscentem.

46 1975 162 2011 Illum
199 1989 302 2013 nunc
348 1978 474 2012 vocari
518 1984 703 2014 testantur

46 2031 139 2079 Zab,
156 2030 272 2081 hunc,
303 2033 467 2070 Turcica
483 2033 616 2083 lingua
638 2035 703 2071 Al-

44 2090 141 2124 tun—
158 2087 234 2125 Soa
284 2090 310 2126 i.
340 2103 373 2126 e.
407 2091 488 2126 auri
527 2091 700 2128 fluvium.

43 2145 100 2180 De
124 2144 253 2195 Gynde
272 2144 351 2182 vid.
372 2153 467 2182 nott.
489 2145 537 2183 ad
557 2149 586 2194 I,
609 2150 700 2188 189.

42 2222 97 2228 —
126 2202 202 2238 Pro
223 2197 376 2241 αὐτέων
392 2201 480 2240 dedi·
501 2199 645 2242 αὐτῶν.

98 2300 138 2350 ἐξ
162 2298 375 2354 Ἀρμενίων
401 2302 509 2355 ῥέει]
550 2303 701 2342 Eodem

42 2358 157 2396 modo
183 2361 319 2397 Noster
331 2361 480 2398 locutus
496 2368 550 2398 est
564 2363 592 2410 I,
607 2364 699 2411 180,

41 2414 107 2452 sed
117 2418 211 2461 I‚72
223 2416 269 2453 de
279 2418 421 2469 Halye:
453 2416 533 2469 ῤ’έει
554 2417 593 2465 ἐξ
613 2413 699 2469 Ἀρ-

40 2473 180 2522 μενίου
191 2470 331 2525 οὔρεος
341 2491 353 2522 ,·
374 2475 509 2526 quibus
518 2475 609 2512 locis
620 2488 699 2511 non

38 2535 117 2566 tam
135 2529 182 2566 de
205 2531 362 2580 regione
373 2532 568 2578 Armenia,
580 2545 698 2583 quam

38 2584 86 2622 de
105 2587 299 2624 montibus
319 2588 510 2625 Armeniis
531 2590 593 2638 agi
613 2602 698 2625 cre-

38 2640 150 2690 dam,
190 2644 264 2679 nisi
294 2645 452 2681 omnino
481 2647 603 2695 gentis
632 2643 696 2682 hic

37 2712 180 2736 nomen
192 2700 353 2751 intelligi
372 2699 519 2748 debeat,
545 2708 588 2738 ut
601 2714 697 2738 mox

38 2755 76 2791 in
105 2757 228 2793 verbis
250 2755 293 2796 ἐκ
321 2759 548 2807 Ματιηνῶν
570 2757 647 2806 (cf.
664 2760 695 2805 Ι,

42 2814 133 2853 189.
153 2811 265 2865 202),
283 2826 404 2866 aeque
425 2826 468 2851 ac
488 2814 534 2863 V,
547 2812 614 2864 49,
631 2815 696 2851 ubi

767 1298 808 1339 οἷ
826 1294 1038 1351 Ἀρμένιοι.
1098 1299 1163 1336 Tu
1199 1298 1300 1334 conf.
1331 1304 1428 1335 nott.

765 1355 814 1392 ad
828 1359 857 1405 Ι,
876 1361 945 1398 72.
966 1378 1022 1383 ——
1080 1355 1143 1392 Ad
1163 1355 1324 1391 verbum
1353 1353 1428 1393 διέ-

763 1414 858 1463 λαβε
880 1414 1092 1462 (dissecuit,
1127 1411 1293 1460 diduxit)
1325 1411 1426 1448 conf.

762 1471 792 1518 Ι,
819 1473 909 1511 190.
937 1473 1020 1511 202
1051 1476 1088 1506 et
1118 1469 1167 1507 ad
1192 1469 1427 1505 locutionem

761 1522 878 1573 πόλις
921 1521 1159 1566 πεπόλισται
1207 1526 1320 1563 citata
1377 1523 1426 1562 ad

762 1584 808 1631 v,
833 1582 897 1624 14.

820 1678 947 1723 Οὗτοι
959 1681 1152 1737 οζποῖντες
1163 1683 1337 1734 σταθμοί
1350 1682 1426 1722 εἶσι

762 1740 902 1781 ἕνδεκα
923 1740 991 1780 καὶ
1015 1739 1172 1789 ἑκατόν]
1195 1742 1331 1789 „Ratio
1344 1753 1424 1776 non

761 1805 918 1835 constat.
977 1797 1186 1834 Mansiones
1208 1799 1286 1834 sive
1303 1800 1423 1835 σταθ-

761 1853 828 1905 μοὶ
858 1856 897 1890 in
930 1853 1246 1903 praecedentibus
1283 1852 1423 1889 dunta-

760 1917 829 1947 xat
870 1910 1052 1946 LXXXI.
1113 1911 1249 1961 Neque
1277 1921 1423 1945 conve-

758 1967 815 2002 nit
828 1978 1128 2016 parasangarmn
1147 1977 1320 2002 summa:
1351 1979 1422 2002 nu-

758 2029 956 2058 merantur
1007 2029 1159 2058 tantum
1219 2022 1420 2059 CCCXIII.

760 2080 856 2124 Quia
876 2086 1005 2115 tamen
1011 2080 1234 2128 parasangis
1245 2079 1342 2129 quad
1346 2081 1419 2116 rin-

758 2137 877 2184 gentis
899 2142 935 2171 et
953 2136 1219 2185 quinquaginta
1232 2164 1242 2182 ,
1269 2142 1361 2187 quot
1381 2149 1421 2172 se

758 2193 926 2243 posuisse
937 2192 1137 2241 significat,
1159 2199 1332 2228 accurate
1341 2199 1420 2229 sta-

759 2248 911 2285 diorum
924 2249 1096 2286 collectio
1113 2250 1302 2299 congruit‚
1320 2249 1418 2285 bene

757 2306 813 2342 illi
843 2304 998 2342 habent.
1056 2306 1156 2342 Vitia
1183 2307 1222 2341 in
1247 2307 1417 2342 mansio—

756 2375 853 2399 num
866 2369 903 2398 et
917 2374 1216 2413 parasangarum
1235 2363 1416 2411 numeris,

756 2420 832 2456 suis
863 2419 956 2455 olim
992 2419 1084 2455 locis
1120 2419 1216 2455 iuste
1249 2420 1416 2469 signatis,

755 2475 900 2512 inflicta
928 2474 1105 2522 haerent,
1144 2476 1303 2512 aliorum
1334 2476 1415 2512 for-

756 2539 852 2569 tasse
860 2539 1064 2569 msstorum
1077 2533 1218 2568 auxilio
1229 2531 1391 2568 eluenda
1403 2545 1414 2580 3

754 2590 872 2626 nostri
894 2590 997 2624 enim
1017 2589 1056 2624 in
1078 2587 1216 2625 eodem
1243 2595 1331 2625 sunt
1351 2589 1413 2624 lu-

753 2647 842 2682 to.“
898 2644 1192 2694 lVesseling.
1260 2646 1304 2680 In
1335 2657 1412 2695 quo

753 2702 824 2739 viri
835 2700 1041 2738 doctissimi
1063 2700 1202 2737 iudicio
1213 2700 1317 2737 haud
1332 2702 1410 2738 scio

754 2771 803 2795 an
823 2759 868 2795 sit
888 2756 1224 2809 acquiescendum,
1238 2770 1411 2808 praeser-

752 2816 822 2852 tim
838 2827 972 2867 quum,
992 2815 1091 2851 bene
1103 2821 1287 2851 monente
1307 2816 1410 2851 Hee—
