1851 3181
463 275 547 315 580
861 269 1324 309 HERODOTI

337 385 404 429 98
461 379 604 437 ἐφάνη
638 379 860 434 τρισχίλια.
925 381 1025 422 Τῶν
1055 377 1102 422 δὲ
1134 376 1424 422 ἐπιπλεόντων
1437 376 1542 434 μετά
1562 393 1611 434 γε
1630 376 1787 430 τούς-30

135 448 413 512 ffissffifjgjrgffl·
471 446 757 503 στρατηγοὺς,
789 447 880 489 οἵδε
912 440 1026 503 ἦσαν
1057 448 1100 490 οῖ
1131 445 1483 501 ὀνομαστότατοι·
1515 444 1734 497 Σιδώνιος

470 514 797 570 Τετράμνηστος
823 512 1033 568 Ἀνύσου,
1074 515 1147 558 καὶ
1197 512 1356 568 Τύριος
1386 513 1553 570 Μάπην
1582 512 1732 567 Σιρώ-

463 600 573 639 μου,
613 582 686 625 καὶ
714 580 909 634 Ἀράδιος
941 584 1176 639 Μέρβαλος
1201 580 1443 637 Ἀγβάλου,
1485 582 1558 625 καὶ
1602 582 1730 634 Κίλιξ
1786 573 1851 618 545

463 650 700 700 Συέννεσις
736 647 1076 705 Ὠρομέδοντος,
1118 651 1191 694 καὶ
1231 650 1397 702 Λύκιος
1427 651 1730 706 Κυβερνίσκος

463 719 602 761 Σίκα·
644 716 716 759 καὶ
746 716 952 772 Κύπριοι,
987 718 1155 774 Ῑόργος
1187 735 1230 762 τε
1262 717 1284 762 ὁ
1318 719 1516 773 Χέρσιος,
1547 719 1622 762 καὶ
1655 723 1729 762 Τι-
1743 724 1786 759 35

463 785 610 842 μῶναξ
631 784 654 828 ὁ
675 783 950 840 Τιμαγόρεω·
980 787 1053 830 καὶ
1083 790 1263 841 Καρῶν,
1288 785 1488 837 Ἱστιαῖός
1513 803 1557 830 τε
1586 787 1610 831 ὁ
1641 786 1732 831 Τύ-

463 870 603 910 μνεω,
640 853 712 896 καὶ
754 855 924 909 Πίγρης
957 854 980 897 ὁ
1010 853 1275 909 Σελδεόμου,
1307 855 1380 898 καὶ
1408 857 1731 911 Δαμασίθυμος

336 923 402 968 99
462 920 485 966 ὁ
519 919 801 965 Κανδαύλεω.
867 924 966 964 Τῶν
991 921 1070 977 μέν
1087 938 1171 964 νυν
1200 922 1342 965 ἄλλων
1368 920 1424 965 ου’
1453 921 1732 978 παραμέμνη-

135 986 307 1015 Artemisia.
329 988 403 1027 ⁰¹‘·-
470 1007 548 1046 μαι
578 988 865 1044 ταξιαρχέων,
916 988 974 1039 ὦς
1014 987 1095 1032 οὐκ
1126 986 1494 1044 ἀναγκαζόμενος·
1540 989 1789 1046 Ἄρτεμι-40

154 1021 206 1048 ida
221 1021 286 1048 eius
301 1021 405 1049 ditium

132 1030 281 1123 Ξῖίέῗξὲἷῖ
300 1056 406 1118 ῗὲξξθ,
465 1060 558 1114 σίης
589 1059 656 1110 δὲ,
691 1060 765 1113 τῆς
794 1056 979 1112 μάλιστα
1010 1061 1171 1113 θωῦμα
1201 1061 1408 1112 ποιεῦμαι
1439 1057 1507 1101 ἐπὶ
1536 1057 1614 1114 τήν
1637 1057 1732 1102 Ἑλ·-

131 1121 201 1150 ¹³¹¹‘·
463 1124 577 1170 λάὸα
607 1125 991 1181 στρατευσαμένης,
1022 1123 1253 1180 γυναικός·
1282 1124 1390 1181 ἥτις,
1425 1123 1732 1176 οἷποθανόντος

462 1198 544 1238 τοῦ
584 1191 771 1247 ἀνδρὸς,
813 1191 921 1250 αὐτή
974 1209 1018 1236 τε
1058 1192 1217 1248 ἔχουσα
1248 1193 1329 1250 τήν
1359 1194 1621 1249 τυραννίδα,
1659 1192 1734 1237 καὶ

462 1261 617 1313 παιδὸς
654 1259 930 1316 ὑπάρχοντος
978 1262 1182 1318 νεηνίεω,
1221 1259 1307 1306 ὑπὸ
1343 1259 1534 1317 λήματός
1573 1277 1618 1306 τε
1656 1260 1732 1306 καὶ

406 1433 489 1479 VII,
511 1434 564 1473 60
593 1439 631 1470 et
652 1432 699 1471 de
718 1436 877 1474 navium
905 1450 1068 1475 numero
1126 1437 1261 1475 maior.
1291 1438 1309 1474 I
1336 1450 1425 1489 pag.
1449 1440 1543 1480 170.
1576 1438 1613 1474 Π
1633 1450 1672 1488 p.
1692 1437 1789 1477 399.

407 1497 502 1526 nott.
525 1488 573 1526 ad
596 1491 626 1527 V
627 1491 674 1540 II,
697 1494 764 1533 87.
1125 1496 1225 1531 Hinc
1246 1502 1347 1531 recte
1368 1507 1544 1547 quoque,
1573 1495 1647 1531 alia
1666 1499 1709 1530 ut
1727 1499 1790 1529 ta-

590 1581 683 1632 Cap.
713 1583 752 1619 X
756 1582 887 1621 CVIII·
1126 1565 1247 1599 ceam,
1270 1548 1522 1599 Πλειστῶναξ
1541 1547 1789 1588 inPlutarch·

463 1654 628 1710 Μᾶπην
640 1657 848 1713 Σιρώμου]
880 1663 956 1699 Pro
970 1659 1069 1702 Mo}-

405 1730 487 1765 πην
518 1716 712 1754 Mediceus
741 1715 943 1770 Μάρτην,
978 1720 1072 1756 Flo-

405 1772 576 1809 rentinus
600 1787 688 1810 cum
708 1776 826 1811 tribus
846 1777 926 1812 aliis
951 1770 1071 1814 Μάτ-

402 1843 489 1878 την.
546 1830 621 1866 Pro
655 1827 845 1882 Σιρώμου
876 1831 978 1882 apud
1006 1834 1072 1868 Io-

405 1883 513 1934 seph.
535 1899 569 1923 c.
590 1887 731 1936 Apion.
747 1891 796 1928 18
819 1890 1071 1938 regisnomeu

406 1948 528 1978 exstat
552 1940 744 1994 Εἰρώμου
765 1957 793 1980 s.
808 1944 967 1982 Hz'rami.
1024 1948 1069 1981 ln

405 2010 500 2033 voce
524 1998 739 2049 Μέρβαλος
760 2000 911 2052 (quam
931 2015 980 2038 ex
1001 2015 1070 2038 eo-

405 2052 497 2090 dem
526 2054 677 2105 Ioseph.
710 2070 744 2093 c.
764 2058 905 2108 Apion.
935 2061 986 2098 21
1010 2059 1070 2094 af-

403 2110 477 2146 fert
514 2112 773 2162 VVesseling.)
814 2121 853 2151 et
887 2110 1069 2165 Ἀράδιος

408 2163 452 2215 (i.
475 2179 508 2202 e.
529 2168 651 2205 Arado
669 2198 678 2216 ,
698 2169 906 2207 Phoenicum
929 2172 1065 2221 oppid0‚

405 2223 605 2269 oriundus)
643 2225 854 2263 admodum
881 2227 1068 2264 fluctuant

401 2278 489 2316 libri
507 2281 647 2329 scripti.
690 2283 751 2318 De
769 2282 946 2333 Syennesi
964 2284 1066 2323 conf.

404 2336 434 2383 1,
467 2334 536 2376 74.
564 2337 608 2385 V,
642 2339 736 2379 118.
756 2359 812 2366 —-
868 2341 943 2377 Pro
974 2339 1070 2380 ἔσαν

405 2391 514 2429 initio
537 2405 620 2443 cap.
644 2392 733 2431 dedi
752 2388 870 2445 ἦσαν.

462 2467 614 2521 Γόργος
640 2486 681 2511 τε
704 2470 728 2511 ὅ
745 2471 929 2525 Χέρσιος]
952 2475 1009 2512 Cf.
1022 2475 1067 2523 V,

407 2526 499 2567 104.
520 2529 621 2577 xm,
645 2531 709 2568 11.
769 2529 879 2573 Quod
899 2532 1068 2582 sequitur

409 2579 608 2636 Τιμῶναξ,
631 2583 853 2637 Schweigh.
885 2594 921 2624 et
949 2589 1066 2627 Gaisf.

405 2640 454 2677 ob
475 2640 614 2679 codicis
634 2643 844 2679 Florentini
863 2645 1069 2681 auctorita-

404 2703 484 2734 tem
493 2699 721 2750 scripserunt
734 2700 927 2751 Τιμῶναξ.
943 2702 1068 2753 Equi-

405 2751 495 2790 dem
532 2768 622 2792 cum
654 2754 836 2793 Matthiae
873 2757 1068 2808 vulgatam

405 2810 630 2861 scripturam
650 2813 788 2849 retinui
808 2813 905 2850 bene
919 2826 1069 2851 memor

405 2869 597 2920 praecepti
612 2869 883 2912 Buttmann.in
894 2870 1067 2910 Gramm.

1124 1609 1292 1660 Lycurg.
1313 1611 1381 1648 20.

1325 1697 1419 1749 Cap.
1450 1697 1592 1735 XCIX.

1185 1772 1239 1822 ὥς
1261 1771 1335 1814 οὐκ
1352 1772 1690 1828 οἷναγκαζόμενος]
1715 1777 1792 1814 At·-

1126 1833 1196 1881 figi
1226 1833 1265 1868 iu
1285 1839 1365 1869 not.
1387 1832 1436 1870 ad
1455 1834 1536 1881 Vll,
1559 1835 1626 1874 96.
1684 1833 1792 1879 Quae

1127 1890 1299 1940 sequitur
1329 1888 1376 1925 de
1405 1890 1597 1927 Artemisia
1624 1891 1791 1928 narratio

1126 1945 1255 1996 prodit
1282 1948 1506 1997 scriptorem
1525 1947 1789 1984 Halicarnasso
1824 1945 1829 1949 ’

1127 2001 1335 2039 oriundum
1350 2002 1517 2056 indeque
1525 2005 1565 2040 iu
1579 2004 1690 2040 rebus
1716 2015 1791 2055 pa-

1124 2060 1204 2096 triis
1232 2059 1450 2098 enarrandis
1485 2061 1790 2112 Artemisiaeque

1123 2115 1293 2152 facinore
1331 2116 1559 2154 celebrando
1598 2117 1669 2153 sibi
1704 2117 1790 2167 pla-

1125 2179 1290 2213 centem.
1356 2174 1532 2218 Quocum
1570 2173 1672 2210 conf.
1709 2174 1791 2210 Po-

1123 2229 1252 2280 lyaen.
1273 2230 1371 2277 Vm,
1402 2230 1454 2271 53
1487 2230 1574 2268 coll.
1593 2228 1787 2269 Plutarch.
1806 2237 1813 2243 ’

1126 2287 1162 2322 ll
1181 2299 1220 2336 p.
1242 2288 1323 2326 869
1343 2288 1387 2323 F.
1407 2293 1445 2323 et
1465 2289 1546 2328 873
1568 2288 1614 2324 E.
1631 2294 1668 2324 et
1687 2289 1790 2324 Har-

1126 2347 1272 2393 pocrat.
1292 2355 1320 2378 s.
1342 2356 1380 2378 v.
1404 2337 1669 2395 Ἀρτεμίσιον.
1688 2345 1790 2381 Hinc

1126 2410 1281 2450 quoque
1320 2396 1583 2448 diiudicanda,
1613 2413 1712 2454 quae
1741 2399 1790 2437 de
1850 2398 1851 2415 ¹

1126 2453 1263 2490 eadem
1278 2453 1469 2493 Artemisia
1490 2463 1639 2495 exstant
1652 2455 1790 2495 tradita

1125 2512 1223 2558 V111,
1248 2513 1314 2552 68.
1336 2514 1390 2554 87
1401 2526 1480 2564 seq.
1502 2515 1569 2554 93.
1593 2517 1666 2555 101
1679 2525 1786 2566 seqq.

1124 2588 1180 2595 —
1200 2569 1275 2604 Pro
1297 2571 1422 2621 θαῖμα
1443 2570 1587 2608 restitui
1607 2568 1786 2624 equidem

1123 2626 1287 2675 θωῦμα.
1846 2631 1851 2731 ¹

1182 2701 1249 2742 καὶ
1260 2700 1401 2751 παιδός
1420 2699 1671 2756 ὑπάρχοντος
1691 2719 1786 2756 νεη-

1125 2758 1247 2808 νίεω]
1271 2761 1384 2798 Hunc
1414 2763 1542 2799 vocari
1560 2761 1782 2810 Isygdamin,
1849 2773 1851 2804 1

1127 2817 1193 2868 qui
1210 2818 1339 2867 paucis
1358 2824 1444 2867 post
1471 2819 1578 2853 aunis
1597 2822 1782 2868 tyrannus
1850 2866 1851 2871 1

1126 2874 1308 2910 exstiterit
1336 2871 1598 2921 Halicarnassi,
1621 2870 1782 2910 arbitra·
1843 2879 1851 2933 (ι

1844 2940 1847 2947 >

1844 3018 1845 3026 ι

1840 3071 1851 3181 ,Ιτ
