1834 3258
547 235 813 272 ERATO.
873 235 946 272 VI.
1295 239 1378 278 369

0 351 51 397 12
204 344 524 401 Χειρωσοῖμενοι
569 344 613 387 δὲ
653 344 729 400 τὴν
762 344 996 400 Ἐρέτριαν,
1037 348 1107 390 καὶ
1139 348 1694 420 ἐπισχόντες7οξζέῡΐῑέἓθΕἱξίῑιξῖξζᾶ

119 416 262 472 ὀλίγας
290 415 474 471 ἡμέρας,
513 415 666 457 ἔπλεον
704 413 746 464 ἐς
775 413 855 470 τὴν
889 412 1105 471 Ἀττικὴν,
1144 417 1378 473 κατέργον-
1434 419 1694 481 ggflfffifffgifflgf

116 486 182 536 τές
211 500 253 526 τε
282 484 468 536 πολλὸν,
500 483 573 526 καὶ
595 483 819 533 δοκέοντες
837 483 972 526 ταυτοὶ
1004 483 1107 535 τούς
1125 484 1377 541 Ἀθηναίους

88 551 314 608 Ξποιήσειν
343 550 396 594 τὰ
438 551 511 594 καὶ
541 550 643 601 τοὺς
666 547 904 604 Ἐρετριέας
943 551 1164 607 ἐποίησαν.
1224 554 1296 597 καὶ
1323 550 1378 611 ἦν

115 623 197 679 γὰρ
231 625 254 671 ὁ
285 622 517 680 Μαραθών
555 617 898 674 ἐπιτηδειότατον
934 621 1094 675 χωρίον
1135 625 1209 678 τῆς
1246 621 1378 667 Ἀττι-

291 778 383 830 Cap.
406 778 485 815 CII.

113 829 366 885 κατέργοντές
376 850 415 874 τε
427 830 591 882 πολλόν]
618 833 715 871 Tres

56 889 141 925 libri
153 887 467 944 κατεργάζοντες,
483 892 606 928 forma
627 891 716 926 acti-

54 946 93 983 vi
123 959 333 999 sanequam
365 950 528 996 insolita,
577 960 717 999 quam-

56 1015 174 1054 quam
202 1003 292 1042 hinc
323 1007 455 1043 Vallae
482 1006 636 1042 fluxisse
656 1004 715 1041 vi-

56 1059 167 1097 detur
202 1063 483 1114 interpretatio,
545 1074 714 1111 magnam

51 1122 188 1170 partem
213 1124 456 1158 vastaverant.
504 1120 714 1169 Vulgatum

53 1174 327 1228 κατέργοντες,
366 1175 471 1229 quod
499 1177 629 1213 Ionice
657 1174 714 1212 di-

54 1239 159 1269 ctum
205 1239 260 1270 est
315 1247 385 1285 pro
433 1234 714 1286 κατείργοντες,

54 1290 270 1327 Gronovius
292 1290 464 1328 reddidit
495 1304 530 1328 se
561 1303 717 1328 coercen-

37 1351 126 1395 stes,
152 1347 454 1399 Wesselingius:
493 1348 715 1386 Athenienses

51 1407 90 1442 in
113 1407 302 1452 angustias
329 1409 486 1455 cogentes
516 1409 549 1441 et
576 1405 716 1441 conclu-

53 1461 194 1509 dentes,
228 1468 271 1498 ut
290 1462 335 1508 V,
356 1466 422 1509 63,
442 1463 510 1499 ubi
529 1460 605 1501 vid.
617 1467 714 1501 nott.

53 1516 277 1569 Thucydid.
311 1520 383 1567 VI,
417 1522 455 1560 6.
487 1519 633 1556 Iacobs.
674 1519 715 1554 in

52 1575 188 1612 Attico.
224 1589 262 1626 p.
284 1579 364 1617 361
398 1574 438 1613 h.
459 1576 484 1615 l.
506 1576 716 1626 suspicatur

53 1632 146 1668 olim
166 1631 282 1669 fuisse
301 1633 485 1683 scriptum
509 1631 715 1679 κατέρξον-

52 1687 114 1735 τὲς
133 1703 173 1727 τε
190 1685 264 1738 τήν
283 1685 414 1728 πόλιν.
428 1712 481 1717 -
507 1688 571 1725 Ad
592 1690 715 1739 ipsam

52 1743 237 1782 Herodoti
293 1747 553 1783 narrationem
609 1745 711 1782 conf.

51 1801 248 1840 Plutarch.
286 1804 401 1840 Arist.
435 1803 460 1844 5
499 1804 582 1844 init.
621 1815 710 1854 pag.

112 1935 137 1976 ὅ
163 1934 403 1990 Μαραθών]
435 1937 553 1973 Abest
574 1937 715 1973 articu-

54 1994 111 2030 lus
143 2005 164 2031 a
196 1992 344 2030 duobus
381 1992 508 2041 codd„
530 1994 715 2044 probante

53 2048 229 2088 Grashof.
251 2051 289 2086 in
310 2048 631 2090 Scl1ulzeit.1831
655 2063 714 2086 nr.

52 2109 104 2147 68
135 2120 222 2157 pag.
259 2107 353 2148 539.
412 2108 509 2143 Tres
540 2107 625 2143 libri
644 2119 713 2157 pro

52 2162 73 2202 ὁ
92 2162 255 2200 afferunt
274 2162 303 2213 ἦ
315 2193 323 2211 ‚
356 2176 476 2215 quum
497 2176 599 2210 sane,
620 2169 714 2200 teste

52 2219 227 2257 Eustath.
245 2219 294 2257 ad
315 2219 448 2272 Odyss.
469 2232 557 2271 pag.
591 2220 711 2266 1568,

51 2275 118 2324 44,
169 2276 193 2317 ὅ
235 2284 272 2313 et
310 2276 339 2328 ἦ
386 2273 606 2329 Μαραθών
637 2275 711 2313 dici

52 2339 180 2385 queat.
237 2333 349 2379 Quod
395 2347 486 2371 vero
536 2331 711 2370 Thomas

51 2391 155 2440 Mag.
189 2402 278 2440 pag.
299 2390 379 2431 597
406 2391 493 2427 coll.
521 2389 710 2441 Porphyr.

55 2447 207 2492 Quaest.
220 2448 397 2484 Homerr.
409 2448 497 2484 VIII
508 2463 528 2486 τ
538 2445 565 2498 η’
576 2462 598 2485 ν
612 2449 711 2484 Μα-

54 2504 227 2555 ραθῶνα
264 2505 374 2540 Iones
408 2502 545 2540 dixisse
585 2502 710 2550 tradit,

53 2575 74 2599 τ
86 2557 105 2600 ὁ
118 2575 141 2599 ν
155 2562 402 2611 Μαραθῶνα
422 2561 567 2597 Atticos
590 2557 710 2611 (unde

54 2629 143 2654 sane
165 2624 201 2654 et
221 2614 324 2652 hunc
343 2617 473 2653 locum
494 2623 531 2653 et
541 2617 604 2664 VI,
618 2619 710 2656 107.

60 2675 151 2714 120.
176 2676 268 2714 111.
295 2675 372 2713 113
391 2674 526 2723 refingi
558 2679 711 2723 oporte-

55 2730 148 2780 ret),
197 2730 295 2767 bene
328 2736 562 2766 monuerunt
599 2727 712 2765 Tho-

56 2797 141 2823 mae
185 2787 408 2837 interpretes
428 2815 438 2834 ‚
496 2786 711 2836 promiscue

56 2838 124 2881 τόν
148 2849 184 2880 et
199 2840 271 2894 τὴν
293 2843 430 2880 dixisse
451 2842 571 2880 videri
589 2843 711 2878 Iones.

111 2900 332 2937 Hanonor.
361 2901 428 2937 III.

777 775 826 810 Et
858 773 988 809 confer
1027 775 1074 811 sis
1106 788 1259 827 quoque
1297 774 1432 812 Matth.

779 832 845 866 Gr.
867 831 933 867 Gr.
954 843 1042 881 pag.
1064 834 1160 871 201.
1189 830 1354 869 Fischer.
1385 832 1435 869 ad

771 887 934 924 Weller.
964 889 981 922 I
1007 900 1095 938 pag.
1129 888 1222 929 385.
1257 888 1435 926 Herodo-

771 950 855 980 tum
876 944 1119 995 probabiliter
1139 944 1276 982 dixisse
1296 944 1325 996 ἦ
1337 948 1434 984 Μα-

774 998 944 1052 ραθών,
981 1002 1110 1038 statuit
1142 1002 1318 1039 Grashof.
1348 1003 1436 1050 1.1.,

771 1093 862 1117 cum
881 1080 1035 1117 urbium
1047 1080 1205 1117 nomina
1221 1081 1260 1116 in
1283 1096 1338 1119 ων
1363 1080 1433 1117 de—

769 1137 931 1173 sinentia
951 1136 1054 1187 apud
1082 1136 1323 1173 Herodotum
1353 1151 1433 1175 non

771 1201 851 1230 tam
869 1194 1071 1230 masculini
1105 1206 1223 1245 quam
1250 1194 1433 1231 foeminei

772 1252 848 1287 sint
876 1251 1038 1301 generis.
1096 1249 1194 1286 Mihi
1224 1250 1375 1288 videtur
1411 1249 1435 1290 ὁ

775 1304 994 1357 Μαραθών
1013 1319 1094 1344 non
1113 1315 1194 1344 tam
1215 1306 1262 1343 de
1292 1306 1434 1358 oppido

771 1365 853 1414 ipso
889 1377 1006 1416 quam
1046 1363 1094 1400 de
1133 1365 1239 1402 omni
1277 1366 1434 1416 regione

773 1420 1013 1458 Marathonia
1035 1419 1129 1468 dici,
1160 1428 1203 1458 ut
1222 1422 1287 1469 VI,
1313 1424 1407 1462 107.

829 1473 1144 1528 ἐπιτηδειότατον
1169 1501 1220 1505 ——
1243 1477 1434 1517 ἐνιππεῦ-

773 1535 857 1583 σαι]
891 1535 1001 1572 conf.
1013 1541 1110 1572 nott.
1131 1533 1180 1571 ad
1200 1535 1244 1581 V,
1266 1537 1333 1582 23,
1354 1536 1434 1571 Ae-

772 1592 862 1628 lian.
885 1593 932 1629 N.
949 1593 998 1629 A.
1027 1592 1094 1638 III,
1119 1594 1181 1639 16,
1203 1592 1269 1627 ubi
1288 1593 1434 1629 Iacobs.

773 1646 886 1685 huius
917 1649 993 1685 loci
1026 1662 1106 1685 non
1126 1649 1333 1685 immemor
1352 1649 1436 1694 fuit,

774 1712 810 1741 et
832 1704 880 1742 de
900 1706 1078 1743 universa
1097 1706 1171 1742 loci
1182 1712 1379 1753 structura,
1395 1707 1435 1742 in

770 1774 858 1814 quo,
874 1772 972 1814 quae
984 1763 1162 1813 postponi
1174 1761 1336 1798 debebat
1346 1776 1435 1798 sen-

768 1820 888 1855 tentia
900 1832 921 1854 a
933 1820 1118 1869 particula
1130 1815 1205 1870 γοῖρ
1219 1817 1433 1866 exordiens,

769 1877 1028 1926 praeponitur.
1044 1875 1145 1911 Add.
1156 1881 1252 1911 nott.
1265 1874 1313 1911 ad
1324 1877 1352 1922 l,
1365 1874 1434 1915 24.

770 1931 833 1968 Ad
855 1931 875 1971 ὁ
901 1928 1194 1983 Πεισιστρᾶτεω
1224 1932 1273 1968 cf.
1295 1929 1431 1970 Matth.

772 1989 837 2024 Gr.
869 1989 935 2025 Gr.
965 2000 1054 2038 pag.
1079 1990 1170 2028 196.
1199 1989 1257 2024 De
1277 1988 1434 2038 planitie

771 2043 1012 2081 Marathonia
1038 2045 1231 2089 montibus
1261 2044 1433 2097 undique

772 2102 895 2138 cincta
927 2102 1111 2153 laetisque
1139 2102 1256 2152 pratis
1294 2102 1433 2138 referta

772 2165 809 2195 et
827 2159 957 2209 Asopo
977 2160 1058 2195 rivo
1081 2159 1237 2208 irrigata
1257 2165 1432 2195 accurate

771 2214 936 2266 disputat
956 2215 1094 2266 Squire
1116 2228 1175 2266 ap.
1200 2216 1247 2252 G.
1268 2214 1314 2252 de
1325 2216 1432 2251 Vau-

769 2271 957 2309 doncourt
971 2270 1248 2322 (Schilderung
1265 2271 1302 2310 d.
1323 2271 1430 2309 heut.

768 2327 1081 2366 Griechenlands.
1111 2330 1241 2380 Leipz.
1290 2329 1429 2379 1821.)

769 2399 804 2437 p-
833 2384 915 2427 224
947 2399 1051 2438 seqq.
1075 2387 1160 2423 coll.
1192 2388 1313 2422 Kruse
1334 2386 1430 2422 Hel-

767 2443 821 2479 las
841 2444 888 2490 11,
915 2445 932 2482 1
957 2455 1044 2493 pag.
1062 2442 1143 2483 264
1171 2456 1277 2495 seqq.
1291 2472 1300 2490 ‚
1322 2455 1431 2478 eam-

769 2512 844 2551 que
865 2499 982 2550 lapidi
1006 2500 1236 2550 insculptam
1258 2497 1431 2536 exhibuit

768 2557 883 2593 Liber
909 2557 1009 2592 Baro
1042 2555 1089 2593 de
1118 2556 1370 2604 Stackelberg
1389 2556 1427 2590 in

769 2626 882 2664 opere
909 2612 957 2649 ad
985 2614 1047 2660 Vl,
1070 2612 1123 2653 74
1155 2612 1330 2659 laudato,
1361 2612 1429 2646 Li-

766 2671 877 2707 vrais.
911 2670 1037 2717 XXII,
1069 2676 1105 2705 et
1140 2670 1182 2706 C.
1222 2668 1426 2705 Frommel.

768 2729 806 2762 in
830 2739 956 2777 opere,
989 2727 1049 2763 cni
1066 2726 1217 2762 titulus:
1250 2725 1428 2775 Dreyssig

768 2782 978 2820 Ansichten
1018 2794 1094 2818 von
1145 2779 1427 2818 Griechenlaud

769 2838 1012 2889 (Carlsruh.).
1055 2838 1283 2874 Accuratam
1314 2837 1427 2874 totius

1099 2893 1152 2934 24
