1870 3249
556 195 864 234 ERATO.
925 195 998 232 vl.

1333 196 1418 236 265

148 309 319 363 οἴχοντο
350 302 642 355 ἀπολιπόντες
675 303 756 358 τήν
787 303 1003 359 σφετέρην
1035 302 1118 347 ἔσω
1149 302 1192 354 ἐς
1222 303 1300 347 τόν
1327 302 1475 347 Εὔ-Ξό

149 376 290 426 ξεινον
319 371 511 416 πόντον·
550 372 624 415 καὶ
655 371 849 415 ἐνθαῦτα
878 374 1007 415 πόλιν
1039 372 1328 428 Μεσαμβρίην
1358 373 1420 415 οἴ-

123 446 303 498 4κησαν.
349 442 393 484 οἱ
432 441 478 484 δὲ
521 441 722 491 Φοίνικες
757 439 1112 490 κατακαύσαντες
1146 439 1307 491 ταύτας
1343 439 1420 490 τὰς

147 507 292 565 χώρας
324 509 401 560 τὰς
435 510 790 564 καταλεχθείσας,
836 505 1077 563 τράπονται
1117 508 1186 551 ἐπί
1225 523 1269 551 τε
1303 510 1423 563 Προ-

146 575 368 632 κόννησον
378 610 389 630 ,

435 579 509 622 καὶ
543 575 756 633 Ἀρτάκην
791 575 899 631 πυρὶ
944 576 990 618 δὲ
1031 574 1104 618 καὶ
1142 574 1304 627 ταύτας
1339 575 1422 618 νεί-

147 660 304 699 μαντες
346 645 512 689 ἔπλωον
552 640 674 695 αὖτις
710 645 754 695 ἐς
789 645 870 701 τὴν
907 643 1213 701 Χερσόνησον,
1255 641 1422 700 ἐξαιρή-

147 724 298 764 σοντες
328 714 406 764 wig
437 713 691 763 ἐπιλοίπους
719 716 810 756 τῶν
839 714 1028 764 πολίων,
1070 711 1176 763 ὅσας
1205 710 1422 768 πρότερον
1434 718 1480 752 30

121 780 415 836 5προσχόντες
453 781 508 825 οὐ
546 781 805 834 κατέσυραν.

868 780 963 824 Ἐπὶ
1000 781 1047 825 δὲ
1086 780 1280 835 Κύζικον
1317 779 1423 824 οὐδὲ

146 847 347 894 ἔπλωσαν
375 848 537 906 ἀρχήν·
573 848 710 894 αὐτοὶ
730 848 816 904 γάρ
847 848 1086 904 Κυζικηνοὶ
1116 849 1178 893 ἔτι
1205 846 1424 902 πρότερον

147 920 230 960 τοῦ
262 920 485 962 Φοινίκων
516 918 680 962 ἔσπλου
709 916 967 973 ἐγεγόνεσαν
996 916 1084 961 ὑπὸ
1115 916 1304 974 βασιλέϊ,

1353 917 1422 958 02-

146 983 275 1040 βάρεϊ
301 989 362 1043 τῷ
391 985 655 1043 Μεγαβάζου
686 985 1053 1043 ὁμολογήσαντες,
1083 988 1146 1044 τῷ
1174 985 1221 1029 ἐν
1249 988 1424 1028 Δασκυ-

120 1054 252 1110 6λείῳ
280 1052 478 1114 ὑπάρχῳ.
529 1058 604 1111 τῆς
642 1054 688 1098 δὲ
725 1052 1031 1111 Χερσονήσου,
1073 1051 1186 1109 πλὴν
1223 1054 1481 1109 Καρὸίης35

146 1118 320 1175 πόλιος,
366 1123 444 1176 τὰς
473 1123 607 1175 ἄλλοις
637 1121 782 1174 πάσας
811 1119 1100 1177 ἐχειρώσαντο
1132 1123 1176 1165 οῖ
1210 1121 1425 1171 Φοίνικες.

149 1300 412 1356 οἶπολιπόντες
436 1305 513 1360 τήν
539 1306 758 1359 σφετέρην]

36 1377 42 1380 ’
92 1361 255 1401 Addunt
290 1362 410 1406 πόλιν
441 1366 528 1403 libri
564 1366 757 1405 nonnulli.

92 1420 208 1458 Haud
235 1424 346 1460 novit
373 1422 471 1460 illud
498 1421 676 1464 Eustath.
708 1422 759 1460 ad

91 1478 252 1529 Dionys.
272 1480 425 1530 Perieg.
454 1482 560 1528 803,
589 1481 657 1518 ubi
675 1481 759 1516 He-

90 1534 250 1572 rodotea
298 1537 434 1587 attigit.
524 1538 620 1574 Mox
669 1550 760 1574 etun

90 1590 315 1644 Schweigh.
351 1600 390 1631 et
423 1593 613 1632 Gaisford.
641 1595 758 1632 libro-

89 1662 179 1685 rum
202 1656 442 1698 vetustorum
461 1651 670 1697 lectionem
697 1665 760 1688 re-

90 1707 249 1745 vocavi:
313 1706 485 1757 οἴκησαν
520 1709 547 1746 i.
577 1722 613 1746 e.
634 1708 757 1746 'inabi-

92 1766 230 1801 tarunt.
259 1765 539 1815 wesselingio‚
576 1766 643 1818 qui
662 1778 760 1802 con—

90 1819 165 1857 fert
173 1821 222 1868 11,
241 1818 334 1869 154,
349 1820 545 1860 Larchero
553 1835 598 1860 ac
609 1820 761 1861 Sohae-

92 1876 174 1913 fero
185 1877 379 1927 placuerat
401 1877 559 1919 οἷ’κισαν
578 1880 760 1929 (i.e.c‹m-
742 1889 777 1910 -1

95 1932 299 1983 diderunt),
329 1933 435 1986 quod
465 1937 582 1973 etiam
605 1937 761 1973 retinuit

94 1987 277 2026 Matthiae
316 1990 499 2043 quodque
526 1993 559 2030 si
588 1994 759 2030 retinea-

95 2052 180 2094 tur,
211 2049 469 2089 controversia
489 2049 561 2086 erit
589 2062 681 2087 cum
701 2049 760 2086 al·-

94 2109 176 2140 tero
196 2104 324 2141 Nostri
351 2105 460 2154 loco,
490 2106 555 2154 IV,
583 2107 652 2154 93,
692 2106 761 2144 ubi

94 2158 174 2197 vid.
201 2167 299 2198 nott.
327 2160 486 2200 Bekker
515 2164 673 2200 retinuit
702 2161 761 2203 οἷ’-

93 2228 231 2256 κισαν
242 2217 565 2269 (Ριοοίκησαν).
584 2221 630 2257 111
649 2232 761 2273 seqq.

95 2286 164 2325 pro
187 2271 243 2313 ε’τι
261 2271 454 2326 πρότερον
482 2277 681 2317 Dobraeus
699 2290 761 2315 re-

96 2330 239 2381 fingit’
227 2330 307 2371 ε’τεϊ
324 2328 539 2385 πρότερον.

158 2406 482 2476 Προκόννησον]
540 2414 629 2450 Duo
673 2410 761 2450 libri

103 2462 382 2518 Προκὸνησονε
406 2470 473 2507 Tu
491 2469 571 2508 vid.
591 2477 689 2512 nott.
709 2468 762 2507 ad

95 2523 159 2570 IV,
180 2525 229 2563 13
246 2530 285 2561 et
298 2526 400 2563 conf.
422 2524 555 2565 schol.
576 2527 760 2580 Apollon.

93 2552 416 2626 Rh’od.11,279.
453 2583 512 2620 De
529 2584 660 2623 Artace
680 2582 761 2621 dixi

96 2635 145 2673 ad
183 2634 760 2686 1V,14.Add.1²rokesch.

98 2694 184 2731 loco
194 2706 287 2731 mox
303 2694 407 2733 laud.
418 2709 457 2748 p.
471 2695 552 2738 253
565 2709 656 2750 sqq.
665 2697 762 2739 257.

156 2760 254 2813 πυρὶ
275 2759 422 2809 ταύτας
433 2762 657 2814 νείμαντες]
679 2765 705 2802 i.
727 2779 762 2802 e.

103 2818 183 2866 igni
198 2818 296 2856 urbes
318 2819 518 2869 tradentes,
559 2822 763 2860 comburen-

816 1311 879 1345 tes.
890 1307 986 1343 Mox
996 1305 1143 1345 restitui
1157 1300 1399 1356 προσχόντες
1411 1318 1482 1356 pro

815 1359 1091 1415 προςσχόντες.
1147 1362 1236 1402 vid.
1257 1364 1304 1411 V,
1326 1365 1393 1403 63.
1423 1364 1482 1398 De

818 1421 968 1472 Cyzico,
1020 1421 1129 1458 cuius
1162 1433 1287 1472 pauca
1323 1420 1483 1469 vestigia

815 1477 942 1516 adhuc
981 1491 1177 1529 superesse
1213 1478 1342 1515 scribit
1384 1478 1485 1513 Pro-

815 1534 950 1573 kesch.
976 1536 1268 1585 Erinnerungg.
1301 1547 1368 1571 aus
1403 1534 1485 1569 Ae-

815 1600 962 1644 gypton
993 1591 1077 1629 und
1107 1593 1339 1629 Kleinasien.
1368 1592 1424 1627 111
1442 1604 1482 1640 p.

814 1651 898 1690 258
926 1663 1037 1701 seqq.
1064 1663 1184 1686 unam
1204 1648 1341 1686 horam
1369 1655 1406 1684 et
1427 1648 1484 1683 al—

813 1708 930 1745 terius
952 1705 1157 1744 dimidium
1178 1713 1328 1743 remota
1348 1706 1395 1742 ab
1406 1705 1484 1741 Ar-

815 1762 920 1811 daki,
943 1762 1051 1816 quod
1063 1771 1245 1812 vocatur,
1265 1762 1368 1801 conf.
1383 1768 1483 1799 nott.

816 1819 866 1858 ad
885 1820 952 1870 IV,
971 1820 1038 1861 14.

872 1910 932 1964 τῷ
954 1908 998 1951 ἒν
1025 1908 1259 1963 Δασκυλείῳ
1296 1903 1484 1963 ὖπαρχῳ]

817 1965 1042 2018 Schweigh.
1073 1965 1321 2006 scribendum
1356 1968 1486 2002 censet

816 2024 1075 2076 Δασκυληῖῳ.
1130 2025 1189 2060 De
1210 2022 1386 2074 Dascyleo
1406 2021 1488 2060 dixi

818 2079 868 2119 ad
886 2081 955 2130 III,
980 2083 1074 2122 120.
1107 2080 1246 2119 Cardia
1263 2081 1352 2119 urbs
1372 2092 1393 2116 a
1409 2080 1486 2115 Mi-

816 2137 916 2177 lesiis
944 2136 1099 2181 condita
1128 2138 1171 2174 in
1205 2138 1344 2175 intimo
1381 2138 1487 2174 sinus

816 2196 989 2233 Melanes
1024 2208 1199 2245 recessu,
1247 2207 1273 2233 a
1311 2193 1485 2232 Miltiade

817 2258 904 2305 post
924 2252 1112 2304 ampliata
1138 2252 1316 2304 beneque
1335 2252 1486 2291 munita

817 2310 1021 2348 moenibus
1047 2307 1141 2347 inde
1171 2322 1295 2362 usque
1316 2308 1366 2347 ad
1385 2310 1485 2346 Pro-

817 2365 1021 2418 pontidem
1051 2367 1191 2415 auctis,
1230 2379 1331 2419 quae
1361 2364 1485 2403 Cher-

817 2436 1009 2476 sonesum
1019 2421 1485 2471 intereluderent.F10—

817 2482 893 2525 ruit
912 2480 976 2518 illa
994 2481 1103 2519 inter
1126 2478 1354 2520 Chersonesi
1372 2481 1486 2517 urbes

817 2550 940 2591 usque
978 2535 1028 2576 ad
1066 2536 1366 2591 Lysimachum,
1419 2536 1486 2589 qui

819 2592 1100 2642 Cardianorum
1125 2596 1221 2633 urbe
1243 2607 1385 2641 eversa,
1414 2605 1485 2644 pro

820 2664 865 2689 ea
883 2649 1171 2704 Lysimachiam
1190 2652 1231 2689 in
1260 2650 1334 2689 hoo
1356 2649 1487 2687 Thra-

820 2709 902 2746 ciae
922 2707 1062 2748 isthmo
1084 2708 1270 2746 condidit.
1305 2706 1392 2744 vid.
1405 2709 1486 2744 He-

820 2765 946 2804 rodot.
975 2766 1050 2813 VI,
1089 2768 1156 2807 36.
1198 2763 1266 2804 41.
1299 2765 1380 2812 vll,
1418 2765 1485 2806 58.

820 2823 1011 2861 Mannert.
1034 2823 1174 2873 Geogr.
1195 2822 1266 2859 VII
1287 2834 1374 2873 pag.
1394 2823 1484 2863 199.
