1870 3249
418 206 1064 244 TERPSICHORE.
1124 204 1168 240 V.
1378 205 1431 243 41

1488 396 1581 456 atqile
1564 396 1686 449 selmbn
1686 428 1738 455 1,m

1487 459 1557 482 urat
1540 458 1730 490 amquetum

169 451 250 498 εἷλε
281 453 326 497 δὲ
357 450 649 508 Λαμπώνιον·
681 451 829 507 λαβών
858 450 904 493 δὲ
935 450 1052 505 παραὶ
1084 452 1283 506 Λεσβίων
1313 447 1429 498 νέας,
1487 464 1582 516 ¹Peai
1569 497 1639 549 gont
1643 496 1689 514 um
1715 496 1763 515 e

169 519 251 565 εἷλε
282 519 463 576 Λῆμνόν
505 536 549 564 τε
590 519 663 564 καὶ
694 519 897 575 Ἵμβοον,
948 516 1198 575 ἀμφοτέρας
1237 519 1297 562 ἔτι
1334 515 1432 559 τότε
1489 523 1589 550 demo
1610 524 1713 557 cupat-

46 587 112 632 27
167 588 254 633 ὑπό
296 592 537 646 Πελασγῶν
573 586 837 644 οἰκεομένας
913 588 989 640 (Οἱ
1028 603 1106 643 μεν
1146 585 1199 642 δὴ
1238 584 1427 642 Λήμνιοι
1486 591 1590 652 Leemm
1559 590 1642 657 gg}
1645 590 1750 676 Lyqssi
1742 622 1762 649 i

1486 659 1585 695 reguli
1604 659 1646 685 Sa
1628 657 1707 686 aiom

309 787 403 839 Cap.
430 789 573 825 XXVI.

167 845 410 891 Βυζαντίους
425 859 466 883 τε
486 840 563 884 εἷλε
582 843 650 883 καὶ
662 844 771 881 Καλ-

112 902 355 951 χηδονίους]
389 902 499 938 Conf.
521 909 617 939 nott.
640 899 689 937 ad
709 900 772 946 1V,

116 957 208 998 144.
266 958 478 996 Antandrus
499 958 588 995 urbs
610 957 655 994 ad
679 957 773 992 Ale-

111 1014 342 1062 xandream,
382 1016 448 1067 qui
474 1028 585 1052 mons
613 1013 704 1051 Idae
724 1012 773 1050 ad

110 1084 217 1108 mare
255 1084 377 1123 usque
415 1073 670 1122 procurrentis
702 1084 773 1106 ex—

110 1135 234 1165 trema
253 1129 366 1165 fuisse
385 1127 536 1165 videtur
565 1141 672 1179 pars,
703 1128 772 1164 sita

111 1198 231 1236 prope
270 1186 397 1222 sinum
431 1184 770 1236 Adramyttenum.

42 1266 49 1271 ι
111 1241 199 1279 Vid.
221 1241 346 1292 Strab.
367 1243 461 1279 XIII
480 1257 519 1293 p.
542 1244 624 1283 606
635 1255 664 1279 s.
689 1243 770 1282 903

112 1299 146 1335 D
175 1311 255 1350 seq.
286 1297 473 1350 Stephau.
504 1300 599 1350 Byz.
620 1312 650 1335 s.
671 1311 709 1334 v.
731 1311 771 1348 p.

115 1354 194 1395 135
217 1362 253 1392 et
264 1368 361 1407 quae
373 1357 445 1393 alia
464 1357 671 1393 attulerunt
684 1355 774 1391 Cel-

111 1412 226 1448 larius
246 1413 286 1448 in
305 1414 423 1450 Nofit.
445 1413 534 1450 Orb.
554 1413 685 1464 Antiq.
707 1412 773 1459 III,

114 1470 152 1509 3.
174 1469 290 1505 Tom.
311 1471 347 1506 II
366 1482 454 1520 pag.
475 1472 528 1510 43
550 1482 630 1521 seq.
659 1470 774 1505 Man-

111 1532 209 1562 nert.
218 1527 282 1573 VI,
293 1529 316 1566 3
333 1540 421 1577 pag.
432 1524 528 1567 418.
544 1523 775 1563 Tzschucke

113 1580 162 1618 ad
181 1583 271 1620 Mel.
291 1584 321 1631 Ι,
347 1585 394 1623 18
418 1584 455 1629 §.
477 1585 504 1623 2
522 1596 562 1634 p.
583 1583 664 1625 527
685 1582 772 1619 Vol.

111 1639 167 1675 111
197 1640 243 1676 P.
272 1640 289 1674 Ι
327 1646 424 1677 nott.
460 1652 597 1690 exegg.
661 1638 774 1676 Unde

112 1694 217 1733 haud
247 1696 363 1747 longe
394 1703 588 1734 remotum
616 1695 775 1746 Lampo-

112 1755 209 1790 πίννη
249 1752 456 1804 oppidmn,
505 1754 551 1791 ab
590 1754 774 1790 Aeolibus

114 1809 313 1847 conditum
330 1812 430 1847 inter
448 1809 694 1847 Antandrum
715 1816 776 1846 at-

117 1879 192 1918 que
224 1860 411 1916 Gargara.
465 1867 646 1904 Straboni
683 1867 776 1903 XIII

115 1935 154 1972 p.
176 1925 258 1963 610
279 1936 308 1959 S.
322 1925 402 1963 909
415 1923 447 1958 A
463 1930 517 1960 est
533 1922 776 1973 Λαμπωνία,

118 1977 314 2028 Stephano
353 1980 515 2030 Byzant.
553 1992 643 2030 pag.
680 1979 776 2020 508.

117 2031 390 2085 Λαμπώνεια,
419 2031 535 2082 πόλις
559 2031 757 2086 Τρωάδος.

175 2086 400 2142 ἄμφοτέρας
425 2090 479 2130 ἔτι
496 2087 578 2132 τότε
598 2087 678 2131 ὑπὸ
700 2093 775 2130 Πε-

117 2150 275 2199 λασγῶν
305 2147 563 2199 οἰκεομένας]
595 2149 777 2198 Respexit

117 2203 333 2241 Herodotea
361 2204 595 2244 Eustathius-
612 2204 660 2241 ad
680 2206 777 2241 Dio-

115 2275 199 2312 nys.
220 2263 409 2312 Perieget.
430 2276 485 2299 vs.
516 2261 610 2302 347.
631 2284 686 2288 —
716 2263 775 2298 De

116 2318 284 2368 Pelasgis
304 2320 498 2356 Lemnum
523 2319 774 2370 Imbrumque

116 2376 332 2412 tenentibus
353 2375 545 2428 quaedam
579 2376 774 2412 attulimus

118 2431 168 2468 ad
186 2432 250 2479 IV,
275 2431 366 2473 145.
407 2431 510 2469 Add.
538 2445 559 2469 a
581 2432 648 2470 Cr.
670 2431 774 2469 laud.

118 2489 161 2525 C.
183 2489 228 2525 Ο.
247 2489 396 2526 Mulier.
425 2487 656 2527 Orchomen.
685 2501 774 2540 pag.

118 2543 214 2586 438.
271 2544 588 2596 Expeditionem,
619 2545 667 2582 de
699 2545 775 2597 qua

118 2599 180 2638 hic
201 2601 325 2651 agitur
341 2631 350 2649 ,
390 2604 421 2640 si
451 2601 500 2640 ad
518 2601 613 2639 illud
631 2602 775 2639 refera-

120 2671 204 2696 mus
217 2665 379 2709 tempus‚
410 2673 486 2711 quo
508 2660 646 2697 otaues
667 2661 778 2696 aDa-

120 2716 176 2752 rio
197 2715 268 2752 fuit
289 2716 512 2754 constitutus
534 2715 613 2753 dux
646 2715 779 2768 (quod

120 2779 206 2822 post
236 2770 459 2821 Scythicam
493 2771 778 2823 expeditionem

122 2829 146 2865 i.
169 2841 204 2866 e.
232 2835 317 2879 post
352 2828 448 2870 507.
478 2828 559 2871 508
581 2842 615 2866 a.
637 2827 708 2866 Ch.
738 2843 777 2866 n.

829 784 986 822 accidit:
1020 797 1094 836 quo
1114 784 1195 834 ipso
1215 782 1295 819 fere
1314 789 1487 832 tempore

830 842 979 891 Pelasgi
998 842 1162 878 insulam
1183 838 1309 877 adhuc
1323 839 1487 876 tenuisse

828 899 1052 948 feruntur),
1096 896 1136 934 id
1164 899 1324 933 minime
1345 909 1489 932 conve-

829 957 908 992 niet
929 969 1019 992 cum
1041 968 1085 991 eo
1099 984 1109 1001 ‚
1147 953 1252 1006 quod
1272 955 1350 990 iam
1369 953 1488 989 tribus

830 1019 918 1049 ante
940 1013 1047 1049 annis
1079 1012 1258 1061 Pelasgos
1281 1024 1329 1046 ex
1349 1008 1406 1046 his
1426 1010 1488 1045 in-

828 1070 919 1106 sulis
962 1070 1114 1106 eiecisse
1151 1068 1270 1104 fertur
1300 1065 1488 1102 Miltiades

828 1127 891 1172 VI,
917 1128 1009 1166 139.
1049 1126 1172 1170 Quare
1192 1122 1373 1161 Larcheri
1393 1121 1488 1159 haec

829 1190 884 1219 est
903 1183 1065 1233 suspicio
1080 1211 1090 1230 ‚
1113 1182 1275 1218 Otanem
1288 1211 1297 1228 ‚
1317 1182 1397 1216 iam
1417 1193 1489 1216 an-

827 1247 984 1292 tequam
996 1240 1205 1289 Megabazo
1225 1240 1264 1274 in
1275 1238 1490 1288 Europaei-

829 1310 896 1334 cae
926 1297 1146 1348 provinciae
1174 1297 1335 1346 imperio
1356 1307 1490 1331 succe-

831 1353 959 1401 deret,
1000 1352 1215 1404 praesidem
1250 1352 1364 1389 fuisse
1401 1364 1489 1387 orae

828 1411 1043 1448 maritimae
1063 1411 1263 1457 Asiaticae,
1283 1407 1386 1445 unde
1399 1421 1491 1458 pro-

829 1469 949 1505 fectus
977 1469 1055 1503 iam
1075 1474 1208 1514 autea,
1247 1479 1347 1502 anno
1368 1465 1490 1501 ferme

830 1524 908 1565 511
933 1538 962 1561 s·
984 1524 1085 1572 512,
1106 1526 1256 1560 Lemno
1277 1530 1390 1575 atque
1411 1524 1491 1558 Im-

830 1581 899 1618 bro
921 1582 968 1618 sit
977 1582 1118 1632 potitus
1129 1581 1385 1631 Pelasgosque
1394 1580 1489 1615 Per-

830 1651 959 1675 sarum
996 1639 1204 1689 imperium
1242 1643 1490 1688 agnoscentes

829 1696 870 1732 in
882 1695 1094 1732 insularum
1105 1693 1243 1732 harum
1257 1694 1490 1745 possessione

832 1753 1026 1804 reliquerit
1044 1781 1053 1800 ‚
1077 1766 1096 1788 e
1113 1765 1188 1804 qua
1209 1765 1310 1788 anno
1332 1750 1490 1787 demum

835 1808 917 1850 510
939 1808 1141 1846 aMiltiade
1153 1810 1262 1845 eiecti
1282 1809 1367 1844 sint.
1390 1808 1490 1843 Hinc

832 1866 873 1901 in
909 1866 1009 1902 Tab.
1030 1864 1254 1914 chronolog.
1283 1865 1400 1900 Tom.
1421 1864 1491 1900 VH

831 1935 870 1971 p.
903 1924 984 1961 633
1014 1923 1189 1958 Imbrum
1218 1922 1490 1972 Lemnumque

834 1978 880 2013 ab
894 1977 1014 2014 Otane
1036 1985 1186 2028 captam
1205 1978 1312 2028 ponit
1320 1976 1490 2014 Larche-

832 2047 894 2070 rus
917 2035 1069 2086 Olymp.
1101 2038 1166 2082 67,
1188 2037 1215 2075 2
1234 2035 1312 2071 sive
1334 2047 1433 2071 anno
1455 2047 1489 2071 a.

834 2089 923 2127 Chr.
962 2104 1002 2128 n.
1036 2091 1113 2131 511
1145 2105 1310 2143 eumque
1340 2098 1490 2128 secutus

833 2147 875 2184 C.
898 2145 1033 2184 Rhode
1052 2148 1092 2184 in
1119 2149 1238 2185 Rebb.
1259 2150 1426 2201 Lemnn.
1450 2162 1489 2199 p.

831 2203 898 2251 49,
945 2204 1039 2253 (ubi
1066 2218 1135 2255 pro
1166 2205 1190 2245 5
1207 2208 1225 2245 1
1244 2208 1263 2245 1
1288 2218 1489 2256 operarum

830 2263 923 2298 vitio
952 2262 1092 2312 legitur
1123 2261 1266 2311 551)3
1311 2263 1490 2312 Pelasgos

829 2317 921 2355 inde
951 2320 1222 2356 exterminatos
1255 2318 1359 2356 idem
1382 2320 1489 2370 ponit

830 2388 932 2412 anno
953 2375 1035 2417 510
1056 2388 1091 2413 a.
1113 2374 1203 2413 Chr.
1223 2389 1263 2413 n.
1283 2389 1313 2413 s.
1336 2377 1489 2428 Olymp.

831 2434 897 2481 67,
920 2435 959 2473 3.

1021 2511 1115 2562 Cap.
1139 2512 1302 2549 xxvn.

886 2600 939 2641 Οἵ
961 2598 1033 2652 μὲν
1055 2597 1105 2652 δη
1118 2597 1298 2651 Λήμνιοι
1326 2616 1362 2641 κ.
1382 2616 1413 2639 τ.
1437 2603 1488 2650 λ]

835 2659 938 2694 Haec
971 2658 1084 2695 verba
1114 2659 1243 2694 omnia
1281 2670 1400 2709 usque
1442 2657 1489 2695 ad

834 2715 950 2752 verba
979 2708 1096 2761 οὗτος
1123 2712 1142 2753 ὅ
1164 2711 1404 2764 Λυκάρητος
1426 2730 1488 2754 τε·

835 2773 952 2810 λευτᾶ
982 2769 1250 2821 parentheseos
1282 2771 1398 2821 signis
1427 2772 1488 2807 in—

836 2829 1029 2865 cluserunt
1056 2825 1276 2877 Sclnveigll.
1307 2834 1343 2865 et
1372 2829 1487 2866 Gaisl'.
