1834 3258
424 236 899 275 POLYMNIA.
940 203 1063 273 ‘v1i‘1

1288 233 1373 274 485

103 366 186 394 νου
225 348 273 392 δὲ
307 346 504 403 χρήματα
544 347 751 398 Πυθίου,
796 347 935 400 ε’ίρετο
972 344 1134 400 Ξέρξης
1165 341 1372 397 Περσέων

100 417 201 467 τοὺς
237 415 505 470 παρεόντας,
543 416 607 465 τίς
645 430 691 458 τε
721 414 806 458 ἐών
836 413 1015 467 ἀνδρῶν
1045 410 1244 464 Πύθιος,
1298 412 1373 454 καὶ

102 484 419 540 κόσαχρήματα
439 483 709 540 κεκτημένος,
740 482 1210 538 έπαγγέλλοιτοταῦτα.
1241 481 1286 523 οἷ
1316 479 1363 522 δὲ

71 560 93 593 3
105 550 256 596 εἶπαν·

101 624 322 675 ,,Δαρεῖον
352 619 600 676 ἐδωρήσατο
635 624 688 677 τῇ
718 619 991 674 πλατανίστῳ
1017 621 1071 675 τῇ
1090 617 1269 675 χρυσέῃ,
1296 617 1371 660 καὶ

100 692 182 745 ,,τῇ
223 686 427 744 ἀμπέλῳ

97 828 187 868 τῶν
225 824 366 868 ἐπέων
402 824 453 869 τὸ
495 829 745 869 τελευταῖον
793 825 980 880 Ξέρξης,
1022 822 1156 874 αὐτὸς
1186 821 1369 876 δεύτερα

95 894 234 947 εἴρετο
271 893 446 937 Πύθιον
478 893 618 937 ὁκόσα
656 894 700 936 οἱ
728 894 793 947 ε’ίη
828 892 1038 949 χρήματα.

1098 890 1121 935 ὁ
1153 892 1199 935 δὲ
1229 888 1341 934 εἷπε·
1355 896 1397 930 15

94 957 172 1013 ,,ἷῼ
202 964 395 1018 βασιλεῦ,
427 959 528 1005 οὔτε
558 972 605 1005 σε
636 959 903 1016 ἀποκρύψω,
934 960 1036 1005 οὔτε
1066 958 1289 1016 σκήψομαι
1317 957 1367 1001 τὸ

95 1029 179 1085 .,μὴ
224 1030 388 1073 εἰδέναι
430 1029 512 1086 τὴν
551 1030 774 1084 ἐμεωυτοῦ
804 1027 984 1085 οὐσίην,
1025 1027 1113 1072 αλλ’
1148 1025 1369 1081 ἐπιστάμε-

65 1097 202 1152 2,,νός
242 1114 311 1141 τοι
341 1096 553 1151 ἀτρεκέως
593 1098 824 1148 καταλέξω.
883 1097 974 1141 ἐπεί
1003 1113 1048 1140 τε
1076 1096 1164 1152 γὰρ
1191 1095 1368 1151 τάχιστά

93 1177 168 1218 ,,σε
199 1164 431 1222 ἐπυθόμην
459 1166 527 1208 ἐπὶ
555 1164 788 1208 θάλασσαν
817 1167 1144 1222 καταβαίνοντα
1173 1163 1254 1220 τήν
1271 1162 1364 1206 Ἑλ-

93 1235 294 1290 ,,ληνίδα,
348 1233 618 1291 βουλόμενός
661 1250 731 1277 τοι
771 1235 928 1278 δοῦναι
972 1232 1014 1284 ἐς
1055 1232 1134 1275 τὸν
1173 1232 1366 1288 πόλεμον

37 1345 43 1349 ,
93 1300 339 1358 ,,χρήματα,
381 1302 609 1357 ἐξέμαθον,
638 1302 711 1345 καὶ
741 1296 875 1355 εὗρον
912 1300 1204 1358 λογιζόμενος,
1234 1299 1421 1356 dmm-20

92 1371 221 1423 ,,ρίου
268 1371 348 1425 μὲν
401 1371 486 1415 δύο
537 1370 732 1427 χιλιάδας
785 1368 944 1421 ἐούσας
997 1386 1074 1425 μοι
1124 1368 1365 1418 ταλάντων,

92 1439 305 1494 ,,χρυσίου
325 1438 372 1482 δὲ
400 1440 683 1494 τετρακοσίας
711 1437 929 1495 μυριάδας
950 1435 1180 1494 στατήρων
1208 1443 1365 1493 Δαρει-

85 1602 142 1671 τῇ
180 1601 429 1641 πλατανίστω
467 1603 520 1657 τῇ
550 1599 695 1656 χρυσέῃ

31 1672 100 1698 και
119 1659 170 1712 τῇ
189 1655 379 1711 οἷμπὲλῳ]
412 1660 535 1695 Huius
554 1672 697 1696 mune-

30 1717 80 1752 ris
100 1715 284 1767 plerique,
308 1728 403 1768 quos
422 1715 570 1752 modo
560 1730 600 1753 m
613 1718 696 1768 Py-

30 1770 101 1809 thii
120 1773 277 1809 nomine
309 1773 529 1820 citavimus,
580 1786 697 1810 men-

31 1831 178 1866 tionem
204 1830 371 1877 faciunt,
414 1831 518 1866 allati
536 1842 560 1866 a
589 1832 696 1867 Bris-

31 1899 113 1924 son.
146 1887 203 1921 De
236 1899 316 1936 reg.
338 1887 460 1923 Perss.
480 1887 693 1937 princip.1‚

32 1945 86 1982 77
107 1943 193 1978 coll.
215 1942 402 1979 Hardujn.
430 1941 479 1979 ad
498 1944 597 1980 Plin.
618 1944 645 1980 l.
666 1944 693 1980 l.

33 2005 70 2034 et
101 1999 332 2048 Wesseling.
365 1998 413 2035 ad
432 1998 589 2038 Diodor.
616 2000 694 2036 Sic.

32 2056 140 2103 XIX,
177 2057 246 2096 48.
304 2056 447 2101 Quibus
477 2055 576 2092 addo
604 2056 696 2092 Ari-

30 2111 115 2148 stid.
145 2113 186 2148 in
213 2110 376 2149 Panath.
414 2125 503 2163 pag.
540 2114 621 2152 223
653 2113 695 2149 C.

32 2176 68 2204 et
96 2170 127 2206 I.
159 2168 205 2205 de
240 2171 437 2206 Hammer.
467 2170 507 2205 in
538 2170 693 2208 Annall.

30 2226 167 2263 Vienn.
187 2227 245 2262 IX
278 2239 366 2276 pag.
388 2228 453 2274 63,
492 2226 558 2261 ubi
583 2239 694 2263 aurea

29 2283 234 2319 Persarum
252 2296 390 2333 regum
408 2282 693 2332 insiguiafuisse

29 2346 186 2387 notans,
214 2338 288 2376 hoc
309 2340 451 2376 arboris
472 2352 608 2375 aureae
635 2341 692 2376 ci-

29 2396 190 2432 melium
217 2409 371 2448 quoque
399 2403 689 2444 commemorat,

32 2451 137 2504 quod
169 2452 355 2489 imitando
389 2466 611 2504 expressum
630 2455 691 2491 vel

30 2507 187 2560 posthac
201 2516 393 2546 servatum
404 2510 441 2545 in
458 2511 598 2561 palatio
621 2524 692 2546 ex-

30 2566 144 2602 tremi
159 2563 339 2615 Caliphae
361 2579 381 2602 e
401 2574 514 2616 gente
534 2567 691 2604 Abassi-

31 2621 168 2659 darum
190 2621 352 2671 (nomen
378 2623 412 2658 ei
431 2623 502 2660 fuit
522 2625 691 2661 Moteas-

30 2678 153 2727 sem),
185 2677 319 2715 additis
339 2679 460 2715 aureis
485 2680 620 2724 avibus
646 2693 690 2717 ac

30 2735 214 2786 frugibus,
238 2734 520 2786 exsplenduisse
542 2735 692 2774 dicitur.

220 2792 312 2843 Cap,
334 2792 513 2829 XXVIII.

89 2844 329 2901 θωυμάσας]
341 2849 501 2886 Restitui
516 2846 602 2898 hoc,
623 2861 693 2886 cu-

751 1602 810 1640 ius
828 1603 913 1641 loco
935 1603 1054 1641 Gaisf.
1084 1601 1311 1641 exhibuerat
1330 1597 1421 1641 θεό-

753 1672 895 1711 μασας.
915 1682 972 1688 —
1022 1662 1068 1697 In
1106 1674 1214 1713 seqq.
1255 1653 1420 1711 δεύτερα

751 1717 854 1754 valet
881 1721 978 1764 tum,
1011 1717 1154 1765 deinde,
1182 1724 1225 1754 ut
1243 1717 1325 1764 VII,
1352 1719 1418 1757 18.

752 1775 828 1811 Pro
874 1770 995 1821 αὐτος
1051 1771 1418 1824 Schweighaeusero

751 1831 874 1881 magis
893 1831 1060 1881 placeret
1080 1826 1218 1870 αὐτόν.

809 1885 899 1926 οὔτε
914 1899 954 1926 σε
967 1883 1209 1938 αποκρύψω,
1215 1882 1306 1925 ου’τε
1317 1880 1419 1936 σκή-

751 1951 884 1993 ψομαι
904 1958 947 1982 το
980 1959 1034 1994 μη
1063 1942 1211 1982 εἰδέναι
1235 1939 1311 1994 τὴν
1332 1941 1417 1993 έμε-

753 2002 885 2039 ωυτοῦ
906 1996 1080 2050 ου’σίην]
1110 2001 1136 2037 i.
1157 2013 1190 2036 e.
1211 2012 1280 2036 non
1300 2002 1334 2036 te
1358 2011 1418 2036 ce-

753 2056 833 2093 labo
860 2056 1072 2107 (facultates
1092 2057 1171 2094 scil.
1192 2056 1324 2105 meas)
1346 2068 1414 2092 ne-

754 2126 818 2163 que
836 2115 1058 2150 excusatione
1075 2117 1161 2150 utar
1173 2142 1183 2161 ,
1211 2114 1344 2150 nescire
1363 2125 1415 2149 me

752 2183 847 2207 meas
859 2169 1069 2220 facultate-S.
1130 2170 1205 2206 Ubi
1226 2170 1414 2207 accusati-

749 2239 819 2263 vus
849 2223 991 2277 ου’σίην
1013 2225 1062 2263 ad
1080 2225 1413 2277 εἶδέναιΡεΓῐίιιεῒ,

749 2296 866 2334 quem
886 2281 1022 2320 Matth.
1042 2285 1107 2323 Gr.
1130 2285 1195 2321 Gr.
1218 2284 1255 2328 ξ.
1272 2282 1350 2323 421
1373 2296 1412 2333 p.

748 2342 825 2380 771
850 2339 899 2377 ad
919 2335 1151 2391 ἀποκρύψω
1171 2340 1312 2377 retulit.
1336 2340 1414 2376 Pro

745 2395 951 2447 ἐμεωυτοῦ
984 2410 1084 2434 unus
1121 2397 1218 2434 liber
1245 2395 1412 2444 ἑωυτοῦ,

745 2460 789 2490 ut
808 2454 874 2502 ΙΙΙ,
896 2454 963 2495 52.
982 2454 1046 2501 lv,
1068 2455 1136 2495 57.
1158 2477 1209 2482 —-
1242 2455 1287 2490 ln
1306 2465 1411 2504 seqq.

746 2509 796 2547 ad
815 2523 928 2548 usum
949 2511 1054 2547 verbi
1072 2510 1328 2561 καταβαίνειν
1360 2509 1410 2547 cf.

745 2574 842 2605 nott.
882 2565 930 2604 ad
959 2567 1004 2614 V,
1040 2570 1119 2615 223
1164 2565 1270 2604 etad
1298 2578 1410 2603 voces

746 2619 943 2675 ἀργυρίου
982 2621 1055 2675 μὲν
1093 2620 1168 2664 δύο
1203 2624 1339 2659 Tzetz.
1361 2620 1408 2657 ad

746 2678 992 2732 Lycophrou.
1027 2693 1083 2722 vs,
1114 2679 1235 2720 1432.
1267 2679 1351 2716 Vol.
1372 2679 1407 2713 11

748 2750 786 2787 p.
809 2739 916 2777 1037
932 2737 1040 2776 Mun.

805 2793 968 2844 χρυσίου
990 2790 1033 2832 δὲ
1058 2789 1310 2843 τετρακοσίας
1337 2803 1408 2840 μυ-

750 2845 891 2902 ριάδας
935 2844 1138 2900 στατήρων
1183 2849 1408 2899 Δαρεικῶν,

317 546 391 603 ,,’,Ω
412 554 605 608 βασιλεῦ,
638 550 770 602 οὐτός
801 551 903 601 ἐστι,
935 549 985 600 ὅς
1013 565 1082 592 τοι
1101 548 1181 592 τὸν
1209 545 1429 601 πατέραῙο

477 687 526 739 ὂς
554 688 628 732 καὶ
667 690 753 730 νῦν
791 687 878 730 ἐστι
907 690 1080 741 πρῶτος
1112 682 1368 739 ἀνθρώπων
1425 684 1507 729 524

0 762 45 809 ,8
101 754 318 813 ,,πλούτῳ,
348 760 438 800 τῶν
456 755 577 814 ἡμεῖς
595 758 733 812 ἴδμεν,
764 754 870 811 μετοὶ
899 756 960 799 σέ.
967 761 992 780 “
1054 753 1303 810 Θωυμάσας
1323 753 1371 796 δὲ
1429 761 1538 789 Xerxis
1557 769 1625 789 cum
1644 769 1680 790 eo

1427 796 1622 832 colloquium.
