1851 3181
152 381 197 407 dis
218 384 249 409 et
276 381 361 409 Sacis
378 382 423 409 ic-

152 415 202 442 cti.
230 415 424 456 Sidoniorum

149 458 244 476 naves
262 458 393 478 nmmum

151 483 294 517 optimae.

141 1185 301 1214 Praefecti
321 1188 396 1215 clas—

141 1221 191 1247 sis.
220 1222 416 1249 Caeterorum

480 277 564 316 578

869 273 1340 311 HERODOTI

482 383 555 427 καὶ
583 383 754 437 Μῆδοι,
795 382 867 425 καὶ
905 381 1063 426 Σάκαι.
1121 381 1293 427 τούτων
1322 384 1368 428 δὲ
1405 384 1561 440 ἄριστα
1588 384 1800 430 πλεού-Ῑο

481 462 560 502 σας
598 450 854 504 παρείχοντο
892 451 992 501 νέας
1025 452 1244 504 Φοίνικες,
1275 452 1350 495 καὶ
1388 454 1632 506 Φοινίκων,
1665 457 1745 499 Σι-

451 517 643 562 Ξδιόνιοι.

708 516 912 561 Τούτοισι
948 522 1066 569 πᾶσι,
1097 520 1170 563 καὶ
1205 525 1318 564 τοῖσι
1348 520 1390 573 ἐς
1419 520 1498 565 τόν
1518 520 1648 575 πεζόν
1677 537 1743 566 τε-

476 584 723 640 ταγμένοισι
757 582 916 636 αὐτῶν,
949 586 1114 642 ἐπῆσαν
1145 586 1364 632 ἑκάστοισι
1395 589 1620 645 ἐπιχώριοι
1648 586 1743 647 ἦγε-

477 651 625 708 μόνες·
684 654 774 693 τῶν
811 650 917 707 ἐγώ,
966 653 1020 698 οὐ
1059 654 1144 711 γαρ
1186 654 1402 715 ἀναγκαίῃ
1442 657 1670 713 ἐξέργομαι
1699 657 1743 708 ἐς

448 720 677 775 3ἷστορίης
706 718 852 774 λόγον,
885 720 940 763 ου’
970 724 1319 780 παραμέμνημαι.
1357 724 1458 768 οὔτε
1487 724 1569 781 γὰρ
1591 725 1744 776 ἔθνεος

476 787 658 831 ἑκάστου
689 787 853 840 ἐπάξιοι
882 785 993 844 ἦσαν
1024 794 1067 835 οἵ
1095 791 1326 848 ἡγεμόνες·
1357 792 1404 836 ἔν
1429 809 1473 837 τε
1496 793 1618 837 ἔθνει·
1647 789 1740 835 §noi-
1756 797 1797 832 15

446 859 567 911 4στῳ
609 854 709 898 ὅσαι
739 871 817 911 περ
845 855 1013 913 πόλιες,
1045 865 1248 905 τοσοῦτοι
1283 861 1356 904 καὶ
1387 861 1592 917 ἡγεμόνες
1617 855 1740 915 ἦσαν-

476 924 648 966 εἴποντο
679 924 725 967 δὲ
755 923 814 976 ιὸς
846 925 899 969 οὐ
932 931 1185 985 στρατηγοὶ,
1233 927 1320 972 ἀλλ’
1351 928 1496 984 ὥσπερ
1536 930 1580 972 οἱ
1617 926 1741 971 ἄλλοι

476 989 814 1048 στρατευόμενοι
844 996 1011 1039 δοῦλοι.
1042 996 1130 1038 ἐπεὶ
1162 998 1394 1053 στρατηγοί
1422 1013 1466 1040 τε
1497 998 1540 1041 οἱ
1572 996 1622 1040 τὸ
1651 997 1741 1039 πᾶν

475 1058 641 1114 ἔχοντες
670 1060 850 1115 κράτος,
887 1063 960 1106 καὶ
991 1061 1194 1119 ἄρχοντες
1222 1069 1310 1108 τῶν
1340 1066 1507 1109 ἐθνέων
1532 1062 1740 1115 ἑκάστων,

345 1124 411 1169 97
471 1125 568 1171 ὅσοι
609 1125 757 1172 αὐτῶν
794 1125 907 1186 ἦσαν
949 1131 1140 1186 Πέρσαι,
1169 1134 1358 1187 εἰρέαταί
1398 1151 1486 1190 μοι.

475 1198 688 1239 ναυτικοῦ
727 1196 1012 1254 ἐστρατήγεον
1052 1201 1163 1243 οἵδε·
1207 1199 1478 1260 Ἀριαβίγνης
1514 1217 1560 1246 τε
1588 1199 1613 1245 ὁ
1643 1203 1739 1243 Δα-

141 1254 336 1289 navigiorum
360 1264 416 1282 nu-

140 1295 250 1316 merus·

412 1359 572 1396 navibus
621 1359 853 1409 praebebant
903 1362 1071 1400 civitates

412 1416 535 1452 Persis
583 1415 755 1452 subditae
783 1424 894 1454 antea
915 1432 1073 1456 enume-

412 1479 534 1520 ratae3
575 1472 641 1509 sed
660 1480 810 1523 praeter
831 1476 993 1526 remiges
1015 1483 1074 1514 et-

410 1529 488 1565 iam
508 1529 547 1564 in
562 1529 718 1579 singulis
737 1531 895 1569 navibus
922 1534 1073 1571 inerant

410 1585 540 1623 milites
571 1586 770 1635 classiarii,
802 1585 1008 1640 ἐπιβάται,
1029 1597 1073 1627 ut

411 1649 596 1679 vocantur
606 1643 668 1689 VI,
695 1646 758 1682 12.
778 1644 859 1692 Vll,
873 1648 965 1684 100.
979 1648 1071 1686 180.

415 1697 504 1739 184.
551 1699 620 1746 IX,
652 1701 719 1738 32.
751 1700 838 1736 coll.
872 1701 971 1749 VIII,
1004 1703 1072 1741 83.

411 1755 475 1802 90,
497 1756 563 1806 qui
583 1767 755 1805 pugnam
775 1759 1071 1806 committerent,

406 1810 557 1860 Persae,
589 1811 705 1860 Medi,
728 1813 870 1861 Sacae3
902 1813 950 1851 ad
977 1827 1071 1865 quos

406 1873 449 1903 ut
469 1866 540 1904 hoc
562 1869 660 1915 loco,
682 1870 734 1905 ita
753 1870 834 1917 Vll,
858 1872 951 1910 181.
970 1872 1070 1920 VIII,

410 1925 488 1963 130
507 1926 670 1975 pertinet
682 1926 843 1963 verbum
860 1925 1072 1978 ἐπιβατεύ-

408 1992 466 2017 ειν
483 2008 492 2024 ,
525 1980 572 2017 de
603 1995 679 2032 quo
713 1982 791 2020 vid.
829 1985 1071 2034 potissimum

405 2035 487 2082 VII,
511 2035 591 2076 184
613 2044 649 2073 et
668 2037 812 2078 Duker.
837 2039 885 2076 ad
906 2040 1070 2094 Thucy-

404 2089 481 2127 did.
504 2093 568 2140 VI,
589 2092 721 2134 43.—-
742 2096 836 2133 Mox
858 2096 945 2134 dedi
974 2096 1069 2137 τού-

403 2162 483 2186 των
515 2155 551 2186 et
571 2145 702 2188 αὐτῶν
729 2165 797 2202 pro
830 2152 1000 2193 τουτέων
1031 2162 1068 2192 et

405 2198 571 2243 αὐτέων.
630 2205 692 2243 Ad
722 2221 836 2246 voces
858 2208 897 2256 ἐς
919 2207 984 2250 τὸν
995 2226 1066 2250 πε-

406 2256 472 2306 ζόν
489 2261 757 2313 τεταγμένοισι
790 2266 893 2305 conf.
915 2267 995 2317 VH,
1012 2271 1062 2309 21

402 2317 493 2370 ibiq.
515 2325 611 2356 nott.

459 2424 508 2469 ου’
531 2426 604 2483 γὰρ
626 2427 822 2487 ἀναγκαίῃ
856 2432 1063 2487 ἐξέργομαι

401 2484 441 2533 ἐς
463 2484 784 2540 ἷστορίηςλόγον]
815 2489 1063 2542 ,,Νε(]ιιεεηιήι

402 2546 605 2581 necessitate
628 2545 832 2595 adstringat*
866 2545 988 2597 (haec
1008 2562 1061 2586 sc.

399 2599 578 2637 narrandi
588 2602 831 2655 singulosque
844 2602 957 2642 duces
968 2619 1061 2642 euu-

399 2657 605 2707 merandi),
627 2659 718 2709 quod
740 2660 789 2697 ad
811 2661 916 2698 huius
933 2674 1063 2699 narra-

397 2714 504 2750 tionis
555 2717 725 2753 rationem
782 2718 920 2755 attinet.
1004 2720 1061 2756 lta

398 2767 750 2819 Schweighaeuser.
779 2774 819 2810 in
850 2775 946 2811 Lex.
978 2776 1060 2811 He-

398 2823 522 2862 rodot.
562 2827 625 2863 Tu
648 2829 748 2867 conf.
771 2829 851 2877 VII,
876 2831 968 2870 139·
986 2833 1056 2879 IX,

400 2882 477 2922 111
507 2887 544 2919 et
562 2882 698 2925 Matth.
719 2885 787 2924 Gr.
817 2886 885 2924 Gr.
916 2886 955 2931 §.
975 2885 1057 2928 535

1129 1370 1210 1402 not.
1225 1365 1248 1403 3
1270 1376 1359 1415 pag.
1385 1362 1507 1404 1052.
1563 1364 1699 1415 Neque
1717 1358 1796 1398 huc

1128 1434 1208 1458 non
1223 1421 1387 1470 pertinet
1405 1421 1488 1468 VII,
1516 1421 1569 1460 99
1600 1420 1684 1457 init.

1187 1475 1276 1516 οὕτε
1298 1475 1374 1530 γὰρ
1395 1476 1536 1523 ἔθνεος
1559 1472 1728 1516 ἑκάστου
1750 1471 1794 1513 ἔ-

1127 1529 1266 1582 migma
1283 1528 1391 1586 ἦσαν
1411 1532 1453 1573 οἷ
1468 1529 1684 1584 ἡγεμόνες]
1714 1527 1796 1568 Ne-

1131 1603 1194 1641 que
1228 1592 1319 1628 enim
1350 1591 1517 1638 cuiusque
1533 1587 1662 1639 populi
1688 1587 1794 1625 duces

1131 1648 1236 1695 digni
1254 1649 1374 1693 erant,⁴
1405 1657 1551 1696 quorum
1565 1645 1672 1696 fieret
1693 1656 1794 1682 men-

1557 1134 1650 1176 Τοῦ
1692 1129 1796 1174 δὲΞο
1842 1145 1844 1154 ‚

1129 1706 1177 1740 tio
1191 1733 1200 1750 ,
1233 1705 1329 1740 etin
1359 1714 1565 1752 unoquoque
1584 1700 1715 1753 populo
1741 1703 1793 1737 tot
1846 1716 1851 1722 ·

1129 1761 1234 1796 etiam
1263 1762 1363 1796 erant
1400 1758 1505 1795 duces
1535 1761 1619 1808 quot
1639 1759 1742 1795 urbes
1761 1769 1794 1797 s,

1130 1818 1304 1853 civitates.
1349 1816 1408 1851 De
1427 1815 1623 1866 particulis
1643 1811 1794 1855 οὕτε-

1129 1887 1169 1911 τε
1198 1871 1276 1910 vid.
1299 1872 1410 1908 allata
1430 1870 1479 1909 ad
1498 1872 1563 1920 VI,
1578 1874 1614 1912 1.
1637 1866 1794 1919 ἐπάξιοι

1129 1942 1219 1965 cum
1239 1935 1398 1966 recentt.
1430 1927 1490 1966 ed.
1511 1929 1670 1977 retinui3
1699 1939 1794 1964 nam

1129 1975 1352 2034 ἅπᾶξιοι,11ῐ
1360 1986 1681 2037 plures'praebent
1692 1984 1792 2032 libri,

1127 2043 1175 2079 ab
1204 2041 1279 2080 hoc
1299 2044 1384 2080 loco
1405 2043 1576 2080 alienum
1594 2040 1758 2078 videtur.

1186 2096 1316 2151 ὥσπερ
1347 2098 1391 2138 οἷ
1427 2095 1540 2137 ἄλλοι
1581 2091 1791 2151 στρατευό-

1127 2170 1241 2207 μενοι
1262 2155 1428 2204 δοῦλοι]
1477 2155 1622 2193 Vocem
1651 2153 1790 2194 δοῦλοι

1123 2213 1260 2250 melius
1273 2212 1398 2250 omitti
1417 2218 1526 2263 putat
1535 2209 1789 2249 Valckenaer.

1122 2269 1175 2306 At
1194 2268 1272 2307 vid.
1302 2275 1433 2305 notata
1453 2267 1503 2306 ad
1526 2269 1608 2317 Vll,
1629 2266 1669 2308 5.
1703 2268 1789 2304 Du-

1124 2338 1185 2362 ces
1215 2338 1246 2363 s.
1278 2323 1488 2378 στρατηγοὶ
1517 2323 1658 2362 harum
1688 2337 1789 2376 gen-

1122 2382 1220 2419 tium
1267 2383 1429 2418 minime
1463 2388 1499 2419 et
1537 2382 1609 2433 ipsi
1648 2381 1789 2421 δοῦλοι

1122 2444 1250 2485 erant,
1281 2437 1348 2476 sed
1369 2438 1481 2486 liberi,
1512 2438 1657 2487 domini,
1681 2451 1703 2474 e
1722 2450 1787 2475 re-

1119 2496 1180 2545 gia
1215 2495 1420 2532 Persarum
1449 2495 1564 2546 stirpe
1592 2501 1785 2547 genteque

1118 2549 1496 2589 Achaemenidarum
1550 2551 1784 2590 nobilissima

1120 2610 1308 2659 prognati,
1339 2615 1382 2646 ut
1400 2621 1514 2660 supra
1539 2607 1619 2646 dixi
1638 2606 1687 2646 ad
1701 2607 1782 2655 VII,

1119 2666 1187 2705 81.
1213 2687 1270 2692 —-
1319 2667 1413 2703 Mox
1450 2671 1536 2716 post
1564 2677 1677 2704 voces
1697 2662 1784 2706 ἐπεὶ

1119 2721 1330 2775 στρατηγοὶ
1370 2736 1391 2759 e
1425 2722 1646 2760 Florentino
1676 2721 1780 2759 inse-

1117 2779 1176 2814 rui
1195 2792 1258 2827 τε,
1282 2777 1504 2829 Schweigh.
1525 2785 1563 2816 et
1583 2776 1699 2813 Gnisf.
1719 2785 1780 2811 se-

1116 2840 1240 2875 cutus.

1114 2888 1218 2928 conf.
1237 2889 1318 2939 VII,
1340 2890 1408 2930 81.

1298 2834 1361 2870 Ad
1405 2835 1571 2870 sormam
1610 2827 1793 2883 εἰρέαται·-
