1870 3249
582 231 890 269 ERATO.
948 231 1028 270 Vl.

1359 229 1444 269 269

170 346 209 390 εἰ
235 342 386 398 ποιοίη
427 340 482 385 τά
522 357 603 397 περ
640 337 782 385 αὐτοῦ
811 340 856 384 οἱ
885 338 1108 397 Δόλογκοι
1137 338 1441 394 προσεδέοντο.

44 406 110 451 36
168 410 446 467 Κελευούσης
476 409 522 453 δὲ
551 410 628 453 καὶ
656 412 734 465 τῆς
764 408 961 464 Πυθίης,
1009 406 1126 450 οὕτω
1157 405 1211 462 δὴ
1251 406 1442 450 Μιλτιά-

165 482 243 536 δης
273 476 297 522 ὁ
327 478 556 530 Κυψέλου,
580 475 799 532 Ὀλύμπιοι
820 474 1072 531 ἄναιρηκώς
1091 473 1310 529 πρότερον
1338 473 1439 517 τού·
1451 478 1495 515 65

161 562 250 591 των
279 547 531 601 τεθρίππῳ,
570 543 665 588 τότε
701 543 975 599 παραλαβών
1013 541 1260 599 Ἀθηναίων
1295 540 1439 586 πάντα

158 614 239 658 τὸν
275 613 550 669 βουλόμενον
588 613 777 669 μετέχειν
826 614 908 655 τοῦ
953 610 1136 659 στόλου,
1182 610 1304 655 ἔπλεε
1345 609 1436 666 ἅμα

159 686 274 726 τοῖσι
301 680 594 736 Δολόγκοισι,
636 683 710 725 καὶ
742 681 834 736 ἔσχε
871 681 950 737 τὴν
978 675 1150 734 χώρην·
1183 678 1258 721 καί
1287 693 1364 735 μιν
1393 678 1437 721 οἱ

130 748 484 807 Ξέπαγαγόμενοι
519 748 743 803 τύραννον
777 746 1111 804 κατεστήσαντο.
1165 745 1216 788 Ὃ
1245 746 1292 790 δὲ
1321 749 1437 802 πρῶ-

148 833 228 860 τον
257 816 335 872 μὲν
365 816 602 873 ἀπετείχισε
640 815 719 861 τὸν
748 814 914 873 ἰσθμόν
951 817 1028 872 τῆς
1061 812 1349 870 Χερσονήσου
1388 812 1466 857 ἐκ7

100 994 177 1019 νον
196 981 299 1018 conf.
320 979 366 1029 V,
388 982 456 1021 36.
475 981 525 1028 Π,
542 979 698 1022 115.-
721 981 767 1016 In

101 1036 179 1073 fine
213 1051 296 1089 cap.
327 1037 530 1074 seiunctim
561 1039 691 1088 scripsi
721 1035 766 1076 ἐκ

100 1094 240 1133 ποδῶν
268 1090 370 1133 εἶναι
403 1094 448 1145 (e
471 1098 656 1145 conspectu
679 1106 764 1143 esse,

100 1154 270 1188 remotum
291 1164 362 1188 esse
371 1149 400 1202 )‚
440 1151 509 1187 ubi
528 1152 646 1202 vulgo
666 1163 764 1188 con-

98 1208 260 1245 iunctim
281 1206 479 1247 ἐκποδῶν.

158 1264 195 1304 εἰ
213 1265 378 1315 ποιοίη]
411 1266 458 1301 G.
480 1265 692 1301 Hermann.
706 1264 765 1300 De

98 1323 232 1372 partic.
267 1317 319 1360 ἂν
348 1323 396 1370 Π,
423 1319 450 1360 4
470 1335 509 1372 p.
541 1324 596 1363 90
615 1322 765 1359 mavult

36 1371 42 1374 s
96 1381 202 1432 ποιῇ
230 1385 274 1415 ut
300 1378 347 1426 v,
378 1378 445 1426 42,
463 1378 544 1415 ‘ubi
571 1378 650 1416 vid.
671 1379 765 1415 Vel-

96 1435 177 1471 lem
196 1436 324 1486 scripti
335 1435 420 1471 libri
431 1433 664 1472 addicerent.
685 1436 763 1472 Pro

95 1493 237 1543 ποιοίη
269 1494 385 1529 etiam
414 1493 612 1531 Dobraeus
650 1493 764 1530 scribi

95 1550 179 1586 vult
207 1551 321 1604 ποιῇ.

275 1628 370 1681 cap.
394 1628 579 1666 xxxvl.

147 1712 353 1769 Ὀλύμπια
385 1713 644 1772 α’νοιιρηκαῖς]
701 1717 761 1755 Ita

94 1787 187 1811 cum
214 1782 374 1813 recentt.
399 1775 487 1814 edd.
516 1775 670 1827 reposui
688 1788 760 1826 pro

92 1832 200 1881 vulg.
228 1827 456 1885 ἀνῃρηκώς.
497 1831 670 1869 Bekker.
690 1831 762 1869 de-

95 1886 152 1924 dit
173 1883 467 1941 οἷναραιρηκοός.
498 1889 761 1926 Delocutione

94 1942 174 1981 vid.
201 1951 333 1982 notata
363 1944 411 1982 ad
438 1946 486 1994 V,
508 1948 602 1987 102.
664 1946 761 1983 Mox

95 1999 186 2038 dedi
204 1996 360 2041 τούτων
377 2015 449 2053 pro
469 2000 656 2041 τουτέων.

150 2053 282 2096 πάντα
293 2054 358 2098 τὸν
368 2055 631 2110 βουλόμενον]
642 2060 758 2109 „Non

93 2111 216 2152 defuit
241 2116 424 2153 Pisistrati
442 2129 659 2164 consensus,
689 2130 760 2153 cu—

91 2170 183 2222 pide
202 2179 401 2222 potentem
414 2180 452 2210 et
470 2174 683 2224 gratiosum
695 2174 758 2212 vi-

91 2240 180 2265 rum
210 2230 424 2267 amolientis
436 2235 463 2279 ‚'
481 2236 757 2283 praetereaque

89 2287 218 2337 copias
259 2293 297 2324 et
332 2288 544 2324 necessaria
572 2287 758 2340 suppedi-

89 2343 225 2390 tantis3
256 2342 362 2396 quod
381 2344 623 2382 narrantibus
653 2343 756 2397 apud

87 2398 357 2438 Marcellinum
394 2401 578 2439 accedo.“
621 2401 752 2440 Wes-

87 2456 255 2506 seling.
314 2458 410 2496 Mox
445 2459 580 2510 optimi
607 2460 751 2512 quique
778 2486 781 2487 γ

90 2511 175 2564 ἔσχε
188 2541 204 2558 ,
253 2514 360 2552 cuius
387 2515 474 2553 loco
495 2515 601 2564 olim,
621 2522 666 2553 ut
684 2517 749 2565 VI,

86 2567 141 2612 45
164 2568 264 2618 ἔσκε,
296 2571 750 2623 aWesselingio‘dudum

86 2627 284 2676 reiectum,
305 2629 492 2679 probante
511 2624 758 2681 Schwdgh..

86 2684 153 2735 qui
174 2683 222 2721 ad
242 2685 290 2721 G.
301 2686 514 2723 Hermann.
542 2687 601 2723 De
613 2699 750 2724 emen-

85 2737 202 2778 dand.
222 2748 293 2779 rat.
305 2743 439 2779 Graec.
451 2744 624 2780 Gramm.
646 2757 685 2795 p.
696 2743 750 2785 58

89 2797 300 2836 amandans
321 2829 330 2847 ‚
383 2797 480 2836 haec
529 2799 750 2850 adscripsit:

89 2854 232 2901 „Recte
251 2856 455 2909 utrobique
476 2855 562 2908 ἔσχε
592 2858 752 2895 restituit

823 976 1118 1028 Wesselingius.
1157 977 1258 1014 Nam
1279 974 1367 1016 ἔσκε
1387 974 1491 1027 apud

821 1036 1004 1071 Nostrum
1042 1035 1212 1085 aliosque
1254 1035 1366 1070 Iones
1412 1036 1491 1070 erat

819 1091 1030 1142 siguificat3
1052 1097 1089 1128 et
1108 1091 1172 1126 ille
1191 1091 1240 1127 A.
1258 1090 1372 1127 Gellii
1390 1090 1490 1126 ami-

819 1161 899 1196 cus,
921 1149 989 1200 qui
1018 1145 1134 1187 ἔσκον
1154 1160 1246 1184 cum
1273 1145 1389 1197 ἔσχον
1413 1146 1490 1183 dici

822 1206 894 1253 ait,
922 1206 971 1244 N.
1001 1205 1081 1242 Att.
1106 1204 1171 1252 VI,
1197 1202 1248 1244 15
1277 1210 1342 1240 aut
1371 1202 1489 1243 ἔσκον

820 1274 914 1299 cum
944 1260 1059 1313 ἔσχον
1084 1262 1262 1312 imperite
1297 1259 1488 1308 confudit,

820 1325 887 1356 aut
906 1325 1085 1370 corrupto
1099 1319 1179 1355 iam
1198 1324 1290 1355 tunc
1301 1316 1490 1355 Herodoti

821 1375 954 1414 codice
973 1389 1064 1413 usus
1085 1376 1182 1414 est.“

877 1427 1101 1484 ἐπετείχισε
1127 1428 1199 1472 τόν
1230 1427 1383 1482 ἰσθμὸν
1414 1431 1488 1482 τῆς

821 1485 1112 1543 Χερσονήσου]
1145 1487 1382 1538 „Miltiades,
1413 1487 1486 1525 du—

817 1550 874 1584 cto
894 1560 915 1583 a
930 1545 1069 1584 Cardia
1081 1545 1131 1583 ad
1140 1547 1328 1597 Pactyam
1343 1558 1377 1582 m
1387 1557 1413 1581 u
1424 1557 1443 1581 r
1453 1557 1485 1592 o,

814 1603 1024 1655 Apse'nthios
1080 1603 1287 1641 Chersonesi
1333 1603 1485 1640 introitu

811 1660 1007 1711 prohibuit.
1036 1659 1082 1697 Id
1103 1655 1375 1712 ἀποτειχίζειν,
1405 1661 1486 1696 sive

816 1724 860 1755 ut
890 1716 1082 1755 Diodorus
1119 1717 1365 1769 διατειχίζειν
1382 1746 1392 1765 ,
1441 1715 1482 1753 h.

817 1788 853 1812 e.
874 1771 1197 1826 οἰκοδομεῐνδιᾶ
1225 1777 1298 1814 τοῦ
1330 1773 1486 1824 ἰσθμοῦ

815 1834 954 1883 τεῖχος,
967 1832 1094 1870 Nostri
1114 1830 1283 1869 dictione
1300 1831 1401 1878 VIII,
1412 1833 1484 1870 71.

817 1888 1043 1939 Opportune
1069 1887 1307 1940 Xenophon.
1337 1900 1387 1924 ex
1415 1899 1483 1923 ore

817 1944 1153 1993 Chersonitarum,
1192 1944 1230 1984 εἰ
1260 1939 1295 1984 δ’
1324 1939 1482 1984 ‹inorsa-

817 2002 977 2053 χισθείη
995 2001 1038 2042 ἐκ
1059 1997 1266 2053 θαλάττης
1276 2000 1315 2048 ἔς
1326 1996 1482 2040 θάλατ-

814 2072 910 2107 ταν,
942 2057 991 2096 de
1018 2058 1094 2096 hoc
1119 2057 1252 2096 isthmi
1270 2060 1362 2110 iugo
1382 2059 1482 2095 Hist.

815 2116 882 2153 Gr.
902 2117 958 2152 111
975 2129 1016 2167 p.
1036 2115 1119 2158 487
1137 2117 1187 2153 n.
1220 2117 1304 2166 [111,
1326 2117 1354 2156 2
1375 2115 1412 2161 §.
1437 2118 1479 2156 7.

811 2171 915 2210 Add.
944 2174 1042 2210 Lex.
1071 2171 1256 2224 Xenoph.
1282 2174 1300 2209 I
1326 2185 1366 2224 p.
1397 2174 1480 2214 370

811 2231 912 2282 seq.]
927 2228 1045 2267 Addit
1064 2230 1367 2281 elegantissimus
1383 2230 1479 2267 scri-

810 2294 900 2338 ptor
919 2281 1204 2339 οἷποτειχισμόν
1219 2289 1298 2326 sive
1318 2299 1477 2325 murum

812 2357 834 2381 a
873 2343 1094 2397 Dercyllida
1133 2345 1324 2398 Spartano
1360 2344 1477 2381 fuisse

807 2402 1027 2439 absolutum
1078 2408 1117 2439 et
1156 2400 1329 2440 Thraces
1368 2401 1474 2438 aditu

806 2457 857 2496 ad
877 2457 1159 2496 Chersonesum
1177 2460 1350 2497 exclusos
1364 2488 1374 2507 ‚
1411 2472 1475 2496 se-

807 2522 951 2568 quente
961 2515 1132 2554 Diodoro
1152 2517 1255 2565 XIV,
1268 2519 1335 2558 38.
1367 2514 1474 2552 Con—

805 2574 979 2610 similiter
993 2569 1259 2625 ἀποτειχίζειν
1272 2573 1313 2610 in
1328 2571 1474 2610 isthmo

804 2630 981 2668 Pallenes
1001 2638 1114 2668 mur‘o
1134 2631 1340 2681 intersepto
1357 2628 1473 2667 Thu-

806 2686 962 2739 cydides
992 2688 1022 2736 Ι,
1053 2686 1130 2736 64,
1179 2689 1227 2725 ab
1254 2689 1474 2738 Harpocra-

804 2745 911 2781 tione
950 2743 1168 2782 advocatus.
1182 2745 1206 2764 “
1282 2742 1472 2781 Wessel.

805 2800 920 2838 Unde
950 2802 1037 2838 satis
1074 2807 1179 2852 patet
1195 2829 1205 2849 ,
1261 2798 1475 2851 ἐπετείχισε

809 2857 915 2910 quod
934 2858 1106 2909 pluribus
1125 2858 1164 2894 in
1201 2855 1315 2895 codd.
1336 2863 1472 2907 exstat,

1498 398 1624 427 facilem
1643 405 1677 426 ee
1686 405 1776 433 prae-

1500 434 1551 460 bet
1568 433 1725 467 Doloncis‚

1500 475 1613 502 eosque
1627 467 1659 493 iu
1680 467 1777 494 Cher-

1497 509 1641 527 sonesum
1660 508 1726 527 cum

1497 534 1613 561 colonis
1628 538 1751 562 secutus

1499 568 1543 602 [a.
1557 568 1648 602 5503,
1677 570 1708 595 et

1494 609 1647 628 summum
1664 601 1707 629 ibi

1494 635 1656 671 imperium
1677 634 1743 663 adi-

1516 669 1638 703 iscitur,
1658 673 1690 696 et

1522 702 1724 739 psinthiorum

1493 737 1683 764 incursiones
1708 744 1773 763 mu-

1492 770 1659 799 nitionibus
1691 770 1772 798 cohi-

1468 804 1557 852 obet.
