1851 3181
307 683 407 730 104-

462 247 546 287 372
607 241 609 245 ⁸

866 243 1333 280 HERODOTI

435 361 454 394 7
463 352 513 396 Ὁ
541 353 620 408 μὲν
641 349 694 406 δή
725 349 1020 406 πρεσβύτερος
1047 367 1136 395 των
1154 352 1324 396 παίδων
1342 354 1403 410 τῷ
1423 352 1590 408 Κίμωνι
1617 355 1727 408 Στη

462 417 654 475 σαγόρης
692 412 749 474 ἦν
786 421 1024 473 τηνικαῦτα
1067 418 1186 474 παρά
1228 424 1289 475 τῷ
1328 419 1478 476 πάτρῳ
1509 418 1727 501 Μιλτιάδῃ

464 485 731 541 τρεφόμενος
761 484 808 528 ἓν
837 490 890 542 τῆ
919 486 1207 544 Χερσονησῳ·
1254 485 1277 530 ὁ
1308 487 1354 530 δὲ
1383 487 1594 541 νεώτερος
1622 484 1726 540 παρ’

466 553 585 610 αὐτῷ
615 554 789 608 Κίμωνι
826 552 874 596 ἐν
911 552 1144 611 Ἀθήνῃσι,
1175 552 1368 610 τοῦνομα
1399 555 1505 610 ἔχων
1535 553 1620 598 ἀπὸ
1651 556 1732 598 τοῦ

464 620 659 665 οἰκιστέω
699 624 776 677 τῆς
824 621 1110 679 Χερσονήσου
1144 623 1421 672 Μιλτιάδεω,
1472 620 1730 676 Μιλτιάδης.

466 683 606 740 Οὗτος
635 687 689 744 δὴ
720 683 785 732 ὦν
813 687 908 732 τότε
938 689 960 733 ὁ
992 687 1264 744 Μιλτιάδης,
1294 688 1413 744 ἥκων
1444 687 1490 731 ἐκ
1518 692 1594 744 τῆς
1623 691 1765 742 Χερ-1

465 758 677 814 σονήσου,
708 757 781 801 καὶ
812 755 1087 812 ἐκπεφευγώς
1118 755 1302 799 διπλόον
1332 755 1549 807 θάνατον,
1581 756 1730 808 ἐστρα-

438 826 590 881 Ξτήγεε
617 823 872 880 Ἀθηναίων.
931 824 1019 880 ἅμα
1052 825 1131 878 μὲν
1164 823 1248 880 γάρ
1280 825 1323 866 οἱ
1355 825 1554 874 Φοίνικες
1594 821 1743 874 αύτὸνῖ

463 893 507 934 οἱ
539 891 838 945 ἐπιδιώξαντες
868 893 992 948 μέχρι
1007 891 1190 948 Ἴμβρου
1219 891 1318 945 περὶ
1343 894 1508 934 πολλοῦ
1539 892 1730 935 ἐποιεῦν-

461 977 511 1002 το
542 963 690 1016 λαβεῖν
720 977 765 1003 τε
795 961 868 1004 καὶ
901 959 1133 1015 ἀναγαγεῖν
1175 959 1294 1013 παρὰ
1322 958 1520 1015 βασιλέα,
1561 960 1650 1016 ἅμα
1679 959 1758 1004 δὲ5

464 1027 715 1083 ἐκφυγόντα
744 1043 788 1070 τε
818 1028 1023 1081 τούτους,
1055 1027 1127 1070 καὶ
1157 1025 1426 1083 ἀπικόμενον
1446 1027 1487 1078 ἐς
1516 1027 1596 1084 τὴν
1626 1027 1730 1071 ἑωυ-

462 1098 543 1137 τοῦ
574 1093 784 1138 δοκέοντά
812 1111 856 1139 τε
886 1093 998 1139 εἶναι
1022 1094 1069 1138 ἐν
1101 1097 1309 1152 σωτηρίῃ,
1341 1094 1425 1151 ἤδη
1447 1094 1495 1141 τό
1526 1095 1729 1138 ἐνθεῦτέν

463 1178 541 1216 μιν
583 1164 627 1205 οἱ
670 1163 823 1219 ἐχθροὶ
853 1161 1188 1219 ὑποδεξάμενοι,
1229 1164 1302 1207 καὶ
1331 1161 1418 1206 ὑπὸ
1449 1162 1731 1219 δικαστήριον

465 1229 601 1273 αὐτὸν
642 1229 894 1285 ἀγαγόντες,
935 1232 1114 1282 ἐδίωξαν
1153 1233 1414 1286 τυραννίδος
1443 1234 1517 1286 τῆς
1548 1231 1594 1274 ἐν
1623 1234 1728 1294 Χερ-
1745 1238 1789 1272 10

435 1297 656 1355 3σονήσῳ.
701 1296 945 1353 ἀποφυγὼν
974 1299 1020 1342 δὲ
1049 1299 1122 1343 καὶ
1151 1298 1350 1353 τούτους,
1391 1298 1626 1354 στρατηγὸς
1656 1297 1732 1342 οὕ-

464 1381 524 1407 τω
549 1364 796 1422 Ἀθηναίων
826 1365 1063 1424 ἀπεδέχθη,
1108 1367 1295 1423 αἱρεθεὶς
1332 1365 1420 1410 ὑπὸ
1458 1369 1537 1410 τοῦ
1576 1365 1730 1422 δήμου.

409 1558 498 1596 pag.
515 1545 598 1586 432
618 1560 697 1598 seq.
702 1577 711 1595 ‚
733 1561 873 1601 equos,
906 1552 971 1603 qui
991 1559 1070 1588 ter-

411 1615 478 1639 nas
500 1601 565 1638 has
588 1603 790 1655 Olympiae
809 1608 951 1643 vxcton
946 1622 982 1644 15
1007 1622 1070 1645 re-

410 1666 674 1709 portaverant,
731 1663 771 1697 in
818 1664 1014 1701 Celamico
1049 1678 1071 1701 a

410 1715 579 1752 Miltiade
596 1730 674 1754 esse
693 1720 871 1769 sepultos,
901 1723 1071 1773 itemque

410 1773 631 1822 Euagoram
659 1787 776 1825 equos
813 1774 1073 1814 honorificen-

411 1829 553 1865 tissime
583 1828 774 1870 humasse.
805 1854 860 1860 -—
908 1834 971 1870 Ad
992 1835 1072 1871 for—

411 1898 518 1922 mam
549 1882 777 1935 τεθάφαται
805 1890 904 1928 conf.
936 1890 1071 1929 Matth.

413 1943 480 1978 Gr.
517 1943 583 1979 Gr.
613 1956 701 1993 pag.
731 1947 829 1985 377.
888 1948 963 1984 Pro
984 1963 1072 1987 του-

414 1997 512 2036 τέων
533 1998 621 2035 dedi
641 1997 807 2041 τούτων.

469 2075 512 2116 Ὁ
533 2074 604 2126 μὲν
638 2075 688 2129 δή
707 2075 974 2132 πρεσβύτερος
996 2084 1076 2121 τῶν

415 2133 571 2172 παίδων
592 2136 648 2185 τῷ
674 2135 860 2186 Κίμωνι]
885 2138 1077 2175 Consimi-

414 2190 458 2226 lis
480 2188 598 2226 dativi
617 2197 804 2229 structura
824 2195 886 2241 lv,
909 2195 976 2235 51.
1006 2196 1075 2242 lx,

419 2248 511 2292 107,
533 2253 574 2281 ut
595 2254 727 2283 monet
745 2249 978 2301 Wesseliug.
1009 2253 1075 2288 Tu

417 2301 518 2338 conf.
539 2309 635 2339 nott.
653 2302 700 2339 ad
729 2305 758 2351 Ι,
788 2304 855 2344 34.

473 2405 580 2441 παρα
617 2405 670 2442 τῳ
713 2387 882 2446 πάτρω]
934 2396 1075 2442 „Recte

417 2445 590 2483 Eustath.
624 2448 662 2483 in
692 2449 975 2500 11.11p.239,
1000 2454 1072 2492 16:

420 2517 473 2549 ως
497 2498 588 2553 παρ’
615 2501 810 2571 Ἡροδότῳ
848 2502 1016 2558 Πάτρως
1053 2524 1073 2548 ο

421 2554 500 2598 α’πο
531 2563 724 2611 πατρικοῦ
751 2556 930 2609 ἀδελφοῦ
962 2568 1076 2633 Γθεῖος

422 2611 526 2654 οὕτω
555 2631 628 2654 νυν
658 2618 719 2662 (ΙΙ
738 2618 786 2665 ΙΙ,
810 2619 919 2666 661)
951 2618 972 2659 ὁ
996 2616 1075 2660 &²750

422 2675 613 2722 ματρικοῦ
655 2668 848 2726 Μητρως.
908 2677 987 2712 Hac
1019 2684 1077 2714 et-

422 2729 499 2764 iam
519 2730 558 2764 in
580 2742 673 2766 voce
693 2731 762 2766 sibi
792 2737 937 2767 constat
954 2735 1079 2770 Hero-

423 2783 531 2821 dotus
550 2787 597 2832 Π,
614 2789 704 2826 133.
725 2787 864 2834 1V‚76.
883 2787 962 2836 vn,
987 2792 1078 2829 10.“

428 2839 489 2878 Va
504 2841 545 2878 lc
557 2841 577 2878 lc
590 2855 606 2878 e
618 2855 655 2879 η.
708 2844 913 2894 perperam
953 2853 1080 2883 nostro

1122 1552 1167 1588 in
1195 1552 1279 1589 loco
1309 1549 1483 1588 Thomas
1512 1552 1615 1602 Mag.
1645 1565 1684 1602 p.
1707 1548 1787 1591 848

1129 1610 1294 1659 explicat
1321 1606 1448 1660 ἤγουν
1466 1609 1521 1661 τῷ
1547 1604 1712 1662 πάππῳ.

1128 1831 1264 1869 Matth.
1287 1833 1352 1872 Gr.
1375 1834 1441 1871 Gr.
1461 1845 1548 1882 pag.
1572 1832 1704 1880 1195,
1724 1833 1790 1883 qui

1129 1888 1233 1926 idem
1270 1887 1319 1925 ad
1348 1891 1524 1940 proxime
1560 1888 1788 1925 antecedens

1130 1942 1243 1995 ἥκων
1264 1947 1408 1983 consul.
1428 1959 1517 1997 pag.
1547 1944 1640 1985 956.
1687 1944 1789 1983 Ach

1132 2002 1270 2040 suidas
1300 2017 1330 2040 s-
1360 2017 1396 2041 v.
1428 1996 1656 2052 Μιλτιάδης
1685 2003 1734 2039 Τ.
1755 2002 1792 2037 Π

1132 2072 1220 2110 pag.
1242 2058 1336 2100 562.
1395 2060 1471 2096 Pro
1502 2059 1674 2111 βασιλῆα
1702 2057 1792 2095 dedi

1133 2114 1309 2167 βασιλέα.

1189 2169 1267 2222 ἤδη
1297 2169 1341 2211 τό
1372 2168 1564 2211 ἐνθεῦτέν
1590 2184 1659 2221 μιν
1690 2169 1731 2208 οἷ
1756 2168 1792 2209 ἐ-

1133 2227 1252 2279 χθροὶ
1275 2224 1594 2277 ὑποδεξάμενοι]
1615 2227 1704 2263 Noli
1721 2225 1791 2263 de-

1133 2285 1211 2320 lere
1244 2299 1311 2334 μιν
1343 2290 1408 2320 aut
1437 2290 1585 2319 mutare
1619 2283 1660 2319 in
1696 2281 1791 2334 μὲν;

1131 2353 1203 2376 nee
1222 2341 1343 2391 magis
1364 2339 1600 2377 delendum'
1589 2352 1792 2392 msequens

1135 2391 1276 2444 αυτὸν,
1325 2410 1415 2433 cum
1451 2398 1492 2432 in
1522 2397 1656 2433 talibus
1688 2395 1791 2448 apud

1133 2452 1372 2490 Herodotum
1391 2453 1595 2491 verborum
1615 2451 1709 2489 haec
1729 2466 1792 2489 re-

1134 2509 1344 2547 dundantia
1373 2510 1569 2546 neminem
1596 2508 1790 2546 offendere

1134 2565 1283 2604 debeat.
1339 2566 1400 2603 Ad
1421 2567 1536 2603 verba
1563 2562 1642 2605 ’ὑπὸ
1678 2566 1791 2605 δικα-

1135 2619 1366 2673 στήριον-
1377 2618 1591 2674 ἀγαγόντες
1608 2621 1684 2659 vid.
1694 2629 1790 2660 nott.

1135 2679 1183 2716 ad
1213 2681 1277 2727 VI,
1298 2683 1366 2720 72.
1395 2677 1530 2717 Matth.
1561 2680 1627 2716 Gr.
1655 2679 1720 2715 Gr.
1748 2692 1789 2729 p.

1138 2738 1257 2784 1188,
1279 2737 1344 2787 qui
1367 2735 1470 2772 idem
1493 2737 1529 2780 §.
1551 2737 1632 2775 369
1646 2747 1686 2785 p.
1708 2737 1787 2775 683

1137 2792 1185 2827 ad
1212 2793 1326 2829 verba
1356 2792 1523 2838 ἐδίωξαν
1553 2791 1789 2842 τυραννίδος
1846 2818 1848 2823 ›

1137 2855 1174 2884 et
1193 2861 1280 2899 pag.
1312 2848 1394 2890 562
1425 2847 1473 2885 ad
1493 2848 1607 2885 verba
1646 2849 1717 2899 τῆς
1745 2845 1789 2886 ἐν

1847 2538 1851 2723 ι
