1789 3258
420 225 886 262 POLYMNIA.
948 225 1048 262 Vll.
1276 225 1356 264 631

1406 327 1625 358 Thessalorum
1634 338 1684 358 ex-

0 341 37 387 o
102 352 197 387 ναι,
237 334 265 391 ἡ
305 333 527 384 διάστασις
562 337 650 377 τῶν
689 335 869 390 ου’ρέων.
931 335 984 377 Οἱ
1014 334 1060 378 δὲ
1096 331 1352 388 κατηγεόμε-
1408 364 1554 398 pugnatio
1574 364 1609 391 ob
1624 368 1684 392 m„

1411 405 1464 423 rae
1482 401 1624 425 naturam

93 419 190 453 νθι,
230 401 461 457 εἰρομένου
497 402 666 456 Ξέρξεω
698 406 734 447 εἰ
772 404 860 447 ἔστι
889 402 996 458 ἄλλη
1028 402 1175 454 ἔξοδος
1210 400 1252 452 ἐς
1276 398 1502 458 θά-85Χωὶ
1519 431 1665 460 facillima

94 475 258 515 λασσαν
287 475 347 528 τῷ
378 474 572 527 Πηνειῷ,
604 470 922 525 ἐξεπιστάμενοι
952 470 1175 527 ἀτρεκέως,
1204 466 1350 513 εἶπον·
1429 463 1436 469 ’

93 541 321 591 ,,Βασιλεῦ,
349 543 532 596 ποταμῷ
561 539 700 598 τούτῳ
731 537 813 583 οὐκ
844 540 932 583 ἔστι
963 538 1070 594 ἄλλη
1095 539 1288 594 ἐξήλυσις
1312 537 1354 589 ἐς

91 605 348 659 ,,θάλασσαν
390 607 654 663 κατήκουσα,
704 605 792 650 ἄλλ’
820 606 898 663 ἥδε
929 605 1058 664 αὐτή·
1091 606 1240 661 οὔρεσι
1268 605 1352 662 γὰρ
1410 596 1493 639 562

66 674 524 730 2,,περιεστεφάνωται
551 679 670 719 πᾶσα
712 676 964 731 Θεσσαλίηὲί
1033 675 1191 729 Ξέρξεα
1215 674 1260 717 δὲ
1290 673 1350 717 λέ·
1362 680 1408 714 90

92 758 211 799 γεται
241 744 377 786 εἰπεῖν
405 743 516 797 πρὸς
544 748 703 787 ταῦτα·
734 743 910 799 ,,Σοφοὶ
940 740 1095 796 ἄνδρες
1125 743 1204 786 εἰσὶ
1236 746 1349 786 Θεσ-

92 812 258 863 ,,σαλοί.
317 808 438 855 ταῦτ’
467 810 553 866 ἄρα
582 811 667 868 πρὸ
698 815 865 855 πολλοῦ
895 808 1164 868 ἐφυλάξαντο
1194 821 1353 865 γνωσι-

207 976 312 1041 Cap.
343 974 504 1012 CXXX.

89 1027 169 1071 ἄλλ’
199 1027 280 1083 ήδη
311 1026 446 1082 αὐτή]
498 1031 599 1068 Olim
618 1027 690 1080 ἥδε

31 1085 144 1138 αὕτη,
167 1088 271 1140 quod
292 1086 690 1125 Abresch.Di1ucidd.

28 1143 236 1197 Thucydd.
276 1159 315 1196 p.
348 1145 429 1186 605
460 1146 621 1181 mutavit
649 1145 690 1181 in

29 1197 104 1253 ἥδε
129 1197 228 1254 αὐτὴ
260 1202 445 1253 probante
474 1202 690 1239 Wesselin-

29 1260 111 1309 gio,
131 1272 221 1296 cum
241 1260 305 1296 sit:
326 1260 397 1296 nisi
416 1258 472 1295 hic
490 1259 604 1305 solus,
632 1259 688 1296 ln'c

27 1317 114 1366 ipse.
172 1317 314 1367 Recepi
333 1315 450 1364 illud,
485 1329 597 1353 sensu
618 1315 689 1352 fia-

26 1373 187 1423 gitante.
262 1374 391 1425 Atque
437 1373 551 1409 etiam
585 1374 687 1410 Mat-

24 1427 127 1466 thiae
147 1431 199 1467 sic
220 1429 356 1480 refingi
375 1430 457 1467 vth
486 1431 547 1466 vel
566 1443 688 1467 vocu-

23 1485 103 1523 lam
124 1481 226 1538 αῧτη
247 1500 399 1537 prorsus
430 1485 559 1534 deleri,
582 1485 686 1538 quod

25 1542 207 1595 equidem
245 1544 370 1580 facere
405 1544 525 1580 nolui.
586 1545 687 1580 Mat-

24 1597 126 1637 thiae
152 1601 234 1651 ipse
262 1601 304 1637 in
332 1607 440 1638 textu
470 1599 574 1637 dedit
603 1595 687 1639 ἄλλ’

25 1651 56 1708 ἢ
76 1652 188 1708 αὕτη.

82 1743 217 1800 οὔρεσι
247 1744 322 1800 γάρ
363 1742 679 1799 περιεστεφάνω-

25 1817 89 1842 ται
114 1816 226 1843 πασα
247 1805 460 1854 Θεσσαλίη]
483 1805 509 1841 i.
532 1818 565 1842 e.
585 1817 684 1841 mon-

25 1859 119 1896 tibus
148 1863 240 1898 enz‘m
271 1864 450 1911 tamquam
482 1861 608 1898 corone
633 1862 683 1908 (S.

24 1918 217 1953 montium
245 1918 412 1967 corona)
444 1919 551 1954 omnis
569 1920 684 1954 cincta

24 1975 75 2008 est
99 1972 296 2011 Thessalia.
353 1975 415 2010 Ex
435 1975 602 2010 Homero
623 1975 683 2010 lo-

25 2029 220 2065 cutionem
277 2037 526 2081 propagatam
593 2029 683 2067 dicit

23 2085 315 2136 Wesselingius,
330 2099 546 2137 expressam
557 2087 683 2137 abOp-

22 2142 127 2206 pian.
158 2144 541 2191 Halieutt.H,121.
587 2144 682 2180 Mihi

23 2198 63 2234 in
96 2207 270 2237 mentem
298 2201 456 2237 veniunt
476 2201 680 2237 Homerica

22 2255 66 2293 11.
94 2257 179 2305 XV,
213 2257 313 2297 153·
359 2252 466 2307 α’μφὶ
500 2272 569 2296 τον
601 2258 681 2296 Δία

22 2308 148 2352 θυόεν
168 2311 293 2362 νέφος
315 2308 563 2363 ἐστεφάνωτο
594 2315 679 2351 coll.

23 2367 158 2435 Odyss.
196 2371 247 2418 X,
291 2370 390 2411 195:
437 2369 526 2422 περὶ
551 2373 681 2422 νῆσον

22 2421 172 2472 πόντος
211 2422 493 2474 ἐστεφάνωται.
533 2451 583 2455 -
635 2430 680 2464 Iu

21 2495 129 2534 seqq.
152 2482 272 2529 σοφοὶ
300 2480 442 2533 ἄνδρες
474 2491 584 2521 erunt
604 2485 680 2522 cal-

23 2538 92 2576 lidi
115 2540 208 2585 viri,
251 2539 452 2590 prudentes.
508 2540 595 2578 Vid.
624 2542 680 2578 al-

22 2595 98 2633 lata
119 2593 167 2632 ad
186 2595 231 2642 V,
256 2597 320 2635 18.
376 2597 434 2632 De
454 2605 679 2648 argumento

25 2651 93 2690 Cr.
114 2651 277 2689 conferri
297 2652 378 2689 vult
406 2653 618 2691 Casaubon.
632 2654 680 2692 ad

24 2706 164 2750 Athen.
192 2709 221 2755 Ι,
253 2709 303 2749 18
324 2722 363 2760 p.
394 2711 442 2750 11
465 2710 513 2752 Β.
541 2723 579 2761 p.
602 2713 679 2752 105

25 2763 243 2817 Schweigh.

79 2839 186 2885 ταῦτ’
213 2841 292 2898 ἄρα
311 2840 390 2896 πρό
405 2846 557 2885 πολλοῦ
579 2843 680 2896 ἔφυ-

747 970 916 1022 λάξαντο
955 972 1300 1027 γνωσιμαχέοντες,
1337 972 1406 1014 καὶ

746 1029 894 1080 τᾶλλα]
943 1032 969 1069 i.
1001 1045 1032 1068 e.
1063 1030 1167 1069 Haec
1198 1033 1312 1080 igitur
1333 1033 1406 1069 iam

746 1089 854 1126 multo
888 1092 971 1125 ante
1003 1088 1072 1125 sibi
1102 1091 1270 1125 caverunt
1292 1087 1406 1126 Thes-

745 1146 817 1183 sali
861 1148 1001 1183 mutata
1048 1147 1217 1182 sententia
1262 1144 1279 1194 (
1299 1146 1406 1196 prio-

744 1203 777 1238 ri
792 1204 805 1250 )
819 1232 828 1250 ,
857 1205 930 1239 tum
945 1202 984 1238 ob
1003 1205 1139 1239 caetera
1158 1206 1232 1239 tum
1248 1204 1331 1252 quia
1346 1215 1403 1239 re-

743 1261 882 1308 gionem
902 1272 984 1296 sane
999 1259 1173 1296 habebant
1180 1258 1328 1308 facilem
1339 1272 1403 1296 ca-

740 1321 819 1366 ptu.
879 1311 1169 1365 φυλάττεσθαι,
1191 1314 1318 1352 addito
1340 1328 1403 1353 ac-

745 1373 911 1409 cusativo
943 1373 995 1409 sic
1016 1373 1225 1423 reperimus
1254 1373 1284 1419 1,
1308 1373 1404 1413 108.

743 1431 800 1466 Ac
820 1428 928 1466 reddi
947 1436 1070 1479 potest
1097 1431 1228 1466 evitare
1248 1428 1401 1479 aliquid,

743 1493 900 1523 notante
940 1485 1181 1523 Doederlein.
1219 1487 1259 1522 in
1297 1486 1400 1524 Actt.

742 1541 850 1594 phin.
881 1544 1055 1580 Monacc.
1075 1543 1093 1578 1
1123 1557 1160 1593 p.
1185 1541 1249 1590 35,
1283 1555 1401 1594 quem

743 1601 883 1636 excitat
917 1598 965 1636 ad
992 1598 1031 1638 h.
1061 1600 1087 1638 l.
1111 1598 1270 1637 Creuzer.
1303 1599 1402 1635 Ver-

742 1657 837 1694 bum
857 1654 1137 1708 γνωσιμαχέειν
1147 1656 1253 1706 attigi
1267 1654 1314 1692 ad
1333 1656 1401 1704 ΠΙ,

740 1713 818 1761 253
839 1712 887 1750 de
907 1720 1035 1750 nostro
1056 1714 1140 1750 loco
1162 1714 1213 1750 sic
1236 1712 1401 1763 disputat

740 1769 1123 1821 Schweighaeuserus
1142 1770 1181 1806 in
1201 1771 1296 1807 Lex.
1319 1770 1401 1805 He·-

739 1826 863 1864 rodot.
892 1826 941 1864 ad
971 1827 1153 1863 verbum:
1199 1837 1401 1877 γνωσιμα-

739 1882 918 1934 χέοντεςτ
951 1885 1054 1930 „Pro
1076 1895 1142 1930 eo,
1166 1881 1269 1934 quod
1290 1882 1397 1919 Valla

739 1947 928 1990 posuerat,
961 1939 1059 1977 Suae
1085 1939 1155 1976 sibi
1177 1938 1398 1977 imbecillita-

740 1998 787 2033 tis
819 1997 958 2041 conscii,
991 2002 1055 2032 aut
1083 1994 1187 2047 quod
1215 2008 1284 2032 nos
1304 2008 1396 2032 ean-

740 2051 830 2089 dem
858 2054 898 2088 in
932 2053 1157 2089 sententiam
1186 2053 1395 2103 posuimus,

734 2122 840 2160 pares
868 2123 903 2146 se
934 2110 1031 2146 nobis
1059 2122 1129 2146 non
1159 2121 1229 2146 esse
1263 2109 1396 2147 intelli-

737 2169 870 2215 gentes,
899 2167 953 2202 nil
969 2164 1072 2203 aliud
1093 2167 1258 2217 positum
1279 2179 1395 2218 opor-

736 2223 851 2270 tebat,
882 2224 953 2259 nisi
972 2223 1113 2260 mutatci
1131 2222 1305 2260 sententid
1331 2229 1395 2260 aut

737 2279 859 2316 melius
894 2280 963 2317 sibi
999 2279 1223 2317 consulentes.
1281 2280 1396 2317 Scili-

737 2343 796 2373 cet
806 2334 980 2373 Thessali
990 2338 1094 2384 olim,
1107 2350 1227 2389 quum
1239 2350 1260 2373 a
1273 2338 1395 2374 Grae-

737 2394 816 2429 ciae
846 2394 994 2444 populis
1019 2395 1154 2430 Darius
1184 2400 1324 2430 terram
1358 2401 1396 2431 et

737 2445 878 2502 aquam
908 2452 1074 2501 petiisset
1105 2450 1186 2500 (Vl,
1207 2449 1292 2500 48),
1313 2463 1393 2488 sese

738 2509 772 2543 ei
795 2520 873 2544 non
893 2506 1145 2544 tradiderant:
1176 2506 1315 2544 deinde
1324 2520 1393 2544 ve-

736 2577 791 2611 ro,
823 2577 943 2616 quum
971 2563 1166 2601 Aleuadae
1203 2577 1243 2601 se
1273 2564 1395 2601 Xerxi

736 2619 975 2658 tradidissent
991 2649 1001 2668 ,
1040 2622 1186 2672 putavit
1205 2633 1296 2668 rex,
1326 2619 1393 2668 (ut

737 2676 847 2714 docet
866 2679 1000 2715 Noster
1019 2678 1087 2714 sub
1117 2677 1183 2713 fin.
1205 2689 1288 2726 cap.
1312 2678 1391 2717 130

736 2735 821 2775 coll.
848 2735 929 2781 VII,
952 2735 997 2783 6)
1028 2734 1070 2770 de
1089 2734 1260 2770 communi
1274 2734 1391 2781 gentis

736 2791 881 2828 consilio
911 2790 951 2826 id
970 2803 1040 2827 esse
1053 2789 1195 2839 factum
1217 2787 1390 2841 adeoque

735 2846 864 2885 laudat
884 2859 960 2895 eos,
990 2844 1094 2898 quod
1111 2849 1302 2884 mutassent
1312 2859 1390 2884 sen-
