1789 3213
0 357 50 403 31

423 113 881 150 POLYMNIA
939 113 1063 150 VII.

1297 114 1381 154 739

121 219 348 278 εὐτυχέων,
377 220 590 277 εὑρήμασι
621 222 729 277 μέγα
759 220 968 272 πλούσιος
991 220 1176 277 ἐγένετο·
1211 214 1269 277 ἧν
1296 220 1381 275 γάρ
1395 226 1439 262 4ο

118 305 183 340 τις
218 289 291 334 καὶ
319 294 479 333 τοῦτον
510 290 662 345 ἄχαρις
703 289 910 345 συμφορή
941 293 1134 333 λυπεῦσα
1163 288 1379 344 παιδοφό-

119 373 206 408 νος.
265 360 532 413 Σιταγωγῶν
560 357 606 401 δὲ
646 356 845 401 ὁλκάδων
875 358 947 400 καὶ
976 361 1062 401 τῶν
1091 356 1234 400 ἄλλων
1261 357 1383 399 πλοί-

117 441 181 468 ων
222 425 604 481 διαφθειρομένων
641 423 723 468 οὐκ
763 425 870 481 ἐπῆν
900 423 1109 480 άριθμός·
1151 426 1257 468 ὥστε
1287 426 1380 467 δεί-

1438 421 1570 455 amaisg

1438 455 1527 489 placa
1531 456 1587 482 udo
1615 457 1647 483 x'a
1651 461 1708 490 c,ta

1437 301 1517 341 595

1441 353 1465 385 Q
1471 357 1557 380 101art
1591 354 1715 383 domum

1441 388 1502 417 die
1522 392 1623 426 pots

1589 398 1698 449 mxu-ira

1434 497 1492 515 τηε
1497 489 1519 515 ti
1538 489 1621 516 raibe
1666 499 1713 517 se-

118 503 270 543 σαντες
300 494 343 537 οἱ
372 493 603 548 στρατηγοὶ
633 496 713 536 τοῦ
741 495 954 535 ναυτικοῦ
983 496 1184 548 στρατοῦ,
1215 491 1275 549 μή
1297 503 1376 548 σφι
1435 522 1533 549 datur
1538 498 1589 550 ‘Se
1574 532 1642 556 ema

114 561 453 616 κεκακωμένοισι
483 561 742 604 ἐπιθέωνται
771 561 815 603 οἱ
842 562 1076 612 Θεσσαλοὶ,
1107 577 1237 614 ερκος
1265 558 1435 617 vum-45

85 625 196 670 Ξλὸν
233 628 280 671 ἐκ
317 632 407 671 τῶν
445 630 670 685 ναυηγίων
707 626 1032 684 περιεβάλοντο.

1091 627 1256 685 ἡμέρας
1296 628 1381 683 γὰρ

113 694 169 752 δή
204 695 388 752 ἐχείμαζε
426 701 552 752 τρεῖς.
609 695 731 746 τέλος
771 696 841 747 δὲ,
873 695 1031 754 ἔντομά
1070 713 1115 740 τε
1152 699 1380 747 ποιεῦντες

110 762 186 807 καὶ
223 766 522 816 καταείδοντες
557 762 688 820 γόησι
716 766 776 819 τῷ
805 761 950 820 ἀνέμῳ
991 767 1035 807 οἱ
1071 763 1240 821 Μάγοι,
1269 763 1379 821 πρός

52 957 173 997 tarch.
205 961 234 998 l.
262 961 291 998 l.
323 967 444 997 exstat
483 956 617 1009 ἄφατα
643 959 712 1000 καὶ

49 1011 242 1067 χρήματα.
312 1015 508 1053 Schaefer.
543 1016 591 1053 ad
613 1018 712 1053 Gre-

49 1084 133 1121 gor.
166 1072 253 1110 Cor.
281 1085 370 1124 pag.
405 1072 483 1113 184
523 1073 711 1111 maluerat

49 1125 184 1178 ἄφατα
212 1125 287 1169 όσα
311 1127 505 1181 χρήματα.
544 1128 712 1166 Valcke-

47 1186 178 1222 naerio
223 1199 361 1223 vocem
400 1182 548 1236 χρύσεα
586 1187 710 1223 omitti

48 1242 263 1293 placuerat,
325 1254 442 1294 quam
469 1242 560 1279 inde
601 1244 710 1280 uncis

46 1299 201 1336 inclusit
230 1297 445 1335 Bekkerus.
511 1299 610 1335 Cum
640 1313 710 1337 eo-

48 1353 138 1392 dem
157 1354 337 1392 Bekkero
357 1368 451 1392 mox
469 1357 608 1392 retinui
637 1371 709 1395 πε-

46 1408 248 1464 ριεβάλετο
270 1413 318 1449 ob
341 1413 496 1449 aoristos
516 1419 600 1449 tum
621 1420 708 1450 ante

46 1475 131 1505 tum
150 1476 281 1520 postea
301 1468 501 1506 adhibitos.
537 1469 708 1506 Gaisfor-

46 1524 130 1562 dius
159 1539 250 1563 cum
269 1526 349 1563 aliis
376 1539 396 1561 e
415 1526 635 1562 Florentino
648 1539 710 1563 as-

44 1583 180 1620 sumsit
197 1577 485 1633 περιεβάλλετο.
518 1582 580 1618 Ad
601 1583 708 1620 verbi

43 1639 363 1689 significationem
404 1639 506 1676 conf.
545 1639 612 1687 ΠΙ,
638 1643 705 1680 71.

43 1696 108 1744 VI,
128 1697 183 1738 25
209 1697 338 1747 ibique
379 1696 503 1734 allata.
583 1696 706 1733 Verba

42 1765 152 1804 seqq.
182 1750 305 1791 τᾶλλα
334 1747 409 1791 ου’κ.
430 1747 621 1802 εὐτυχέων
643 1753 706 1788 in-

42 1815 229 1860 terpretor
255 1812 369 1845 cetera
389 1808 490 1846 rebus
511 1821 580 1845 non
601 1809 705 1847 valde

43 1864 154 1903 lautis
175 1868 397 1913 constitutus,
428 1865 527 1902 haud
544 1867 635 1902 inter
647 1866 704 1903 cli-

41 1923 132 1959 vites
164 1921 415 1962 numerandus.
483 1923 625 1959 Moneo
654 1923 702 1959 ob

42 1977 315 2026 Hoffmeister„
345 1979 412 2030 qui
446 1978 487 2014 in
517 1979 615 2015 libro
655 1978 703 2015 de

39 2034 235 2072 Herodoto
256 2036 403 2086 saepius
427 2034 581 2072 laudato
611 2048 700 2086 pag.

38 2093 108 2132 27.
133 2093 187 2132 28
217 2090 358 2128 horum
377 2092 582 2129 verborum
610 2105 700 2129 sen-

38 2160 126 2185 sum
144 2149 305 2187 minime
319 2150 502 2200 percepit.

95 2212 236 2268 ὂῖχορις
281 2214 471 2268 συμφορή
518 2218 697 2256 λυπεῦσα

37 2270 305 2323 παιδοφόνος]
327 2273 521 2326 Equidem
537 2272 597 2319 hic
608 2287 697 2310 cum

38 2329 230 2366 Palmerio
261 2337 298 2367 et
331 2332 562 2381 Wesseliug.
584 2331 700 2367 intel-

39 2386 117 2436 ligo
156 2387 311 2435 tristem,
341 2390 524 2437 ingratam
547 2388 698 2426 calama·-

38 2446 159 2490 tatem,
191 2441 314 2480 liberos
346 2445 550 2482 occidentem
574 2458 697 2496 eoque

38 2500 325 2536 contristantem
343 2501 600 2549 Amiuoclem,
621 2500 694 2538 ho—

37 2556 184 2592 minem
205 2556 347 2608 alioqui
367 2569 485 2607 opum
500 2557 695 2607 copiitfor-

37 2618 217 2650 tunatum
246 2613 313 2650 sed
342 2612 495 2650 fortune}
537 2613 695 2651 advers-1⁴2

37 2669 162 2707 liberis
173 2670 360 2707 orbatum.
382 2669 566 2717 Reiskius,
580 2683 696 2721 quem

36 2728 207 2779 sequitur
226 2725 695 2778 Schweighaeuser.,con-

768 960 892 997 ferens
922 962 952 1010 Ι,
983 960 1034 1001 41
1078 961 1166 1001 coll.
1205 960 1258 1002 35
1290 967 1327 997 et
1365 961 1432 1009 III,

767 1017 821 1058 50
843 1018 934 1054 coll.
955 1018 1020 1064 52,
1042 1018 1212 1070 itemque
1223 1019 1329 1065 Miot,
1350 1019 1434 1055 He-

767 1072 893 1110 rodoti
914 1087 935 1110 e
955 1074 1078 1111 verbis
1099 1073 1173 1112 hoc
1185 1074 1284 1111 effici
1298 1076 1430 1122 voluit,

766 1129 952 1167 liberorum
979 1130 1172 1168 Amz'noclz's
1190 1131 1343 1181 aliquem
1358 1145 1434 1182 pa-

767 1187 834 1222 tris
844 1187 1015 1234 manibus,
1027 1200 1179 1238 quacun
1185 1201 1258 1240 que
1271 1187 1430 1225 demum

766 1255 879 1280 causa
898 1244 961 1280 vel
988 1245 1136 1281 ratione
1152 1246 1308 1294 periisse.
1349 1246 1431 1281 Ne-

766 1311 841 1351 que
862 1301 969 1337 aliter
988 1301 1176 1337 intellexit
1203 1300 1431 1339 Plutarchus

763 1356 790 1394 l.
811 1357 839 1393 l.
867 1369 910 1393 ac
939 1358 971 1394 si
1000 1359 1081 1408 ipse
1106 1358 1330 1395 Aminocles
1358 1370 1432 1395 na-

763 1418 822 1449 tos
841 1426 928 1450 suos
948 1414 1193 1453 interfecerit.
1244 1413 1356 1460 Quod
1372 1422 1432 1451 ta-

765 1480 858 1505 men
895 1483 944 1506 ex
970 1471 1059 1520 ipsis
1089 1469 1276 1508 Herodoti
1304 1472 1431 1509 verbis

765 1527 976 1563 necessario
997 1528 1105 1579 sequi
1113 1529 1196 1564 iure
1209 1534 1324 1578 negat
1333 1529 1430 1565 Lar-

765 1580 916 1622 cherus.
956 1604 1014 1610 —
1070 1585 1129 1620 De
1159 1597 1256 1622 voce
1287 1581 1430 1636 ἄχαρις

763 1638 842 1680 vid,
872 1646 968 1681 nott,
991 1639 1039 1677 ad
1059 1641 1141 1688 VII,
1163 1643 1228 1681 36.
1281 1641 1429 1678 Vocem

762 1692 1016 1745 παιδοφόνος
1051 1698 1175 1748 attigit
1193 1696 1366 1734 Lobeck.
1386 1699 1428 1735 in

759 1752 916 1790 Annall.
950 1754 1144 1792 Berolinu.
1178 1756 1299 1794 1832.
1339 1755 1428 1790 Au-

760 1816 862 1859 gust.
882 1823 941 1846 nr.
962 1812 1016 1850 27
1036 1824 1076 1860 p.
1102 1809 1197 1858 214,
1218 1811 1286 1846 ubi
1317 1810 1427 1849 affert

761 1879 810 1902 ex
837 1867 952 1903 Dion.
982 1867 1106 1906 Halic.
1138 1867 1188 1902 A.
1213 1868 1259 1904 R.
1281 1868 1347 1914 111,
1368 1870 1419 1907 21

761 1920 949 1974 συμφορά
990 1919 1289 1973 οἷδελφοκτόνος
1321 1930 1359 1961 et
1391 1925 1422 1972 I,

759 1979 811 2020 65
831 1974 959 2030 φόνος
982 1975 1282 2031 άλληλοκτόνος.

966 2048 1059 2099 Cap.
1082 2048 1214 2086 CXCI.

814 2117 890 2142 ουκ
922 2102 1024 2155 ἐπῆν
1061 2099 1268 2170 άριθμόςο]
1330 2102 1419 2141 Vid.

754 2167 852 2197 nott.
884 2159 932 2196 ad
965 2162 1044 2208 v,11
1075 2164 1155 2202 170
1186 2163 1283 2198 etin
1311 2174 1418 2212 seqq.

754 2216 803 2253 ad
825 2217 989 2254 formam
1009 2216 1254 2257 ἐπιθέωνται
1277 2216 1417 2258 Matth.

753 2274 820 2311 Gr.
856 2275 923 2311 Gr.
960 2276 998 2321 ξ.
1017 2277 1110 2323 213,
1132 2274 1158 2315 4
1188 2289 1227 2326 p.
1247 2274 1341 2315 408.
1362 2295 1416 2301 —

756 2329 870 2383 ἕρκος
888 2353 944 2358 -
969 2327 1250 2382 περιεβάλοντο
1296 2331 1420 2368 valet:

755 2391 886 2438 septum
909 2401 938 2425 s.
958 2400 1094 2425 murum
1106 2390 1204 2425 circa
1222 2400 1256 2424 se
1277 2391 1421 2424 exstru-

752 2448 894 2491 xerunt,
925 2458 1024 2482 muro
1044 2457 1079 2480 se
1099 2444 1418 2482 circumdederunt.

752 2501 839 2538 Vid.
874 2503 903 2548 I,
934 2499 1023 2540 141.
1053 2502 1122 2549 IX,
1145 2503 1212 2545 96.
1245 2502 1298 2541 97
1331 2500 1419 2536 coll.

750 2559 780 2606 I,
806 2560 882 2597 163
900 2558 1027 2608 ibique
1047 2564 1143 2595 nott.
1166 2580 1216 2585 -—-
1249 2555 1311 2594 Ad
1326 2569 1416 2593 ver-

750 2615 799 2652 ba
830 2612 976 2664 ἕντομα
1011 2615 1216 2660 ποιεῦντες
1247 2613 1295 2654 cf.
1315 2619 1412 2652 nott.

751 2670 799 2708 ad
820 2671 867 2718 11,
893 2671 987 2709 119.

808 2726 1081 2772 καταείδοντες
1105 2721 1222 2776 γόησι
1237 2725 1296 2779 τῷ
1320 2720 1414 2764 άνέ-

1029 2779 1131 2822 47*

1436 556 1504 582 'ine
1508 557 1562 584 mh
1588 534 1695 585 Νεπέϊ

1439 590 1584 627 dibusque
1596 601 1693 620 sacra.
