1834 3258
389 294 867 332 POLYMNIA.
926 293 1025 332 Vll.

1259 294 1342 334 581

52 404 295 462 Ξᾶνδρηΐης
344 402 643 458 ἐστρατεύετο,
696 400 902 459 οὐδεμιῆς
957 400 1112 458 ἐούσης
1152 401 1196 445 οἱ
1245 397 1348 444 οἰνα-

77 475 240 530 γκαίης.
298 470 469 527 οὕνομα
488 471 566 527 μὲν
597 471 648 528 δὴ
679 466 736 527 ἦν
767 470 877 527 αὐτῇ
904 468 1163 526 Ἀρτεμισίη,
1191 468 1345 526 θυγά-

79 558 158 598 τηρ
195 540 241 584 δὲ
277 535 335 597 ἦν
373 539 643 596 Λυγδάμιος·
683 539 809 596 γένος
839 539 886 582 δὲ
924 538 967 591 ἐξ
999 537 1400 595 Ἁλικαρνησσοῦὕ

51 608 137 652 3τά
164 607 276 663 πρὸς
304 607 490 662 πατρὸς,
520 607 573 651 τοὶ
605 608 827 664 μητρόθεν
858 607 904 650 δὲ
935 609 1127 663 Κρῆσσα.

1186 604 1344 662 ἡγεμό-

77 691 175 720 νευε
208 675 254 719 δὲ
279 673 649 733 ιἉλικαρνησσέων
678 692 722 720 τε
744 676 818 719 καὶ
848 673 992 718 Kco'cov
1020 675 1095 718 καὶ
1116 675 1345 729 Νισυρίων

76 759 122 788 τε
149 743 219 787 καὶ
251 746 528 797 Καλυδνίων,
555 743 684 787 πέντε
711 744 811 794 νέας
831 743 1116 799 παρεχομένη.
1143 743 1216 786 καὶ
1244 754 1344 786 συν-

79 810 251 869 απάσης
291 815 365 868 τῆς
411 815 630 868 στρατιῆς,
660 810 766 866 μετά
796 827 843 866 γε
873 810 950 862 τας
973 812 1214 865 Σιδωνίων,
1249 811 1404 862 νέας50

77 878 368 932 εὐδοξοτάτας
407 881 653 936 παρείχετο,
692 880 869 923 πάντων
907 895 951 922 τε
988 883 1078 922 τῶν
1108 878 1346 934 συμμάχων

48 945 257 1002 4γνώμας
285 947 462 1001 ἀρίστας
503 947 674 1004 βασιλέϊ
712 947 955 999 ἅπεδὲξατο.

1016 950 1101 989 τῶν
1141 947 1186 990 δὲ
1225 943 1347 989 κατέ-

76 1017 176 1067 λεξα
204 1017 370 1060 πολίων
399 1015 677 1074 ἡγεμονεύειν
701 1014 851 1074 αὐτὴν,
881 1013 930 1072 τό
955 1014 1085 1066 ἔθνος
1109 1013 1344 1071 ἀποφαίνω

17 1219 81 1251 tur
104 1214 395 1264 Wesselingius.
455 1211 616 1250 Suidam
651 1214 682 1250 si

16 1283 224 1324 sequamur
242 1284 271 1308 s.
291 1284 328 1309 v.
348 1267 564 1319 ΓΗρόδοτος
585 1271 621 1306 11
641 1284 679 1321 p.

18 1329 73 1368 76
116 1328 360 1364 Artemisiam
392 1328 430 1362 in
459 1339 578 1376 reguo
610 1340 681 1363 ex-

19 1384 120 1435 cepit
138 1383 349 1432 Pisindelis⁷
379 1384 491 1431 filius,
522 1396 565 1420 ac
589 1382 677 1420 dein

18 1440 417 1491 Lygdamis,nepos‚ob
431 1453 546 1492 quem
556 1441 682 1491 ipsum

21 1496 236 1534 Herodotus
265 1499 526 1534 Halicarnasso
553 1498 682 1534 relicta

21 1554 186 1590 Samum
205 1568 245 1591 se
255 1555 456 1592 contulisse
467 1554 597 1591 fertur.
618 1554 682 1591 Ad

18 1611 255 1648 locutionem
285 1608 365 1650 v‘zv‘i
386 1607 558 1662 λήματος
579 1613 680 1648 conf.

18 1675 112 1705 nott.
128 1667 176 1705 ad
185 1669 230 1716 V,
241 1671 296 1709 72
306 1668 461 1720 (quibus
473 1681 577 1704 nunc
590 1667 680 1706 add.

18 1726 145 1776 Kluge
176 1724 224 1762 ad
255 1723 452 1764 Theodor.
483 1724 682 1762 Metochit.

20 1780 69 1819 ad
90 1782 184 1820 calc.
202 1783 356 1821 Aristot.
389 1781 436 1819 de
462 1783 570 1833 polit.
589 1783 684 1818 Car-

20 1837 124 1889 theg.
156 1852 244 1890 pag.
274 1839 382 1888 208)
435 1846 471 1876 et
491 1837 540 1875 ad
568 1840 684 1876 verba

19 1892 68 1934 τοῖ
108 1894 209 1947 πρός
246 1893 394 1947 πατρός
428 1894 594 1934 Fischer.
636 1895 685 1933 ad

18 1952 183 1990 Weller.
210 1953 266 1989 ΠΙ
292 1965 381 2003 pag.
402 1952 496 1998 251,
539 1952 587 1988 ad
609 1968 684 2003 μη-

18 2004 166 2059 τρόθεν
183 2008 379 2046 ..Hm-odon
417 2010 447 2057 Ι,
484 2011 561 2049 173
577 2038 587 2057 ,
618 2009 685 2061 qui

20 2066 119 2113 VIII,
140 2067 194 2106 90
217 2064 331 2102 habet
351 2061 570 2117 πατρόθεν.

77 2122 146 2160 καί
167 2121 380 2175 Νισυρίων
399 2136 437 2161 τε
458 2120 525 2160 καὶ
548 2124 686 2161 Καλυ-

20 2178 170 2228 δνίων]
192 2179 292 2215 Male
313 2179 396 2231 quis
413 2179 506 2215 olim
517 2178 565 2215 ob
585 2180 685 2228 VIII,

25 2237 80 2277 87
102 2234 163 2274 ffic
191 2235 329 2287 refingi
359 2236 481 2273 voluit
520 2238 687 2274 Καλυν-

23 2291 145 2341 δέων,
197 2306 296 2345 quae
328 2293 458 2329 Cariae
485 2299 539 2329 est
559 2293 691 2331 ciw'tas

21 2348 62 2386 in
81 2350 222 2402 Lyciae
243 2349 429 2388 confiniis.
479 2349 683 2400 Calydniae

19 2405 166 2443 insulae
203 2407 282 2444 iam
315 2405 418 2458 apud
444 2408 603 2444 Homer.
635 2407 683 2445 Il.

19 2462 68 2510 Π,
91 2465 172 2504 676
193 2477 283 2500 cum
303 2462 437 2515 Nisyro
457 2470 572 2516 atque
603 2463 683 2502 Cois

18 2519 252 2569 iunguntur3
309 2519 358 2558 ad
396 2533 514 2573 quem
552 2521 684 2558 locum

21 2575 131 2627 plura
151 2573 339 2614 dederunt
367 2579 504 2629 Heyne
532 2590 576 2615 ac
605 2578 685 2615 Bo-

21 2630 98 2671 the.
157 2632 262 2679 Quae
281 2645 360 2670 nou
378 2633 495 2685 longe
514 2641 685 2673 remotae

23 2700 46 2726 a
75 2689 285 2727 continenti
303 2690 394 2726 AsIa
421 2690 529 2727 iuxta
555 2692 686 2728 Tene-

25 2743 119 2783 dum
131 2753 167 2784 et
183 2746 230 2784 ad
243 2745 446 2783 meridiem
466 2747 572 2796 Sigei
593 2761 687 2799 pro-

16 2804 205 2852 ¹montorii
224 2801 460 2854 Sporadibus
480 2803 597 2853 vulgo
619 2817 687 2841 ac-

25 2865 240 2896 censentur.
281 2859 327 2894 In
342 2860 424 2909 ipso
443 2859 589 2896 insulae
612 2873 687 2897 no-

27 2913 130 2952 mine
161 2915 328 2954 multum
365 2914 551 2954 fluctuant
586 2916 688 2955 libri.

736 1216 914 1265 Namque
947 1213 993 1250 ab
1027 1212 1108 1250 aliis
1136 1216 1295 1249 vocatur
1320 1209 1405 1247 Κα-

736 1273 883 1321 λυμνία
920 1272 1000 1307 sive
1041 1269 1243 1319 Calymnz’a.
1317 1264 1404 1303 Vid.

738 1325 968 1365 Tzschucke
984 1325 1033 1363 ad
1046 1328 1238 1376 Pompon.
1250 1323 1342 1359 Mel.
1355 1323 1404 1369 Π,

738 1387 764 1426 7
786 1386 823 1431 ξ.
850 1388 896 1425 11
915 1398 954 1434 p.
977 1382 1060 1424 754
1079 1395 1185 1434 seqq.
1217 1387 1314 1417 nott.
1335 1391 1407 1415 ex-

739 1454 827 1492 egg.
875 1440 961 1478 vid.
995 1441 1173 1477 Strabon.
1202 1438 1295 1475 XIII
1314 1448 1405 1487 pag.

739 1501 820 1538 900
841 1499 890 1535 D.
919 1511 948 1535 S.
970 1511 1010 1547 p.
1032 1495 1125 1536 604.
1155 1492 1330 1532 Eustath.
1355 1491 1405 1529 ad

738 1556 896 1606 Dionys.
917 1555 1107 1603 Perieget.
1137 1552 1230 1593 530.
1289 1547 1404 1601 Nisy-

737 1625 800 1647 τας
838 1612 1015 1662 proxima
1046 1610 1214 1647 Coorum
1244 1607 1404 1655 insulae,

740 1681 905 1720 quacum
937 1669 1029 1704 olim
1050 1667 1253 1704 coniuncta
1283 1671 1406 1700 terrae

738 1732 847 1762 motu
870 1726 1030 1762 abscissa
1053 1723 1212 1770 dicitur,
1246 1720 1406 1759 thermis

741 1783 920 1819 excelluit
940 1782 1115 1832 saxisque
1134 1781 1215 1817 altis
1233 1792 1275 1816 ac
1292 1790 1407 1829 prae-

740 1835 872 1890 ruptis.
921 1838 1031 1875 Conf.
1055 1836 1189 1888 Steph.
1210 1838 1305 1888 Byz.
1325 1848 1354 1871 s.
1370 1847 1407 1871 V.

741 1909 828 1946 pag.
853 1894 950 1936 594.
969 1896 1060 1932 Mel.
1081 1896 1129 1941 Π,
1151 1897 1177 1934 2
1200 1894 1236 1938 ς.
1257 1894 1319 1939 11,
1342 1890 1408 1927 ubi

739 1953 905 2003 plurima
926 1953 1051 1988 attulit
1071 1947 1300 1987 Tzschucke
1311 1953 1405 1984 nott.

740 2021 877 2059 exegg.
910 2022 948 2059 p.
979 2007 1062 2049 752
1082 2020 1161 2058 seq.
1181 2006 1265 2043 Vol.
1286 2005 1341 2040 ΠΙ
1359 2005 1405 2040 P.

739 2067 788 2102 Π.
847 2065 1071 2101 Etiamnum
1087 2069 1245 2101 vocatur
1268 2059 1404 2099 Nes-iro.

743 2122 996 2160 celeberrima
1003 2120 1147 2158 Coorum
1158 2119 1281 2157 insula
1288 2131 1406 2166 nunc,

744 2178 848 2231 quod
868 2191 984 2215 nemo
997 2178 1075 2214 fere
1093 2178 1224 2225 nescit,
1256 2174 1408 2226 cognita

742 2237 928 2273 Italorum
947 2236 1106 2272 nomine
1122 2233 1305 2282 Stancln'o,
1327 2245 1407 2269 uon

744 2292 956 2331 admodum
977 2291 1120 2331 distans
1128 2292 1407 2328 Halicarnasso.

795 2404 912 2446 πέντε
924 2400 1296 2458 νὲαςπαρεχομὲνη]
1327 2402 1406 2440 Has

741 2465 911 2517 quinque
930 2476 1047 2501 naves
1066 2474 1228 2499 numero
1255 2466 1407 2511 septua-

739 2523 845 2572 ginta
865 2522 1034 2567 navium,
1058 2532 1151 2572 quas
1171 2519 1284 2556 Cares
1293 2529 1407 2568 prae-

739 2579 903 2627 buerint,
923 2577 1038 2616 simul
1051 2573 1326 2628 comprehendi
1337 2586 1409 2609 ex-

739 2636 921 2673 istimem.
987 2635 1083 2671 Mox
1121 2645 1211 2671 cum
1248 2634 1408 2668 recentt.

743 2691 832 2729 edd.
853 2690 942 2729 dedi
963 2686 1128 2730 πάντων
1159 2704 1200 2728 τε
1230 2701 1298 2738 pro
1319 2685 1408 2723 vul-

741 2756 829 2800 gata
865 2748 1008 2801 (quam
1036 2747 1191 2784 retinuit
1217 2740 1407 2791 Bekker.)

741 2802 907 2844 πάντων
939 2802 1002 2852 δὲ;
1061 2816 1154 2840 nam
1183 2801 1297 2838 totius
1331 2798 1406 2835 loci

741 2861 950 2899 sententiae
969 2860 1104 2896 melius
1123 2855 1219 2894 illud
1237 2867 1407 2906 congru-

742 2931 806 2955 ere
825 2916 1036 2956 videbatur.
1085 2913 1148 2951 Ad
1173 2913 1407 2951 locutionem
