1870 3249
558 213 858 252 ERATO.
915 213 986 250 VI.

1321 216 1401 256 281

153 321 358 378 στρατιὴν
388 321 434 364 δὲ
462 320 540 377 τὴν
568 320 698 377 πεζήν
728 318 850 364 ἄλλοι
877 321 1085 378 ἡγεμόνες
1104 316 1212 378 ἦγον
1232 322 1298 366 ἐπὶ
1327 323 1404 366 τόν

125 390 481 445 3Ἑλλήσποντον.

542 388 617 440 Ὡς
656 389 700 432 δὲ
738 390 1000 443 παραπλέων
1031 389 1109 445 τὴν
1135 389 1277 446 Ἀσίην
1312 388 1460 433 ἀπί-Ἱο

153 474 249 502 κετο
280 456 304 499 ὁ
322 455 577 509 Μαρδόνιος
607 456 649 507 ές
669 456 748 512 τήν
776 455 953 513 Ἰωνίην,
988 458 1180 501 ἐνθαῦτα
1203 457 1405 514 μέγιστον

150 529 311 580 θῶνμα
351 524 454 580 ἐρέω
499 530 613 567 τοῖσι
665 524 723 580 μὴ
769 524 1128 580 ἀποδεκομένοισι
1169 526 1396 582 Ἑλλήνων,

153 591 359 647 Περσέων
391 597 503 636 τοῖσι
540 592 645 635 ἑπτὰ
679 590 858 635 Ὀτάνεα
897 591 1075 648 γνώμην
1111 592 1404 645 ἀποδέξασθαι

151 659 211 710 ὥς
247 659 376 715 χρεὸν
415 662 479 715 εἴη
517 661 888 715 δημοκρατέεσθαι
929 660 1127 716 Πέρσας·
1177 662 1281 713 τούς
1318 661 1402 716 γάρ

148 727 394 781 τυράννους
422 732 511 770 τῶν
538 726 694 771 Ἰώνων
722 727 1004 778 καταπαύσας
1032 727 1195 779 πάντας
1224 728 1248 772 ὁ
1281 733 1405 783 Μαρ-

153 794 321 846 δόνιος,
352 797 643 851 δημοκρατίας
671 797 848 839 κατίστα
884 796 926 846 ές
963 796 1039 846 τὰς
1067 795 1229 848 πόλιας.
1272 802 1408 840 ταῦτα

153 863 200 907 δὲ
228 863 430 920 ποιήσας,
469 863 665 920 ἠπείγετο
698 864 740 916 ές
767 864 844 907 τὸν
868 863 1198 923 Ἑλλήσποντον.
1254 862 1329 916 Ὡς
1363 865 1463 908 δὲ75

95 1051 159 1094 lei,
198 1049 247 1087 ad
278 1048 455 1102 Aeschyl.
496 1052 600 1090 Pers.
641 1050 693 1092 54
733 1065 756 1089 a

96 1108 352 1157 Wesselingio
400 1108 543 1145 allatus.
617 1109 753 1160 Neque

97 1165 202 1200 enim
215 1177 330 1201 naves
350 1165 447 1215 ipsas
467 1177 543 1200 una
553 1178 641 1201 cum
653 1178 754 1200 nau-

96 1221 143 1259 tis
173 1235 194 1257 e
221 1221 375 1258 Perside
407 1222 447 1257 in
476 1222 648 1258 Ciliciam
678 1221 752 1258 du—

96 1291 182 1314 cere
200 1279 335 1329 potuit.
392 1279 450 1314 De
483 1280 639 1328 repetita
657 1291 752 1315 voce

35 1378 43 1383 s
96 1332 241 1374 πολλὸν
260 1336 411 1372 monuit
438 1334 573 1377 Matth.
596 1336 662 1374 Gr.
685 1336 751 1372 Gr.

97 1404 185 1442 pag.
213 1393 335 1432 1261.

137 1468 206 1518 Ὡς
228 1468 270 1509 δὲ
282 1469 519 1523 παραπλέων
531 1468 604 1522 τήν
620 1467 753 1522 Ἀσίην

96 1541 131 1566 κ.
151 1542 185 1566 τ.
204 1527 266 1575 λ.]
300 1530 359 1565 De
388 1535 574 1565 structura
602 1529 678 1566 loci
704 1529 752 1567 cf.

96 1583 232 1622 Matth.
262 1586 328 1622 Gr.
358 1586 424 1622 Gr.
452 1598 538 1636 pag.
570 1587 650 1627 805
680 1583 754 1636 τήν

94 1636 230 1693 Ἀσίην
250 1640 345 1679 dixit
359 1642 610 1679 NosterAsiae
627 1643 758 1679 mino-

97 1700 147 1736 ris
186 1712 293 1736 oram
324 1698 614 1736 meridionalem
628 1729 638 1747 ‚
686 1699 753 1735 ubi

93 1754 323 1808 Pamphyli,
366 1757 476 1807 Lycii
505 1762 541 1792 et
570 1756 682 1793 Cares
703 1756 751 1805 (I,

100 1813 212 1861 177).
268 1812 331 1849 Ad
368 1813 444 1849 loci
484 1820 755 1862 argumentum

99 1869 201 1904 conf.
221 1869 287 1916 ΙΙΙ,
309 1871 362 1909 80
382 1870 510 1920 ibique
525 1876 620 1907 nott.
651 1868 754 1906 Add.

98 1923 352 1963 Hoffmeister.
374 1926 499 1961 Ueber
514 1924 696 1962 Herodot.
715 1939 756 1976 p.

101 1982 169 2021 89.
197 1981 323 2032 Atque
338 1982 385 2017 K.
406 1983 475 2018 W.
490 1983 639 2030 Kriiger
659 1981 757 2029 (Ue-

101 2037 169 2073 ber
196 2036 261 2073 das
302 2038 433 2074 Leben
472 2036 536 2074 des
575 2036 757 2089 Thucyd.

104 2094 387 2134 1832Berolin.
407 2106 494 2144 pag.
507 2094 578 2143 23)
591 2107 639 2130 ex
648 2101 758 2130 utro-

100 2162 176 2201 que
195 2148 269 2187 hoc
288 2150 474 2187 Herodoti
493 2151 578 2187 loco
600 2158 636 2187 et
646 2163 759 2201 prae-

100 2207 229 2243 sertim
251 2220 299 2243 ex
333 2220 398 2254 eo,
449 2206 553 2258 quod
581 2208 759 2244 nonnulli

102 2263 337 2300 Graecorum
347 2262 409 2300 hic
425 2263 636 2301 dubitantes
648 2277 758 2301 com—

101 2327 374 2369 memorantur,
397 2321 525 2371 colligi
544 2321 636 2368 vult,
659 2319 758 2357 hanc

101 2378 358 2417 narrationem
387 2378 434 2414 ab
454 2376 648 2414 Herodoto
672 2379 759 2428 plu-

105 2433 206 2470 ribus
224 2434 265 2469 in
283 2434 373 2470 locis
393 2440 458 2470 aut
479 2440 579 2470 certe
600 2447 644 2471 eo
660 2435 759 2482 loco,

105 2490 172 2526 ubi
199 2490 323 2540 plures
359 2491 494 2527 Graeci
529 2491 633 2542 iique
666 2492 762 2528 civi-

106 2553 228 2583 tatum
239 2548 428 2583 variarum
439 2545 637 2596 adfuerint,
648 2561 762 2598 prae—

106 2603 245 2639 lectam
273 2603 385 2640 fuisse
413 2615 482 2653 pro
511 2604 609 2640 illius
631 2605 761 2641 aetatis

107 2672 214 2697 more
227 2689 236 2707 ‚
268 2672 381 2711 quem
404 2658 642 2696 Herodotum
662 2673 761 2712 quo-

108 2729 183 2767 que
203 2723 375 2754 secutum
396 2729 474 2752 esse
499 2716 607 2766 plura
626 2722 762 2754 testan-

108 2778 181 2811 tur.
251 2772 330 2810 Sed
359 2771 463 2809 haud
508 2773 585 2809 scio
614 2785 662 2809 an
700 2774 762 2809 ni-

108 2830 231 2868 mium
250 2829 385 2870 viderit
416 2829 472 2868 vir
491 2829 762 2880 sagacissimus.

809 1053 986 1103 Namque
1012 1065 1092 1090 non
1127 1058 1207 1089 tam
1244 1052 1464 1102 praelegens

813 1121 906 1159 opus
927 1122 1039 1145 suum
1059 1110 1222 1155 Graecis,
1246 1122 1361 1160 quam
1376 1123 1465 1159 per-

807 1164 1010 1201 scrutando
1031 1166 1179 1214 singula
1200 1171 1236 1201 et
1260 1178 1309 1201 ex
1339 1167 1467 1201 omni-

806 1222 877 1258 bus
917 1222 1134 1273 quaerendo
1174 1221 1222 1258 ad
1268 1223 1468 1262 materiem

809 1279 931 1328 operis
959 1277 1215 1328 colligendam
1237 1279 1278 1314 in
1313 1292 1376 1315 eos
1403 1280 1468 1314 in—

809 1334 934 1377 cidere
954 1337 1078 1386 potuit
1098 1337 1274 1383 Graecos,
1305 1336 1371 1386 qui
1396 1336 1468 1371 ali-

809 1399 867 1429 ter
888 1399 1002 1443 atque
1022 1394 1102 1442 ipse
1124 1391 1170 1428 de
1192 1391 1248 1428 his
1269 1394 1465 1429 sentirent.

809 1447 872 1485 Ad
887 1450 1002 1484 verba
1013 1444 1178 1500 γνώμην
1193 1444 1467 1494 άποδέξασθαι

811 1505 910 1544 cons.
933 1506 996 1551 VI,
1027 1504 1094 1545 41.
1124 1502 1235 1556 χρεὸν
1266 1519 1287 1541 e
1308 1506 1469 1541 Floren-

810 1564 891 1599 tino
918 1561 1005 1599 dedi
1024 1575 1093 1613 pro
1113 1558 1252 1614 χρεών,
1293 1562 1351 1599 Cf.
1372 1569 1470 1600 nott.

812 1618 861 1656 ad
881 1620 925 1667 V,
945 1619 1014 1659 49.

869 1693 1156 1746 καταπαύσας]
1187 1699 1258 1748 τῆς
1281 1698 1467 1745 τυραννί-

811 1756 878 1801 δος
898 1769 926 1794 s,
957 1750 1083 1806 οἷρχῆς
1114 1755 1345 1804 subintelligi
1366 1762 1467 1791 recte

809 1819 916 1848 notat
944 1811 1238 1848 Valckenaerius
1265 1811 1312 1847 de
1352 1824 1468 1860 argu-

810 1875 940 1905 mento
960 1869 1034 1904 loci
1050 1870 1102 1905 ita
1115 1867 1317 1904 disserens:
1341 1869 1470 1914 „Dum

811 1926 927 1961 Persa
956 1924 1175 1961 Mardonius
1205 1925 1244 1959 in
1271 1925 1377 1960 Ionia
1399 1924 1471 1974 δη-

815 1981 1031 2033 μοκρατίας
1063 1980 1223 2033 κατίστα
1246 1980 1286 2026 ἐς
1306 1977 1377 2026 τοὶς
1397 1977 1470 2019 πό-

813 2040 922 2085 λιας,
952 2036 1072 2074 videri
1093 2036 1223 2073 debuit
1244 2038 1396 2073 Graecis
1427 2051 1471 2073 ea

812 2107 871 2131 res
900 2094 1112 2130 secundum
1139 2093 1377 2130 Herodotum
1406 2095 1472 2131 vix

815 2149 1023 2197 credibilis3
1046 2151 1134 2202 quia
1153 2163 1260 2200 reges
1272 2157 1384 2202 atque
1395 2152 1472 2187 im-

814 2208 919 2258 perio
940 2208 1059 2256 regali
1083 2206 1228 2243 adsueti
1247 2209 1472 2258 popularem

814 2265 1008 2314 regiminis
1028 2264 1193 2300 formam
1208 2265 1248 2300 iu
1262 2265 1471 2301 civitatibus

815 2322 988 2358 libertate
1006 2322 1081 2357 usis
1093 2322 1144 2357 sic
1164 2321 1390 2373 plerumque
1400 2335 1472 2358 vo-

815 2378 970 2414 luerunt
980 2384 1178 2425 mutatam,
1199 2385 1242 2414 ut
1257 2379 1389 2414 saltem
1401 2391 1472 2428 pe-

817 2448 884 2471 nes
897 2447 1036 2484 paucos
1047 2441 1140 2471 esset
1153 2435 1369 2485 imperium,
1381 2448 1474 2486 quos

819 2490 919 2528 dicto
935 2491 1079 2527 facilius
1094 2489 1277 2528 haberent
1289 2490 1475 2528 obedien-

817 2549 913 2585 tes.“
929 2547 1184 2584 Hoffmeister.
1204 2548 1230 2584 l.
1242 2561 1353 2598 supra
1369 2547 1472 2584 laud.

817 2605 1015 2655 popularia
1028 2605 1187 2655 imperia
1209 2617 1254 2641 eo
1273 2605 1430 2641 consilio
1451 2617 1473 2640 a

818 2660 1017 2697 'Mardonio
1030 2668 1204 2698 revocata
1225 2674 1302 2697 esse
1315 2661 1474 2697 arbitra*

818 2724 891 2764 tur,
921 2730 998 2769 quo
1031 2718 1264 2754 Graecorum
1291 2718 1360 2753 sibi
1379 2729 1474 2753 con-

820 2775 962 2811 ciliaret
991 2776 1136 2810 animos
1181 2786 1320 2824 eosque
1351 2772 1399 2809 ad
1434 2787 1473 2810 se

819 2831 994 2872 alliceret.
1053 2828 1243 2882 Equidem
1272 2831 1312 2866 in
1339 2830 1474 2868 talibus

1456 528 1537 574 457
