1851 3181
455 272 542 311 450

866 269 1327 306 HERODOTI

458 378 558 433 ,πὸς
586 380 725 421 ταῦτα
755 375 1079 432 συμβάλλομαι,
1103 375 1190 420 ἀλλ’
1222 373 1320 420 οἶόν
1347 393 1445 421 κοτε
1473 375 1610 432 ἡμέας
1639 374 1723 421 ‹m-

458 463 566 501 ,,γου
598 443 743 501 ἐδέησε
772 447 1033 500 καταλαβεῖν
1056 444 1221 495 πάθος,
1253 444 1323 489 ὅτε
1352 445 1494 502 πατήρ
1527 446 1603 496 σός
1635 445 1723 498 ζεϋ-
1736 452 1778 485 55

459 515 561 566 ,,ξας
598 511 834 568 Βόσπορον
868 512 949 556 τόν
990 515 1224 568 Θρηΐκιον,
1263 514 1524 568 γεφυρώσας
1567 514 1612 556 δὲ
1648 529 1722 556 πο-

458 580 619 637 ,,ταμόν
645 580 837 636 Ἴστρον,
876 580 999 636 διέβη
1037 581 1105 623 ἐπὶ
1135 580 1345 633 Σκύθας,
1383 580 1480 624 τότε
1520 584 1723 622 παντοῖοι

456 649 684 705 >,ἐγένοντο
723 648 904 693 Σκύθαι
946 647 1145 703 δεόμενοι
1184 646 1341 690 Ἰώνων
1385 652 1517 691 λῦσαι
1544 648 1623 690 τόν
1644 646 1721 691 πό-

457 734 589 772 ,,ρον,
626 722 741 761 τοῖσι
781 717 1062 772 ἐπιτέτραπτο
1106 715 1130 772 ἡ
1176 715 1350 771 φυλακὴ
1379 720 1468 758 τιόν
1496 715 1723 770 γεφυρέων

427 793 449 824 9
461 790 565 837 „7:013
583 784 767 839 Ἴστρου.

826 784 900 827 καὶ
930 782 1027 828 τότε
1055 800 1102 839 γε
1132 782 1328 833 Ἱστιαῖος
1360 782 1382 825 ὁ
1422 782 1625 838 Μιλήτου
1654 782 1721 826 τύ-
1735 789 1779 823 60

458 869 646 909 ,,ραννος
676 855 713 895 εἰ
741 853 945 896 ἐπέσπετο
976 856 1064 896 τῶν
1095 850 1237 895 ἄλλων
1266 850 1497 904 τυράννων
1534 855 1586 906 τῇ
1612 849 1723 906 γνώ-

456 938 557 977 ,,μῃ,
588 921 695 977 μηδὲ
713 919 922 976 ἠντιώθη,
959 919 1185 974 διέργαστο
1216 919 1273 961 ἂν
1301 918 1354 961 τοὶ
1375 918 1583 972 Περσέων
1612 917 1721 972 πρή-

402 997 637 1044 10,,γματα.
686 991 759 1032 καί
791 1005 858 1031 τοι
888 988 959 1031 καὶ
987 986 1103 1046 λόγῳ
1136 985 1324 1029 ἀκοῦσαι
1353 986 1519 1036 δεινὸν,
1559 984 1620 1028 ἐπ’
1651 984 1722 1027 οἷν-

455 1057 555 1111 ,,δρί
592 1071 639 1111 γε
684 1057 747 1100 ἑνὶ
786 1055 930 1099 πάντα
961 1054 1012 1098 τὰ
1052 1054 1252 1111 βασιλέος
1281 1053 1514 1110 πρήγματα
1542 1057 1722 1110 γεγενῆ-

401 1239 574 1269 extremo
614 1232 737 1281 capite
775 1243 879 1266 nono
918 1231 1060 1280 positat

400 1285 478 1328 οἷπὸ
501 1289 641 1339 πείρης
659 1283 790 1326 πάντα
809 1283 1062 1337 ἀνθρώποισι

400 1344 734 1396 φιλέειγίνεσθαι.
767 1344 1062 1381 Vocuiamvafi—

399 1417 459 1450 τα,
489 1402 592 1438 libris
622 1402 811 1451 plerisque
843 1401 894 1436 sie
923 1400 1063 1436 iuben-

398 1460 499 1495 tibus
537 1465 624 1494 ante
663 1454 959 1508 συμβάλλομαι,
1001 1457 1063 1492 cui

398 1516 516 1565 vulgo
549 1516 725 1565 postponi
754 1514 918 1558 solebat,
942 1514 1064 1549 collo-

401 1573 484 1609 cavi
515 1585 604 1607 cum
630 1570 747 1607 Gaisf.
791 1576 827 1606 et
866 1568 1060 1617 Matthiae,

401 1629 517 1680 quiin
532 1629 706 1679 proxime
718 1628 962 1677 sequentibus
975 1639 1063 1662 ora-

399 1687 545 1722 tionem
577 1685 628 1720 sic
667 1682 874 1733 procedere
901 1689 1059 1719 mouet:

401 1737 569 1795 ου’δεμίῃ
602 1740 725 1793 σοφίῃ
763 1739 898 1792 οἰκηΐῃ
946 1735 1062 1785 αὐτὸς

402 1795 678 1848 συμβάλλομαι
693 1798 835 1843 ταῦτα,
869 1792 949 1834 ἄλλ’
969 1795 1008 1842 ἐξ
1023 1795 1062 1835 ε’-

399 1855 535 1894 κείνου
557 1854 635 1899 (vel
657 1852 821 1904 ἐκείνῳ)
852 1848 940 1891 οἶόν
970 1866 1062 1891 κοτε

399 1909 526 1962 ’ἡμέας
546 1925 582 1948 κ.
604 1925 637 1947 τ.
662 1911 696 1947 λ.
753 1911 885 1960 Itaque
917 1908 1062 1946 delevi-

400 1981 486 2004 mus
527 1966 813 2002 exclamationis
852 1967 1007 2016 signum
1040 1978 1061 2001 a

402 2025 519 2061 Gaisf.
539 2024 702 2059 illatum.

462 2075 543 2119 ἀλλ’
568 2076 651 2119 οἷόν
676 2093 765 2118 κοτε
780 2075 905 2129 ἡμέας
925 2072 1062 2129 ὀλίγον

405 2135 540 2186 ἐδέησε
570 2136 836 2186 καταλαβεῖν]
876 2136 901 2173 i.
938 2147 971 2171 e.
1002 2134 1063 2170 sed

406 2206 494 2244 quae
530 2193 669 2229 tandem
722 2205 783 2228 nos
819 2191 1064 2240 propemodum

405 2248 539 2297 afflixit
557 2249 756 2286 calamitas.
787 2249 844 2283 De
869 2248 1062 2284 locutione

401 2301 537 2356 ὀλίγου
559 2303 692 2354 ἐδέησε
708 2304 795 2341 vide
814 2305 861 2340 sis
874 2305 1001 2353 Vige1*.
1017 2302 1064 2340 de

401 2361 509 2398 idiot.
538 2374 625 2412 pag.
648 2361 728 2400 204
756 2374 848 2411 seq„
871 2373 920 2395 ne
940 2361 1061 2410 plura.

372 2407 517 2455 *Verbi
546 2417 783 2467 καταλαβεῖν
812 2429 925 2452 usum
956 2418 1062 2466 attigi

407 2473 456 2511 ad
491 2475 559 2520 111,
599 2473 668 2513 42.
727 2474 802 2508 Pro
838 2469 967 2523 πατήρ
997 2470 1064 2519 οὸς

402 2529 574 2568 Bekker.
610 2528 726 2566 edidit
755 2525 886 2579 πατήρ
926 2527 949 2566 ὅ
983 2526 1060 2577 σὸς,

405 2588 519 2638 plane
539 2593 582 2623 ut
601 2587 681 2632 Vll,
703 2588 727 2626 8
750 2587 786 2630 ξ.
810 2588 848 2624 2.
892 2585 935 2620 In
956 2598 1061 2637 seqq,

406 2644 455 2681 ad
475 2644 589 2681 verba
610 2645 794 2681 παντοῖοι
813 2639 992 2692 ἐγένοντο
1014 2643 1063 2679 cf.

405 2707 501 2738 nott.
523 2700 571 2737 ad
590 2701 661 2743 111,
686 2697 777 2738 124.
818 2700 875 2734 De
896 2699 1062 2735 Histiaeo

403 2758 550 2794 Milesio
568 2786 577 2804 ‚
608 2756 673 2807 qui
693 2761 851 2805 pontem
870 2755 965 2791 solvi
986 2754 1064 2792 dis-

404 2820 592 2861 suaserat,
622 2811 700 2850 vid.
720 2812 792 2858 IV,
817 2813 911 2851 137.

461 2867 561 2920 μηδὲ
596 2864 810 2919 ἠντιώθη]
860 2865 1066 2915 Mediceus,

1119 1226 1375 1274 Florentinus,
1409 1227 1493 1264 alii:
1527 1221 1779 1277 ἠναντιώθη,

1120 1284 1224 1335 quod
1264 1285 1380 1320 etiam
1428 1282 1562 1322 Matth.
1612 1284 1780 1319 retinuit.

1118 1340 1320 1377 Bekkerus
1371 1339 1543 1376 exhibuit
1583 1335 1782 1389 οἷντιώθη.

1118 1397 1311 1448 Equidem
1352 1410 1442 1432 cum
1471 1394 1783 1446 Schweighaeus-

1120 1462 1157 1490 et
1169 1454 1283 1491 Gaisf.
1308 1467 1357 1489 ex
1378 1454 1456 1489 aliis
1477 1454 1578 1490 libris
1600 1452 1688 1489 dedi
1706 1448 1781 1502 η’ν··

1118 1506 1264 1560 τιώθη,
1299 1523 1534 1562 quamquam
1559 1511 1720 1547 verbum
1740 1509 1781 1549 ἐ-

1119 1569 1388 1606 ναντιοῦσθαι
1410 1574 1447 1603 et
1466 1580 1560 1603 mox
1576 1574 1612 1603 et
1631 1568 1713 1613 Vll,
1726 1565 1779 1606 49

1118 1624 1186 1660 fin.
1216 1625 1444 1660 inveniatur.
1477 1622 1781 1673 Schweighaeu-

1118 1693 1201 1716 sero
1241 1681 1395 1730 vulgata
1434 1676 1668 1730 ἠναντιώθη
1700 1686 1782 1716 orta

1119 1736 1269 1773 videtur
1304 1751 1324 1772 e
1355 1738 1484 1773 mixtis
1505 1739 1603 1773 iuter
1622 1750 1661 1773 se
1683 1735 1781 1773 dua-

1118 1794 1187 1830 bus
1208 1793 1433 1830 lectionibus
1456 1788 1639 1844 ἅντιώθη
1660 1800 1698 1829 et
1712 1788 1780 1842 η’ν-

1117 1846 1264 1900 τιώνθη.

1176 1959 1380 2013 διέργαστο
1419 1956 1470 2000 ἂν
1503 1957 1552 1999 τοὶ
1591 1959 1781 2009 Περσέων
1836 1959 1841 1964 ”

1118 2016 1356 2070 πρήγματα]
1381 2018 1406 2054 i.
1418 2031 1451 2058 e.
1475 2017 1515 2054 de
1528 2017 1716 2054 Persarum
1727 2030 1782 2056 re-

1120 2077 1183 2112 bus
1201 2089 1230 2112 s.
1253 2077 1396 2125 imperio
1422 2077 1540 2111 actum
1554 2074 1664 2125 foret.
1694 2076 1782 2111 Non

1120 2133 1227 2168 aliter
1276 2131 1563 2182 διαπέπρακται
1604 2132 1644 2167 in
1684 2132 1781 2168 Piu-

1118 2187 1237 2226 tarch.
1254 2189 1345 2224 Fab.
1368 2188 1405 2229 5.
1429 2188 1570 2237 Agesil.
1592 2190 1660 2227 22.
1683 2188 1780 2239 Syll.

1118 2247 1172 2284 29
1193 2245 1280 2283 coll.
1300 2243 1484 2280 Abresch.
1506 2250 1542 2279 et
1561 2243 1780 2281 Blomfield.

1122 2300 1171 2337 ad
1200 2300 1378 2352 Aeschyl.
1400 2302 1503 2336 Pers.
1528 2300 1608 2340 358
1632 2313 1662 2336 s.
1683 2300 1781 2341 265.

1121 2358 1297 2407 Simplex
1325 2355 1545 2407 πέπρακται
1576 2355 1675 2406 apud
1699 2358 1781 2393 He-

1119 2413 1242 2450 rodot.
1271 2415 1338 2459 IX,
1365 2416 1438 2453 111
1467 2413 1552 2449 coll.
1584 2411 1778 2464 Aristoph.

1117 2471 1218 2521 qu.
1242 2468 1361 2511 1248.
1382 2491 1438 2497 --
1466 2470 1509 2505 Iu
1530 2482 1633 2521 seqq.
1653 2469 1701 2507 ad
1719 2470 1780 2507 lo·-

1119 2529 1313 2563 cutionem
1353 2526 1539 2578 γίνεσθαι
1579 2526 1644 2565 ἐντί
1686 2540 1777 2574 τινι,

1121 2597 1219 2635 quae
1240 2583 1287 2620 de
1308 2584 1419 2620 rebus
1436 2581 1657 2630 adhibetur,
1680 2594 1778 2634 quae

1118 2642 1158 2676 in
1172 2641 1328 2677 alicuius
1349 2647 1436 2677 sunt
1457 2646 1640 2690 potestate
1658 2653 1688 2679 s.
1705 2639 1777 2674 ali-

1120 2699 1224 2734 cuius
1254 2697 1404 2733 arbitrio
1438 2696 1639 2747 permissae
1675 2699 1776 2741 sunt,

1119 2754 1262 2793 consul.
1285 2751 1448 2790 Fischer.
1470 2751 1519 2789 ad
1532 2753 1689 2789 Weller.
1709 2751 1775 2798 111,

1118 2823 1206 2861 pag.
1228 2810 1323 2851 235.
1344 2811 1471 2860 Viget.
1494 2822 1532 2859 p.
1559 2809 1652 2854 298,
1679 2808 1775 2854 617,

1121 2880 1172 2903 ne
1192 2867 1313 2918 plura.
1371 2864 1512 2902 Herod.
1532 2864 1612 2912 VII,
1633 2862 1699 2904 52.
