1789 3213
426 126 896 167 POLYMNIA.
952 125 1052 165 VII.

1288 126 1372 167 713

118 240 284 283 νικῶσα
313 237 359 280 δὲ
391 235 540 292 γνώμη
571 235 748 292 ἐγένετο,
777 235 858 291 τήν
883 235 930 280 ἓν
969 231 1275 291 Θερμοπύλῃσι
1306 233 1370 277 ἐσ-

116 305 254 363 βολὴν
273 302 471 361 φυλάξαι.
530 303 770 361 στεινοτέρη
798 303 881 360 γάρ
912 304 1114 360 ἐφαίνετο
1135 301 1268 345 ἐοῦσα
1296 305 1372 357 τῆς

117 373 162 425 ἐς
191 374 449 429 Θεσσαλίην,
488 374 562 416 καὶ
591 372 680 428 ἅμα
710 370 919 427 ἄγχοτέρη
950 374 1032 425 [τε]
1064 373 1140 425 τῆς
1182 370 1370 414 ἑωυτῶν.

89 440 200 497 3τῆν
230 441 276 484 δὲ
307 438 524 495 ἀτραπὸν,
569 439 620 485 δι’
660 439 716 496 ἢν
752 441 928 495 ἥλωσαν
958 441 1001 482 οἱ
1031 437 1206 489 ἁλόντες
1229 437 1374 494 Ἑλλή-

114 525 207 552 νων
228 509 274 552 ἓν
305 507 625 565 Θερμοπύλῃσι,
657 506 759 551 οὐδὲ
784 507 944 564 ᾔδεσαν
972 507 1132 550 ἐοῦσαν
1160 506 1374 561 πρότερον

115 575 224 632 ἤπερ
264 574 524 630 ἀπικόμενοι
568 577 609 628 ἐς
651 575 938 631 Θερμοπύλας
974 574 1194 618 ἐπύθοντο
1229 578 1431 630 Τρηχι-Ῑο

86 644 238 687 4νίων.
297 643 461 700 ταύτην
500 642 562 687 οἷν
602 643 917 700 ἐβουλεύσαντο
962 641 1260 698 φυλάσσοντες
1296 642 1376 697 τὴν

116 710 324 768 ἐσβολήν,
366 711 424 768 μή
463 713 664 766 παριέναι
702 713 744 763 ἐς
782 713 860 768 τὴν
883 709 1076 755 Ἐλλάδα
1105 709 1182 754 τὸν
1208 709 1376 766 βάρβα-

119 793 222 833 ρον’
253 779 331 823 τόν
361 781 407 824 δὲ
436 780 644 824 ναυτικόν
664 781 848 836 στρατὸν
876 779 1020 823 πλέειν
1049 782 1126 834 γῆς
1157 782 1231 834 τῆς
1257 776 1378 821 Ἱστι-

116 845 319 899 αιώτιδος
347 849 414 891 ἐπὶ
440 846 718 904 Ἀρτεμίσιον.
777 852 913 891 ταῦτα
941 848 1023 904 γὰρ
1054 845 1191 903 ἀγχοῦ
1224 861 1269 888 τε
1308 844 1379 889 οἳλ-
1435 845 1516 888 588

119 914 263 971 λη’λων
299 917 405 967 ἐστὶ,
446 916 554 959 ὥστε
582 916 888 974 πυνθάνεσθαι
916 915 968 959 τὰ
1004 914 1114 959 κατὰ
1144 913 1374 969 ἑκατέρους
1390 919 1432 954 15

0 989 54 1037 16
121 981 270 1026 ἐόντα·
314 985 362 1027 οἴ
385 1000 430 1028 τε
458 988 593 1040 χῶροι
624 984 761 1035 οὕτως
791 985 947 1040 ἔχουσι.

1011 986 1149 1027 Τοῦτο
1180 983 1258 1038 μὲν
1269 1013 1278 1030 ,
1322 981 1372 1026 τό

114 1047 384 1106 Ἀρτεμίσιον
430 1053 475 1096 ἐκ
514 1056 595 1096 τοῦ
633 1052 840 1108 πελάγεος
868 1056 950 1096 τοῦ
983 1052 1194 1108 Θρηϊκίου
1233 1050 1276 1104 ἐξ
1305 1049 1373 1095 εὐ-

47 1217 129 1255 Gr.
150 1219 217 1258 Gr.
249 1220 285 1266 ξ.
303 1217 384 1261 574
404 1218 471 1256 fin.
492 1217 715 1270 pag-1135.

0 1283 10 1295 '
61 1273 355 1313 Valckenaerius
387 1278 614 1315 excitaverat
635 1279 716 1312 He-

62 1330 145 1368 rod.
174 1334 204 1381 Ι,
242 1331 332 1374 114.
362 1334 409 1381 ΙΙ,
443 1333 532 1373 151.
561 1334 627 1381 ΙΙΙ,
650 1336 714 1373 71.

62 1388 250 1427 Antonin.
268 1390 350 1438 VII,
362 1388 411 1429 41
430 1391 513 1428 coli.
538 1390 716 1436 Quinctil.

61 1444 153 1482 Inst.
185 1447 248 1485 Or.
281 1447 343 1494 VI,
378 1449 413 1493 1,
445 1445 511 1494 41,
551 1447 617 1483 ubi
637 1445 711 1483 hoc

62 1501 180 1539 modo
202 1516 244 1539 ex
271 1509 486 1560 usurpatur.
509 1526 559 1531 ——
611 1504 716 1549 Quae

62 1566 274 1610 sequuntur
295 1561 318 1613 ᾑ
349 1574 387 1598 τε
410 1571 619 1609 στησονται
641 1557 710 1599 τὸν

62 1611 245 1665 πόλεμον,
268 1614 651 1666 Schweighaeuserus
664 1618 715 1653 sic

63 1670 251 1709 reddidit:
303 1685 387 1722 quo
425 1673 528 1710 loco
567 1675 715 1710 institu-

63 1730 141 1765 turi
158 1731 227 1766 sint
247 1729 373 1767 bellum
402 1743 430 1768 5.
454 1743 642 1780 quamnam
661 1743 716 1766 se-

64 1784 140 1822 dem
166 1786 255 1823 bello
289 1788 360 1823 sint
394 1786 573 1823 delectari.
639 1787 717 1823 Ve-

64 1853 151 1877 reor
171 1849 214 1878 ut
232 1850 346 1879 recte.
406 1842 504 1888 Quid
527 1843 629 1879 enim
648 1856 718 1880 va-

64 1897 198 1934 lebunt
216 1899 330 1935 verba
347 1897 473 1935 addita
501 1898 568 1938 καὶ
597 1898 638 1938 ἐν
658 1899 718 1938 οἴ-

67 1965 149 1993 οισι
167 1950 362 2007 χώροισιῗ
419 1957 552 2007 Itaque
582 1957 716 1992 malim

65 2010 323 2061 interpretari:
366 2024 430 2062 quo
464 2013 562 2050 modo
593 2013 717 2050 bellum

65 2069 204 2114 gesturi
240 2081 269 2106 s.
299 2071 505 2106 z'nstz'tuturi
535 2070 628 2116 sint,
676 2076 719 2106 ut

64 2123 147 2170 VH,
168 2125 249 2164 236
272 2131 308 2161 et
334 2126 520 2173 V11‚9§.
541 2129 578 2166 2.
610 2126 720 2163 Stru-

65 2179 175 2216 vium
203 2181 234 2217 si
263 2156 460 2219 audiamus
490 2184 508 2218 I
542 2195 628 2233 pag.
651 2185 717 2230 31,

67 2235 311 2274 scribendum
334 2240 402 2275 erit
416 2241 466 2293 τῇ
485 2252 553 2290 pro
576 2242 617 2293 ᾑ.
656 2212 718 2276 Ad

66 2289 96 2341 ’ἡ
109 2304 259 2332 νικωσα
277 2296 376 2335 conf.
398 2298 426 2344 Ι,
440 2299 505 2336 61.
524 2297 717 2337 Lambert,

67 2348 158 2385 Bos.
187 2349 336 2400 Ellipss.
365 2354 410 2389 L.
439 2354 505 2389 Gr.
537 2367 576 2404 p.
606 2356 659 2394 87
683 2360 719 2390 et

67 2404 108 2441 in
127 2417 206 2456 seq.
227 2402 320 2442 ad'
295 2407 480 2459 αγχοτέρη
496 2408 630 2448 Matth.
652 2411 717 2447 Gr.

70 2461 137 2498 Gr.
181 2462 218 2507 §-
255 2465 333 2503 132
371 2477 457 2515 pag.
496 2466 601 2515 255,
625 2481 717 2519 quo

70 2523 224 2554 auctore
302 2519 415 2556 etiam
471 2524 607 2559 vocula
655 2538 716 2573 τε,

69 2586 189 2626 quam
218 2587 287 2611 nos
317 2577 422 2613 uncis
450 2577 566 2614 modo
596 2581 720 2617 inclu-

68 2631 197 2680 simus,
219 2630 391 2669 delenda.
448 2633 555 2670 Idem
576 2637 612 2681 §.
639 2636 718 2677 558

68 2699 156 2738 pag.
179 2689 284 2728 1103
304 2689 554 2727 consulendus
574 2691 622 2728 ad
632 2705 720 2730 ver-

69 2743 117 2781 ba
135 2740 296 2796 ἥλωσαν
318 2745 360 2786 οἱ
393 2743 566 2794 ἁλόντες.
591 2771 640 2777 -
673 2750 717 2786 In

771 1231 876 1270 seqq.
913 1216 962 1254 ad
991 1217 1153 1256 verbum
1172 1214 1359 1270 παριέναι
1378 1216 1428 1254 cf.

771 1277 837 1323 ΙΙΙ,
859 1278 924 1316 72.
945 1276 1008 1323 IV,
1033 1274 1126 1316 146.

829 1334 902 1384 γῆς
925 1334 996 1381 τῆς
1015 1325 1316 1378 Ἱστιαιώτιδος]
1338 1331 1421 1366 Eu-

772 1390 892 1427 boeae
920 1389 1064 1426 insulae
1091 1387 1314 1438 intelligitur
1330 1385 1423 1437 fpars

772 1446 1083 1496 septentrionalis,
1107 1457 1202 1497 quae
1232 1457 1251 1479 e
1271 1445 1427 1493 regione

772 1502 1023 1540 Hz'stz'aeotidis
1037 1501 1258 1538 Thessalicae
1268 1499 1333 1549 (de
1349 1498 1425 1552 quai

771 1558 848 1596 vid.
878 1566 972 1596 nott.
998 1557 1046 1595 ad
1076 1560 1105 1606 I,
1129 1558 1209 1607 56)
1247 1558 1317 1594 sita
1349 1563 1429 1593 erat

770 1615 938 1668 indeque
978 1617 1093 1652 etiam
1130 1616 1216 1652 tulit
1263 1626 1420 1650 nomen.

771 1674 881 1710 Hanc
922 1671 1103 1722 Ἱστιαίην
1142 1674 1277 1708 Noster
1314 1676 1426 1707 vocat

771 1731 872 1778 VIII,
898 1732 974 1777 23,
1017 1741 1132 1781 quam
1177 1727 1425 1778 Thucydides

772 1788 853 1834 VII,
876 1785 929 1826 57
958 1786 1043 1822 coll.
1065 1788 1094 1833 Ι,
1127 1787 1180 1826 98
1211 1792 1246 1821 et
1272 1786 1427 1821 Plutar-

775 1842 867 1880 chus
888 1843 1079 1893 appellant
1095 1840 1313 1880 Ἑστίαιαν.
1335 1840 1421 1877 Vid.

774 1902 908 1950 Poppo
931 1897 1150 1951 Thucydid.
1176 1899 1204 1945 Ι,
1227 1900 1253 1938 2
1272 1912 1310 1948 Ρ.
1327 1900 1420 1938 267.

773 1959 866 1998 268.
886 1957 1073 1995 Mannert.
1106 1957 1247 2005 Geogr.
1275 1955 1362 1992 VIII
1382 1967 1420 2006 p.

773 2012 854 2054 246
875 2026 982 2065 seqq.
1006 2011 1087 2053 249
1100 2025 1205 2064 seqq.

937 2103 1029 2153 Cap.
1051 2102 1258 2140 CLXXVI.

829 2178 872 2222 τό
893 2176 1162 2235 Ἀρτεμίσιον]
1204 2181 1427 2219 Artemisium

772 2240 952 2276 Euboeae
995 2239 1320 2290 promontorium,
1373 2238 1423 2276 ad

775 2295 878 2348 quod
906 2298 1140 2334 Graecorum
1170 2296 1292 2333 classis
1334 2308 1423 2332 cum

774 2354 896 2390 Persis
917 2353 1098 2400 conflixit,
1118 2350 1422 2391 noruntDiodor.

775 2411 851 2448 Sic.
872 2412 940 2458 XI,
964 2413 1026 2450 12.
1048 2407 1240 2449 Plutarch,
1262 2407 1427 2445 Themi-

774 2468 880 2504 stocl.
908 2470 960 2510 8,
990 2467 1056 2502 ubi
1087 2465 1269 2503 editorem
1289 2479 1425 2502 recen-

774 2525 960 2561 tissimum
994 2536 1073 2560 non
1114 2523 1210 2573 fugit
1244 2521 1427 2559 Herodoti

773 2581 900 2628 locus,
931 2581 1080 2617 Cornel.
1117 2582 1212 2630 Nep.
1234 2577 1421 2617 Themist.

775 2639 799 2677 3
837 2639 874 2684 §.
896 2640 934 2684 2,
969 2637 1043 2673 alii.
1105 2635 1208 2677 Add.
1233 2636 1423 2674 Maunert.

773 2693 798 2733 l.
814 2695 901 2745 ly.
922 2694 1018 2735 250·

828 2749 872 2791 ἐκ
894 2752 966 2791 τοῦ
992 2745 1179 2802 πελάγεος
1203 2751 1276 2790 τοῦ
1301 2750 1422 2802 Θρηϊ-

1431 984 1512 1026 Ξίιιιὲ
1530 998 1638 1027 horum
1661 997 1704 1027 lo-

1431 1040 1545 1061 corum.
