1806 3181
269 234 355 276 8⁰6
756 232 1154 272 EXCURSUS
1203 234 1261 272 IV

703 674 1185 725 EXCURSUS
1223 675 1305 723 IV

591 792 679 829 An
721 792 1197 831 HERODOTUM
1235 793 1320 841 Vl,
1360 794 1438 834 69.

795 893 871 933 DE
900 892 1227 932 ASTRABACO.

483 991 578 1044 (Ex
612 994 690 1034 Cre
701 999 834 1036 uzeri
870 996 1072 1035 Commeutt.
1114 995 1299 1034 Herodott.
1323 1007 1416 1048 pag.
1445 991 1559 1045 242.)

383 1230 617 1279 „Ferebatur
653 1232 793 1283 triplex
827 1234 930 1272 fama
949 1234 998 1272 de
1025 1240 1110 1272 ortu
1137 1231 1345 1271 Demarati.
1408 1231 1540 1270 Prima
1566 1233 1758 1286 alteraque

269 1295 447 1347 expedita
467 1305 522 1335 est
537 1328 547 1348 ,
578 1299 654 1352 qua
679 1300 836 1352 quIdem
855 1305 918 1341 vel
936 1302 1121 1340 Aristonis
1141 1301 1239 1351 regis
1259 1301 1321 1338 vel
1339 1301 1535 1338 Astrabaci
1554 1299 1678 1339 heroi's
1699 1301 1760 1339 di-

269 1364 426 1402 cebatur
452 1365 562 1405 filius.
618 1368 774 1406 Tertiae
812 1371 938 1408 famae
968 1371 1157 1421 originem
1181 1368 1365 1405 latentem
1388 1371 1614 1420 aperiamus.
1668 1371 1761 1408 Ari-

268 1433 386 1471 stonis
408 1432 647 1472 dubitantem
667 1438 840 1474 animum
859 1445 1137 1490 nutantemque
1159 1435 1450 1474 confirmaverat
1483 1439 1602 1476 oratio
1631 1440 1760 1477 uxoris

271 1508 310 1538 et
329 1509 461 1539 vatum
482 1501 530 1539 de
547 1504 754 1542 Astrabaco
774 1504 892 1544 heroe
921 1507 1171 1543 narrantium.
1227 1505 1479 1543 Inclinaverat
1506 1520 1633 1545 rursus
1659 1514 1760 1557 tem-->

271 1570 372 1620 poris
409 1571 504 1608 ratio
530 1599 540 1620 ,
598 1578 642 1609 ut
682 1573 724 1609 in
754 1573 1003 1625 Ephororum
1041 1572 1137 1610 adeo
1162 1585 1340 1610 consessu
1373 1575 1565 1611 mensium
1597 1588 1760 1614 numero

271 1637 366 1674 inito
401 1638 526 1676 Aristo
556 1626 731 1690 negaret,
767 1655 882 1679 suum
910 1642 1032 1678 filium
1062 1654 1141 1678 esse
1170 1642 1434 1679 Demaratum.
1489 1642 1542 1679 At
1561 1656 1651 1680 vero
1681 1644 1761 1682 eius

273 1703 364 1742 dicti
383 1717 475 1743 eum
494 1708 702 1757 poenituit,
730 1716 980 1762 posteaquam
998 1708 1214 1746 adoleverat
1230 1709 1422 1759 puerulus.
1478 1710 1605 1756 Quam
1623 1710 1760 1749 incon-

273 1775 452 1811 stantiam
480 1774 660 1812 credibile
689 1783 744 1813 est
764 1789 855 1813 eum
875 1791 1055 1815 excusare
1074 1777 1236 1815 voluisse
1257 1776 1535 1827 Spartanorum
1568 1780 1762 1830 optimati-

274 1842 345 1880 bus
365 1855 408 1880 ac
427 1842 588 1895 proinde
607 1851 709 1882 certe
728 1845 768 1881 in
789 1858 939 1896 aurem,
969 1859 1139 1883 narrasse
1159 1845 1271 1881 illum
1290 1845 1549 1883 interventum
1567 1846 1762 1886 Asu-abaci

276 1907 424 1960 hero'ss,
454 1924 629 1964 quaeque
646 1911 737 1949 inde
757 1920 974 1953 evenerant.
1031 1914 1158 1965 Atque
1179 1927 1228 1950 ex
1247 1911 1321 1951 hoc
1349 1914 1432 1965 ipso
1461 1915 1618 1953 nomine
1637 1917 1762 1955 Astra.

277 1977 359 2015 baca·
385 1979 532 2016 inimici
558 1981 762 2018 Demarato
793 1980 968 2019 homines
989 1981 1230 2030 effluxerant,
1261 1979 1332 2021 τόν
1357 1976 1591 2035 ὀνοφορβόν
1610 1998 1762 2024 servum

277 2047 471 2085 asinarium
483 2075 500 2093 ,
529 2055 714 2100 tanquam
732 2050 848 2100 ipsius
867 2058 1028 2102 patrem.
1085 2052 1185 2087 Nam
1215 2051 1281 2103 qui
1297 2045 1574 2103 Ἀστρᾶβακον
1593 2052 1764 2092 audierat

278 2115 538 2163 pronuntiari,
572 2117 607 2152 ei
631 2130 797 2168 pronum
817 2125 917 2168 erat,
939 2117 987 2155 de
1008 2113 1185 2173 οἷστρεὲβῃ
1200 2117 1234 2170 *)
1267 2119 1346 2156 sive
1363 2119 1468 2156 asino
1490 2119 1678 2159 clitellario
1697 2134 1765 2159 co-

278 2180 398 2229 gitare
418 2181 590 2234 adeoque
611 2184 658 2221 de
679 2199 842 2236 agasone,
865 2185 1019 2239 quando
1039 2188 1141 2224 vocis
1162 2187 1350 2224 clausula:
1372 2207 1428 2216 —
1448 2201 1543 2234 ακος
1561 2189 1766 2240 nonlonge

281 2246 491 2286 discederet
511 2263 533 2286 a
552 2254 688 2289 vocula
710 2249 818 2305 ἆγός.
875 2256 932 2291 Ne
962 2255 1105 2292 multa:
1146 2255 1312 2291 luserant
1331 2255 1372 2290 in
1390 2255 1587 2292 Astrabaci
1605 2257 1764 2294 nomine

280 2317 378 2366 regis
409 2316 632 2367 adversarii,
683 2333 758 2372 quo
796 2322 1011 2371 graviorem
1029 2328 1161 2359 notam
1181 2322 1375 2358 inurerent
1393 2323 1764 2377 contemtioremque

281 2382 484 2422 redderent
511 2387 667 2437 populo.
724 2389 858 2441 Neque
890 2402 980 2428 vero
1000 2390 1124 2427 solum
1152 2390 1207 2426 illi
1224 2390 1394 2428 Lacones
1414 2396 1506 2430 tunc
1524 2392 1706 2444 temporis
1723 2393 1764 2430 in

329 2569 363 2615 *)
388 2570 698 2608 BekkenAnecdd.
723 2574 739 2608 1
762 2587 795 2620 p.
820 2575 904 2611 455:
929 2573 1245 2620 Ἀστραβηλᾶτης·
1272 2573 1454 2622 ὄνηλᾶτης
1477 2578 1548 2613 vid.
1572 2578 1659 2614 ibid.
1683 2591 1764 2626 pag.

402 2626 471 2663 454
494 2628 529 2663 in
553 2627 732 2676 οἷστράβη.
778 2633 890 2677 Atque
914 2633 997 2667 haec
1020 2634 1141 2668 vocula
1157 2633 1246 2678 apud
1271 2640 1407 2669 veteres
1431 2635 1668 2671 declaraverat
1691 2637 1762 2671 asi-

398 2697 478 2718 num
502 2688 693 2731 mulumque
717 2688 933 2723 clitellarium
956 2701 996 2723 ac
1021 2690 1163 2735 proinde
1188 2691 1332 2736 quodvis
1355 2691 1535 2728 iumentum
1558 2692 1762 2735 onerarium,

401 2748 518 2786 postea
542 2755 678 2788 quoque
713 2745 827 2779 sellam
860 2745 1072 2792 clitellasque
1096 2747 1197 2793 ipsas,
1245 2748 1324 2783 Vid.
1357 2749 1503 2784 Moerin.
1526 2750 1641 2795 ibique
1662 2749 1762 2783 Pier-

398 2810 470 2832 son.
507 2811 542 2844 p.
575 2801 619 2835 57
651 2813 723 2846 seq.
758 2802 910 2846 Hesych.
941 2803 958 2837 1
984 2816 1018 2850 p.
1043 2806 1112 2840 385
1137 2806 1268 2840 Albert.
1294 2806 1449 2850 Bergler.
1474 2813 1511 2842 et.
1533 2807 1696 2852 Wagner.
1719 2807 1763 2841 ad

399 2855 549 2901 Alciphr.
574 2857 655 2899 11,3
681 2871 712 2904 p.
737 2861 805 2895 322
822 2865 857 2894 et
885 2860 1012 2895 Zonar.
1038 2861 1076 2895 L.
1102 2863 1166 2896 Gr.
1197 2875 1228 2908 p.
1253 2861 1331 2898 314.
1355 2864 1434 2899 321.
