1870 3249
0 712 97 757 115

411 194 1173 234 TERPSICHORE.Y.
1347 196 1429 233 219

164 309 377 362 κεφαλῆς,
421 305 494 348 καὶ
523 304 606 361 ἤδη
637 303 793 360 ἐούσης
822 304 995 359 κοίλης,
1033 301 1164 357 ἐσμός
1191 301 1431 358 μελισσέων

134 373 293 424 Βέσδύς
323 373 365 424 ἐς
401 372 556 428 αὐτὴν,
599 374 765 428 κηρίων
805 388 880 426 μιν
910 371 1128 427 ἐνέπλησε.
1188 369 1350 413 τούτου
1382 370 1427 413 δὲ

159 442 399 498 γενομένου
437 441 663 489 τοιούτου,
710 440 918 495 ἐχρέωντο
955 440 1039 495 γὰρ
1077 439 1176 492 περὶ
1217 436 1351 494 αὐτῆς
1387 439 1429 480 οἱ

158 509 438 566 Ἀμαθούσιοι
449 541 461 560 ,
518 508 762 563 ἐμαντεύθη

823 520 903 562 σφι
950 507 1062 563 ,,τήν
1108 508 1188 561 μὲν
1233 506 1429 563 κεφαλὴν

161 577 452 630 ,,κατελόντας
491 575 660 629 θάψαι,
716 575 925 633 Ὀνησίλῳ
970 577 1015 619 δὲ
1053 575 1182 619 θύειν
1220 573 1279 625 ὥς
1316 574 1432 630 ἥρωϊ

137 645 283 697 4,,ἅνοέ
313 650 403 688 πᾶν
433 646 540 696 ἔτος.
601 646 675 688 καί
714 656 795 698 σφι
837 649 1011 687 ποιεῦσι
1051 647 1208 694 ταῦτα,
1247 642 1487 697 ἄμεινονδῠ

163 716 522 767 ,,συνοίσεσθαι“
575 712 862 769 Ἀμαθούσιοι
901 713 979 767 μέν
1016 728 1100 754 νυν
1131 712 1305 754 ἐποίευν
1332 714 1432 754 ταῦ-

1491 743 1623 772 Coffnila
1643 742 1731 770 clade

160 799 226 837 τα,
255 783 328 826 καὶ
357 783 406 825 τό
436 782 558 839 μέχρι
586 781 698 837 ἐμεῦ.
746 780 891 832 Ἴωνες
914 781 959 824 δὲ
990 781 1034 822 οἱ
1063 779 1109 822 έν
1130 778 1300 835 Κύπρῳ
1330 796 1433 822 ναυ-
1490 773 1685 815 θ)“ἶ’·“ῑο“”“’
1701 777 1747 803 10‘

1490 821 1542 840 nes
1564 812 1682 838 domum
1700 819 1748 837 ΥΘ-

160 850 450 906 μήιχήσαντες,
488 849 578 893 έπεί
607 867 650 894 τε
682 851 850 906 ἔμαθον
882 848 933 892 τοὶ
967 849 1198 904 πρήγματα
1228 847 1279 890 τοὶ
1309 846 1430 903 Ὀνη-
1489 850 1662 873 ‘'fffflmu‘·
1689 845 1749 879 οἵ·

1489 889 1561 916 prus
1581 879 1651 914 iugo
1673 880 1748 906 Per-

161 921 286 962 σίλου
325 917 651 974 διεφθαρμένα,
687 919 762 961 καὶ
800 918 878 968 τὰς
912 916 1067 967 πόλιας
1097 920 1187 961 τῶν
1218 917 1431 969 Κυπρίων
1488 915 1551 941 ⁵³⁰⁰
1577 913 1674 940 ‘¹⁶¹¹“0
1697 911 1766 939 θιὼ·

159 986 530 1040 πολιορκευμένας
562 986 639 1038 τὰς
671 985 827 1038 ἄλλας,
867 986 982 1041 πλὴν
1013 989 1289 1039 Σαλαμῖνος,
1328 983 1430 1027 ταύ-
1444 989 1488 1024 65

163 1071 242 1110 την
273 1054 318 1097 δὲ
350 1053 505 1111 Γόργῳ
549 1059 608 1113 τῷ
647 1056 845 1111 προτέρῳ
890 1051 1061 1108 βασιλέϊ
1094 1053 1197 1103 τοὺς
1228 1055 1429 1106 Σαλαμι-

161 1124 286 1173 νίους
315 1121 615 1176 παραδόντας·
661 1122 816 1166 αὐτίκα
846 1121 1063 1178 μαθόντες
1089 1123 1134 1163 οἷ
1155 1119 1301 1169 Ἴωνες
1331 1123 1433 1162 ταῦ-

118 1199 237 1244 ·2τα,
277 1188 508 1234 ἀπέπλωον
546 1191 588 1241 ές
626 1191 704 1248 τὴν
734 1190 917 1246 Ἰωνίην.
969 1193 1058 1232 τῶν
1100 1189 1146 1232 δὲ
1186 1189 1232 1231 έν
1267 1187 1433 1244 Κύπρῳ

161 1261 328 1303 πολίων
359 1257 534 1315 ἀντέσχε
563 1259 727 1314 χρόνον
757 1259 823 1302 ἐπὶ
854 1263 1057 1302 πλεῖστον
1087 1257 1434 1312 πολιορκευμένη

163 1327 320 1381 Σόλοι,
361 1327 440 1384 τὴν
476 1328 599 1382 πέριξ
638 1326 968 1383 ὑπορύσσοντες
1002 1326 1054 1371 τό
1093 1330 1232 1382 τεῖχος
1259 1325 1493 1383 πέμπτῳτθ

161 1397 264 1453 μηνὶ
294 1393 414 1439 εἷλον
444 1398 488 1440 οἱ
518 1398 694 1451 Πέρσαι.

318 1571 411 1622 cap.
434 1571 568 1608 CXIV.

166 1626 247 1679 ἤδη
269 1625 412 1678 ἐούσης
427 1628 583 1678 κοίλης]
605 1629 662 1663 Ita
682 1640 771 1664 cum

108 1692 266 1723 receutt.
286 1687 416 1736 scripsi
433 1698 502 1736 pro
523 1685 629 1734 vulg.
648 1681 773 1734 οὔσης

107 1739 188 1792 ἤδη
198 1744 345 1792 κοίλης,
359 1741 464 1794 quod
479 1749 612 1778 teuent
625 1740 773 1778 Sohae-

108 1800 178 1836 fer.
205 1806 242 1835 et
271 1798 407 1835 Matth.
422 1826 436 1843 ,
477 1800 647 1849 itemque
680 1811 775 1834 mox

111 1854 311 1905 ἐνέπλησε,
335 1857 441 1892 cuius
460 1856 545 1892 loco
567 1855 720 1891 sohaef.
739 1862 775 1891 et

111 1910 248 1948 Matth.
284 1910 516 1960 ἐνέπλησαν.
574 1912 703 1947 Utitur
732 1910 772 1947 h.

113 1969 139 2004 l.
159 1967 326 2005 Bochart
345 1969 557 2004 Hierozoic.
578 1969 669 2004 P.11
689 1968 774 2004 Lib.

113 2026 177 2072 IV,
201 2027 251 2064 10
272 2039 310 2075 p.
334 2025 414 2065 505
437 2024 485 2061 ad
505 2023 648 2061 Iudice.
670 2025 774 2061 XIV.

114 2083 152 2128 9,
174 2082 246 2117 alia
266 2082 463 2131 complura
493 2083 611 2118 citans
641 2094 776 2117 exem-

113 2138 176 2188 pla
197 2150 313 2188 apum
337 2139 377 2173 in
399 2139 619 2188 corporibus
650 2140 776 2175 exsic-

112 2196 204 2231 catis
233 2194 551 2232 mellificantium.

168 2247 398 2301 ἐμαντεύθη
433 2252 531 2301 σφι]
576 2251 664 2299 „Ad
685 2264 776 2287 eum

112 2307 275 2344 modum
303 2310 475 2359 superius
513 2322 597 2359 cap.
637 2309 690 2349 45
728 2304 776 2346 τοὶ

114 2364 413 2416 μεμαντευμένα
444 2373 481 2402 et
500 2365 699 2402 Heliodori
731 2361 779 2403 τὰ

113 2419 156 2460 ἐκ
187 2421 347 2468 νεκυίας
370 2421 670 2473 μεμαντευμένα
698 2422 778 2458 Ae-

113 2476 234 2528 thiop.
256 2478 324 2515 VII
343 2480 487 2530 princ.,
518 2480 654 2531 quibus
673 2492 778 2515 nuuc
820 2486 823 2489 “

116 2533 285 2585 adiungo
317 2532 461 2585 λουτρά
499 2539 582 2582 τοῖς
632 2551 776 2587 τετρω-

116 2590 251 2642 μένοις
277 2589 473 2642 μαντεντοῖ
506 2600 542 2629 et
578 2591 776 2630 Philocte-

116 2655 180 2685 teu
202 2645 416 2699 μαντευτὸν
442 2651 526 2695 τοῖς
546 2644 714 2700 Ἀχαιοῖς
729 2663 777 2686 ex

114 2703 333 2742 Philostrati
372 2706 544 2744 Heroicc.
589 2707 638 2754 11,
667 2709 717 2747 18
741 2713 778 2743 et

115 2762 161 2809 V,
184 2764 247 2801 1.“
285 2762 557 2811 Wesselz'ng.
578 2764 777 2800 Hammer.

117 2819 156 2855 in
177 2819 331 2858 Anuall.
354 2820 578 2857 viennenss.
610 2821 660 2857 T.
689 2821 779 2857 LIX

1489 948 1570 976 iecta
1590 949 1629 984 [a.
1639 947 1721 982 501.].

828 1585 867 1622 p.
890 1572 958 1611 77.
990 1570 1157 1607 Onesilai
1191 1567 1315 1605 herois
1345 1567 1492 1604 cultum

830 1640 951 1678 aeque
973 1635 1087 1679 atque
1109 1626 1305 1663 Astrabaci
1327 1625 1407 1672 (VI,
1421 1626 1492 1672 69)

830 1685 878 1722 ad
901 1686 1127 1721 cabirorum
1146 1684 1260 1720 refert
1279 1695 1397 1718 sacra.

887 1739 960 1790 τήν
989 1740 1060 1793 μὲν
1092 1737 1271 1790 κεφαλὴν
1310 1733 1495 1776 κατελόν-

832 1815 899 1844 τας
923 1795 1087 1846 θάψαι]
1118 1799 1143 1833 i.
1166 1811 1200 1833 e.
1223 1799 1262 1832 ut
1281 1799 1389 1845 caput
1408 1796 1496 1842 (su-

829 1869 898 1906 per
927 1857 1030 1891 urbis
1062 1861 1211 1904 portam
1251 1850 1496 1902 suspensum)

829 1911 1010 1962 auferrent
1049 1911 1309 1959 humanusque.
1396 1909 1498 1943 Nam

831 1971 1044 2017 καθαιρεῖν
1067 1966 1114 2003 de
1130 1968 1173 2003 iis
1194 1967 1385 2016 frequens,
1399 1977 1497 2016 quae

831 2026 1016 2076 superiori
1048 2038 1097 2060 ex
1125 2025 1210 2060 loco
1233 2021 1497 2068 detrahuntur,

832 2083 1067 2119 auferuntur.
1109 2082 1167 2116 De
1187 2081 1303 2116 verbo
1324 2074 1499 2118 θάπτειν

833 2139 933 2176 conf.
956 2145 1051 2174 nott.
1074 2137 1123 2174 ad
1143 2138 1188 2184 V,
1211 2138 1235 2176 8
1258 2144 1294 2172 et
1315 2135 1364 2172 ad
1383 2135 1499 2172 verba

834 2193 1000 2246 ἄμεινον
1021 2194 1282 2234 συνοίσεσθαι
1294 2194 1341 2241 V,
1363 2195 1429 2234 82.
1445 2213 1497 2219 ——

834 2255 878 2289 Iu
898 2253 975 2288 fine
995 2265 1078 2302 cap.
1101 2264 1170 2302 pro
1183 2249 1314 2302 μέχρις
1334 2263 1424 2287 cum
1436 2262 1499 2285 re-

836 2317 952 2349 ceutt.
976 2308 1064 2348 edd.
1088 2307 1246 2345 exhibui
1267 2305 1391 2358 μέχρι.

1053 2412 1146 2462 Cap.
1174 2410 1292 2448 CXV.

895 2478 1040 2528 Σόλοι,
1071 2477 1145 2530 τήν
1179 2477 1293 2529 πέριξ
1320 2471 1499 2528 ’ὑπορύσ-

835 2534 1033 2585 σοντεςῖτό
1055 2541 1180 2588 τεῖχος
1212 2534 1376 2586 πέμπτῳ
1404 2549 1440 2571 κ.
1466 2547 1497 2570 τ.

833 2596 897 2643 λ.]
930 2597 986 2632 Ita
1027 2607 1118 2631 ciun
1155 2591 1292 2630 Matth.
1330 2589 1499 2635 distinxi,

835 2651 984 2689 duobus
1006 2651 1260 2688 commatibus
1281 2655 1368 2685 aute
1389 2646 1500 2697 πέριξ

835 2715 872 2746 et
911 2707 1075 2760 πέμπτῳ
1111 2708 1203 2758 poni
1233 2707 1362 2752 solitis,
1393 2705 1500 2742 abie-

835 2766 903 2802 ctis
925 2772 961 2802 et
991 2765 1126 2801 maiori
1152 2762 1394 2800 distinctione
1414 2768 1499 2812 post

837 2817 963 2861 Σόλοι
983 2822 1022 2858 in
1045 2822 1236 2858 minorem
1257 2826 1416 2857 mutata.
1446 2841 1500 2846 —-
