1815 3181
395 170 450 208 34

790 165 1254 202 HERODOTI

394 274 699 329 τιθευσόμενοι
734 272 950 329 Ἑλλήνων
990 272 1182 329 ἐξεῖργόν
1221 290 1320 329 μιν,
1364 272 1555 328 φάμενοι
1595 271 1684 316 0135

394 341 631 399 βαρβάρων
662 339 935 395 ἀγωνιστέων
963 338 1078 384 εἶναι
1114 340 1193 386 τόν
1221 339 1393 396 ἀγῶνα,
1433 339 1543 384 ἀλλὰ
1566 340 1657 383 Ἑλ-

366 418 387 451 3
400 410 556 466 λήνων.

342 578 395 608 est
416 571 552 607 vocula
574 568 616 608 ἒν
644 583 666 606 3
687 578 851 622 quatuor
879 570 994 606 libris.

339 630 489 664 Tuetnr
525 625 826 678 Wessdingius,
878 627 996 663 citans

334 686 382 731 II,
409 687 498 724 160.
520 684 619 730 VIII,
643 685 736 724 134·
777 683 887 729 Quod
905 696 996 721 vero

337 754 405 792 pro
424 735 624 790 Ἑλλήνων
643 741 683 776 in
702 741 872 791 pluribus
890 741 996 777 libris

338 798 491 836 vetustis
512 803 634 833 exstat
651 795 937 848 Ἑλληνοδίκαι,
957 795 998 833 id

335 869 356 891 e
387 852 529 890 scholio
562 855 602 889 in
630 859 781 890 textum
809 855 998 904 irrepsisse

336 917 436 947 recte
474 917 636 946 monent
675 911 908 962 VVesseling.
962 916 999 947 et

335 965 520 1005 Valcken.
586 968 686 1003 Nam
722 968 787 1019 qui
822 967 999 1019 Olympi-

337 1037 428 1061 cum
457 1030 651 1060 certamen
683 1031 818 1060 curant
850 1024 997 1072 Graeci,

336 1082 362 1117 ii
382 1094 471 1118 sane
490 1087 577 1117 sunt
592 1079 861 1128 Hellanodicae‚
873 1082 996 1132 'prae-

334 1137 432 1176 sides
477 1136 659 1174 ludorum
705 1138 995 1188 Olympicorum

335 1195 665 1244 certaminiunque
702 1193 858 1231 iudices.
936 1195 994 1229 De

335 1251 473 1303 quibus
493 1249 570 1287 vid.
584 1251 748 1286 Pausan.
771 1251 815 1297 V,
838 1252 862 1290 9
885 1250 922 1294 ξ.
953 1248 991 1288 4.

337 1308 376 1349 5.
397 1307 461 1354 Vl,
485 1310 522 1347 3.
545 1309 611 1353 24,
633 1307 762 1358 ibique
781 1307 991 1356 interprett.

338 1365 424 1401 coll.
454 1376 530 1399 van
560 1363 656 1399 Dale
679 1365 834 1401 Dissert.
863 1363 944 1410 Vll,
970 1367 989 1403 1

335 1433 424 1471 pag.
455 1420 536 1461 509
575 1432 654 1471 seq.
694 1420 776 1460 519
806 1433 884 1471 seq.
950 1421 996 1455 In

335 1476 500 1513 Palatini
529 1474 668 1514 codicis
695 1477 894 1526 Excerptis
926 1489 997 1512 ex-

335 1540 426 1571 stat:
464 1532 505 1571 οἷ
521 1534 603 1570 τῶν
625 1527 762 1584 οἷγῶνα
783 1535 862 1571 τῶν
876 1526 996 1584 ὄλυμ-

336 1589 442 1629 πίων
485 1586 689 1636 διέποντες
732 1588 993 1640 ἕλληνοδίκαι.

337 1668 394 1674 -
412 1647 471 1682 De
489 1646 608 1682 verbo
631 1643 780 1685 διέπειν
804 1646 904 1683 conf.
926 1646 994 1694 m,

338 1702 405 1744 53.
426 1703 489 1749 VI,
514 1705 607 1742 107-
654 1701 716 1739 Ad
745 1703 859 1739 verba
889 1716 995 1755 seqq.

333 1753 597 1809 Ἀλεξανδρου
605 1754 678 1810 γάρ
694 1752 903 1799 ἀεθλεύειν
915 1758 997 1799 ἕλο-

337 1812 459 1881 μένου
471 1814 537 1854 καὶ
550 1810 797 1866 καταβάντος
810 1835 859 1843 -
875 1814 997 1868 {gezo-

334 1866 404 1923 γόν
435 1885 503 1921 μιν
535 1870 637 1907 conf.
668 1869 804 1908 Marth.
841 1873 907 1908 Gr.
930 1873 996 1909 Gr.

337 1929 375 1974 §-
397 1927 478 1969 561
500 1939 589 1978 pag
614 1929 734 1975 1108,
764 1929 812 1964 ob
843 1929 999 1979 partici-

336 1984 390 2035 pii
434 1996 570 2029 usum3
616 1985 872 2035 καταβαίνειν
902 1983 1000 2021 mihi

339 2046 394 2076 est
422 2040 622 2077 descendere
658 2042 695 2077 in
728 2054 884 2078 arenam.
939 2042 997 2078 Cf.

339 2096 420 2142 VII,
442 2098 468 2136 9
491 2097 526 2141 ς.
541 2099 579 2136 2.
601 2094 791 2135 κατιέναι.
823 2099 902 2134 Nisi
914 2099 998 2149 quis

339 2153 462 2190 latiori
482 2151 696 2202 significatu
716 2152 764 2189 de
796 2166 841 2190 eo
877 2155 997 2204 accipi

339 2209 450 2255 velit,
483 2210 549 2260 qui
570 2207 617 2244 de
637 2211 821 2259 superiori
841 2212 998 2259 regione

340 2264 388 2302 ad
409 2266 538 2316 plagas
559 2264 773 2310 inferiores,
804 2268 899 2302 mari
930 2265 1000 2303 ad-

340 2322 426 2359 sitas
457 2334 499 2358 30
525 2321 656 2371 planas
676 2321 818 2369 tendit,
856 2330 897 2359 ut
917 2323 998 2369 Vll,

341 2379 408 2424 20,
439 2380 505 2419 28.
546 2376 719 2429 ἐξεῖργον
746 2380 997 2430 interpretor:

340 2445 459 2471 arcere
476 2434 690 2471 nitebantur.
748 2436 846 2472 Nam
866 2436 999 2472 frustra

340 2490 425 2527 illos
457 2491 575 2540 egisse
595 2497 804 2528 monstrant
833 2505 1014 2544 sequen-

342 2547 418 2583 tia:
468 2542 722 2598 Ἀλέξανδρος
753 2545 818 2596 δὲ,
860 2546 997 2599 ἐπειδη

342 2600 496 2650 ἐπέδεξε
517 2617 569 2650 ως
591 2602 650 2654 ενη
668 2600 861 2656 Ἀργεῖος,
892 2604 997 2656 ἐκρί-

343 2662 401 2708 θη
421 2673 474 2698 τε
484 2655 606 2698 εἶναι
606 2655 744 2711 Ἐλλην
766 2675 799 2700 κ.
821 2676 851 2699 τ.
869 2663 901 2699 λ.
942 2664 998 2698 Do

345 2727 421 2766 quo
456 2716 667 2767 imperfecti
705 2730 774 2754 usu
808 2719 998 2755 monitum

344 2777 397 2808 est
419 2770 465 2808 ad
486 2774 514 2818 1,
538 2775 603 2813 68.

610 408 886 463 Ἀλέξανδρος
915 408 982 463 δὲ,
1013 407 1159 465 ἐπειδὴ
1190 407 1364 461 ἀπέδεξε
1394 406 1452 459 ὥς
1482 410 1546 464 εἴη
1565 406 1657 463 Ἀρ·

1109 566 1247 621 ἐπειδή
1279 563 1442 616 α’πὲδεξε
1468 565 1522 615 ὥς
1543 567 1604 619 εἴη
1622 563 1713 621 Ἀρ-

1053 626 1198 678 γεῖος]
1265 624 1490 663 Ostenderat
1527 626 1713 662 nimirum

1052 681 1298 728 Perdiccam,
1321 695 1343 719 a
1364 695 1440 734 quo
1461 695 1580 732 genus
1600 694 1714 719 suum

1053 737 1240 786 ducebat,
1270 740 1414 789 Argiva
1442 741 1556 789 stIrpe
1582 740 1714 775 oriun-

1055 794 1150 832 dum
1173 809 1251 833 esse
1281 802 1318 832 et
1346 794 1555 832 Heraclidis
1575 808 1713 832 accen—

1054 854 1148 889 seri:
1173 851 1219 889 de
1242 865 1317 903 quo
1338 853 1448 903 plura
1457 854 1593 889 Noster
1611 853 1713 900 VIII,

1057 911 1151 950 137.
1223 908 1335 945 Unde
1375 922 1610 961 consequens
1646 916 1712 956 est,

1053 966 1191 1016 vulgus
1211 964 1471 1002 Macedonum.
1492 967 1524 1002 si
1544 967 1715 1002 Graeco-

1054 1036 1142 1058 rum
1172 1036 1193 1058 e
1223 1024 1410 1059 sententia
1437 1023 1620 1059 barbarae
1659 1029 1714 1060 est

1055 1080 1208 1129 originis
1220 1109 1230 1127 ,
1265 1092 1373 1129 reges
1392 1086 1523 1116 tamen
1542 1093 1632 1117 vere
1643 1091 1712 1130 pro

1053 1137 1206 1172 Graecis
1225 1134 1422 1172 habendos
1453 1150 1556 1184 esse,
1586 1136 1714 1187 prouti

1051 1191 1389 1229 Hellanodicarum
1408 1193 1495 1229 tulit
1513 1194 1712 1229 sententia.

1050 1250 1184 1300 Itaque
1203 1262 1283 1285 non
1303 1251 1376 1286 nisi
1397 1248 1485 1286 odio
1517 1257 1631 1300 atque
1651 1250 1714 1285 in—

1051 1305 1153 1343 vidia
1181 1305 1332 1342 summa
1363 1307 1547 1343 excitatus
1568 1307 1730 1342 Demo-·

1053 1361 1224 1409 sthenes,
1271 1360 1496 1413 Philippum
1531 1361 1715 1399 Macedo-

1052 1432 1144 1455 nem
1154 1426 1353 1470 tamquam
1364 1420 1570 1456 barbarum
1580 1418 1715 1457 tradu-

1054 1489 1139 1512 cere
1165 1477 1348 1527 omnique
1364 1477 1626 1513 conviciorum
1645 1488 1715 1526 ge—

1052 1546 1144 1569 nere
1182 1533 1359 1569 insectari
1413 1534 1550 1584 potuit.
1625 1532 1712 1569 Vid.

1053 1588 1222 1640 Philipp.
1255 1590 1309 1625 ΙΠ
1337 1602 1426 1639 pag.
1463 1591 1542 1629 119
1582 1590 1619 1635 ξ.
1646 1592 1712 1629 31.

1055 1644 1212 1697 Olynth.
1233 1647 1288 1682 HI
1314 1658 1352 1696 p.
1386 1648 1438 1686 33
1470 1647 1505 1691 §.
1544 1648 1608 1693 16,
1648 1645 1716 1682 ubi

1053 1703 1274 1739 consulatur
1302 1703 1491 1739 Voemelii
1520 1703 1716 1739 annotatio

1052 1772 1140 1810 pag.
1184 1761 1262 1800 126
1298 1772 1377 1810 seq.
1435 1760 1570 1810 Neque
1611 1760 1716 1795 enim

1053 1829 1157 1852 1111110
1185 1822 1295 1853 vacat
1322 1816 1537 1867 inquirere,
1582 1816 1716 1852 Mace-

1055 1871 1173 1909 dones
1194 1879 1325 1908 utrum
1339 1871 1485 1921 Graeca
1505 1884 1554 1908 311
1563 1872 1714 1923 Illyrica

1056 1928 1177 1966 aliave
1214 1941 1365 1979 prorsus
1407 1929 1523 1979 stirpe
1559 1929 1713 1976 fuerint,

1056 1985 1208 2022 Graecis
1229 1992 1381 2022 tantum
1397 1984 1589 2022 admixtis.
1629 1985 1715 2021 Alia

1054 2049 1229 2080 veterum
1248 2043 1464 2078 testimonia
1492 2041 1539 2078 de
1569 2043 1715 2079 Graeca

1053 2099 1115 2135 vel
1133 2099 1258 2148 potius
1273 2099 1416 2148 Argiva
1436 2110 1572 2147 regum
1583 2099 1714 2135 Mace-

1055 2153 1194 2191 doniae
1226 2151 1373 2203 origine
1393 2152 1441 2190 ad
1463 2152 1566 2190 hunc
1587 2155 1714 2191 Hero-

1055 2209 1135 2247 doti
1154 2211 1285 2246 locum
1305 2210 1428 2247 attulit
1447 2209 1632 2248 Valcken.
1665 2224 1714 2248 ex

1055 2268 1208 2304 Isocrat.
1229 2266 1395 2317 Philipp.
1417 2279 1504 2317 pag.
1527 2269 1594 2309 88.
1620 2270 1712 2308 103.

1060 2322 1138 2363 104
1160 2321 1218 2359 ed.
1233 2322 1376 2373 steph.
1402 2324 1457 2374 [p.
1480 2322 1546 2363 74.
1569 2327 1636 2366 87.
1659 2325 1712 2366 88

1057 2380 1241 2427 Teubn.]
1274 2380 1438 2416 Pausfln.
1460 2380 1541 2426 VII,
1565 2383 1590 2421 8
1612 2381 1649 2426 §.
1672 2380 1710 2421 5.

1056 2434 1277 2487 Thucydid.
1299 2437 1346 2482 Π,
1361 2438 1426 2477 99.
1443 2433 1490 2484 V,
1505 2439 1571 2478 80.
1591 2437 1711 2487 Epist.

1055 2492 1202 2530 Socrat.
1223 2465 1389 2529 xxviu
1400 2494 1602 2530 etMaxim.
1616 2494 1712 2545 Tyr.

1054 2549 1145 2596 XX,
1174 2551 1198 2589 8
1230 2550 1316 2586 coll.
1346 2551 1428 2586 Liv.
1457 2550 1622 2597 XXVII,
1645 2551 1711 2590 30

1054 2604 1163 2642 Idem
1183 2604 1230 2642 de
1250 2606 1366 2643 verbo
1387 2606 1597 2657 κρίνεσθαι
1623 2617 1712 2642 mo-

1054 2663 1139 2698 nuit
1167 2663 1205 2698 in
1238 2663 1301 2699 tali
1332 2676 1371 2699 re
1400 2663 1562 2700 solemni
1595 2668 1710 2714 atque

1056 2720 1204 2765 usitato,
1216 2725 1341 2771 atque,
1354 2726 1511 2756 notante
1523 2718 1554 2756 C
1560 2731 1603 2767 r.,
1615 2731 1711 2755 ean-

1058 2773 1147 2812 dem
1185 2788 1267 2812 rem
1306 2777 1429 2827 attigit
1456 2776 1496 2812 iu
1530 2775 1632 2812 Orat.
1663 2773 1711 2812 de
