1789 3213
418 137 890 177 POLYMNIA,
950 140 1049 178 V11.

78 246 218 291 2ἔτεσι
253 244 437 300 ὕστερον
476 245 713 302 γενόμενον
748 247 929 295 τούτων.

1288 146 1368 186 671

998 255 1141 307 τυχεῖν
1179 251 1226 295 έν
1255 253 1369 297 Σού-

76 321 222 359 Βσοισι
258 318 372 357 τοῖσι
411 317 706 370 Μεμνονίοισι
742 316 892 369 ἐόντας
929 318 1078 373 ἑτέρου
1117 318 1369 376 πρήγματος

104 384 245 426 εἵνεκα
273 379 481 437 ἀγγέλους
499 382 758 440 Ἀθηναίων,
787 388 982 444 Καλλίην
1004 404 1049 431 τε
1071 387 1149 431 τὸν
1173 387 1366 433 Ἱππονί-

103 467 206 498 κου,
246 450 320 492 καὶ
361 449 468 501 τούς
498 451 604 506 μετὰ
632 451 797 496 τούτου
824 453 1089 510 ἀναβάντας.
1146 455 1366 513 Ἀργείους

103 518 173 569 δὲ,
213 518 292 562 τόν
327 517 463 562 αὐτὸν
502 523 662 563 τοῦτον
691 521 854 576 χρόνον
881 522 1132 579 πέμψαντας
1161 526 1236 568 καὶ
1261 526 1420 571 τού-85

100 602 203 636 τους
251 585 296 638 ἐς
335 590 489 630 Σοῦσα
522 586 756 643 ἀγγέλους,
788 592 971 645 εἰρωτᾶν
989 591 1261 649 Ἀρταξέρξεα
1289 598 1366 641 τὸν

99 653 265 709 Ξέρξεω
295 657 363 705 ,,εἵ
381 666 460 709 σφι
490 655 551 698 ἔτι
581 657 750 712 ἐμμένει
778 658 857 715 τήν
883 659 994 714 πρὸς
1023 661 1185 716 Ξέρξεα
1214 666 1365 722 φιλίην

100 722 490 777 ,,συνεκεράσαντο,
520 723 549 780 ἢ
577 727 826 781 νομιζοίατο
847 727 958 781 πρὸς
983 729 1124 773 αὐτοῦ
1146 728 1259 775 εἶναι
1286 748 1363 777 πο·

70 788 324 846 4,,λέμιοι.“
375 791 554 847 βασιλέα
591 794 639 836 δὲ
668 792 946 850 Ἀρταξέρξεα
986 797 1210 854 „udi-tow
1240 801 1364 856 ἐμμέ-

97 862 257 910 ,,νειν,“
291 858 444 914 φάναι,
474 862 575 914 ,,καὶ
606 859 817 920 οὐδεμίαν
832 867 1024 920 νομίζειν
1038 867 1168 912 πόλιν
1184 868 1365 925 ’Ἀργεος

97 927 425 984 ,,φιλιωτέρην.“

514 931 572 972 Εἰ
618 931 696 987 μέν
741 949 825 976 νυν
862 933 1021 991 Ξέρξης
1059 951 1104 979 τε
1145 935 1417 995 οἷπέπεμψε90

1421 929 1500 963 Quid
1519 932 1677 963 Herodoto

1418 964 1476 992 hac
1494 965 1531 994 de
1551 975 1585 995 re
1604 967 1647 995 w*-

95 998 233 1038 ταῦτα
265 995 448 1051 λέγοντα
483 997 656 1054 κήρυκα
685 1001 728 1052 ές
750 1001 932 1058 Ἄργος,
960 1003 1034 1046 καὶ
1055 1003 1259 1060 Ἀργείων
1287 1006 1363 1064 ἄγ-
1420 998 1535 1029 deam*

93 1065 213 1116 γελοι
251 1062 491 1119 ἀναβάντες
530 1067 572 1118 ἐς
613 1073 770 1112 Σοῦσα
808 1070 1054 1127 ἐπειρώτων
1092 1072 1362 1130 Ἀρταξέρξεα

92 1130 192 1186 περὶ
232 1132 400 1188 φιλίης,
449 1132 531 1177 οὐκ
572 1136 651 1190 ἔχω
682 1136 894 1193 ἀτρεκέως
934 1137 1075 1184 εἶπαι·
1122 1143 1227 1187 ου’δέ
1264 1160 1363 1188 τινα

37 1351 64 1376 s.
86 1338 239 1391 Olymp.
261 1343 327 1388 88,
348 1338 388 1379 4.
417 1342 696 1394 ἲῪθεεεΙῐιιὲἰυε

34 1392 131 1433 haec
143 1410 232 1433 cum
246 1397 401 1449 olymp.
415 1400 481 1446 82,
494 1398 517 1439 4
531 1413 698 1438 concur-

34 1465 117 1489 rere
129 1454 180 1490 ait
199 1454 241 1489 in
259 1453 374 1492 Diod.
394 1457 481 1504 XII,
503 1455 541 1496 4.
583 1457 695 1503 Quod

33 1522 123 1547 vero
153 1508 256 1547 hunc
297 1511 456 1549 Calliam
495 1513 694 1552 Cimouiae

33 1567 136 1617 pacis
167 1574 362 1605 auctorem
389 1567 534 1607 babent
569 1585 693 1624 eoque

31 1623 199 1662 referunt
217 1626 406 1677 scriptoris
425 1628 551 1664 Nostri
576 1631 694 1667 verba

30 1677 165 1733 ἑτέρου
175 1681 406 1734 πρήγματος
417 1683 692 1734 εἵνεκαὼᾶυᾶ-

32 1749 225 1790 quaquam
233 1747 335 1777 recte
348 1741 493 1778 faciunt
508 1742 606 1779 bene
619 1745 691 1781 ob-

29 1802 203 1832 servante
224 1796 267 1832 C.
289 1798 336 1834 G.
356 1799 517 1848 Kriiger.
538 1799 577 1835 in
593 1800 691 1837 See-

29 1849 122 1889 bod.
150 1850 295 1890 Archiv
324 1852 488 1905 (1824)
509 1857 528 1892 I
546 1870 585 1906 p.
606 1860 689 1898 210

29 1920 110 1959 seq.
149 1910 284 1960 Neque
300 1910 403 1946 enim
419 1910 466 1947 de
486 1913 581 1949 tanti
600 1927 690 1951 mo-

28 1964 150 2000 menti
179 1978 220 2001 re
249 1966 478 2018 Graecisque
506 1969 594 2020 ipsis
610 1977 692 2007 tam

28 2020 203 2070 gloriosa,
226 2023 345 2074 qualis
368 2023 440 2060 fuit
459 2038 537 2076 pax
557 2027 692 2064 Cimo-

26 2077 104 2122 nia,
129 2078 370 2117 Herodotum
396 2079 470 2118 hoc
489 2082 608 2120 modo
629 2085 691 2121 lo-

27 2140 160 2171 cutum
180 2148 260 2173 esse
279 2136 459 2174 credibile
480 2146 555 2188 est,
580 2153 688 2178 eam-

27 2202 102 2243 que
119 2189 178 2229 his
197 2194 320 2231 verbis
346 2192 480 2247 ἕτέρου
499 2194 686 2250 πρήγμα-

23 2260 92 2294 τος
119 2248 251 2289 εἵνεκα
280 2250 407 2304 (quae
444 2251 542 2290 nihil
581 2255 685 2294 aliud

25 2301 218 2344 declarant
254 2308 326 2344 nisi
365 2308 461 2346 alius
498 2312 682 2351 cuiusdam

22 2362 160 2410 negotii
165 2374 286 2412 causa,
303 2364 408 2417 quod
429 2365 477 2404 ad
496 2380 580 2405 rem
594 2383 683 2408 mo-

23 2415 74 2454 do
93 2426 284 2457 narratam
304 2422 466 2460 miniine
485 2426 683 2474 pertinue-

0 2473 95 2525 rit)
124 2482 206 2512 tam
243 2477 365 2515 obiter
400 2479 599 2520 indicasse.
627 2505 683 2513 —

22 2529 80 2568 De
112 2531 218 2570 Susis
245 2531 455 2572 Memnoniis
473 2537 550 2575 vid,
571 2540 683 2578 allata

23 2585 72 2624 ad
89 2589 135 2637 V,
157 2588 224 2629 53.
246 2588 313 2630 54.
368 2591 462 2629 Mox
479 2595 621 2646 scripsi,
636 2604 679 2635 ut

23 2642 83 2695 'cp-
107 2646 200 2693 152,
219 2641 484 2699 Ἀρταξέρξεα
502 2663 572 2701 pro
581 2647 678 2704 ’Λρ-

23 2700 215 2754 τοξέρξεα
236 2702 303 2753 (de
323 2716 400 2757 quo
420 2704 498 2743 vid.
518 2714 614 2745 nott.
627 2709 677 2746 ad

23 2754 86 2806 VI,
104 2759 190 2806 98)
222 2766 259 2797 et
287 2759 449 2811 βασιλέα
466 2775 535 2813 pro
558 2764 675 2815 βασι-

752 1348 843 1397 λῆα.
859 1369 907 1375 -—
938 1347 1002 1385 Ad
1022 1351 1184 1388 verbum
1200 1349 1415 1404 συνεκερά-

756 1413 874 1443 σαντο
896 1406 998 1443 conf.
1027 1415 1124 1447 nott.
1148 1407 1196 1445 ad
1226 1410 1290 1457 IV,
1321 1410 1413 1451 152.

753 1460 908 1505 Quaerit
935 1470 1065 1500 autem
1083 1464 1123 1504 h.
1152 1467 1179 1502 l.
1198 1464 1412 1516 Bekkerus,

751 1530 801 1553 an
840 1519 1052 1569 legendum
1091 1524 1138 1559 sit
1171 1521 1328 1574 ἐμμένει
1360 1527 1413 1578 τῇ

749 1571 850 1625 πρός
890 1575 1034 1630 Ξέρξεα
1063 1579 1215 1634 φιλίῃ
1250 1591 1412 1621 συνεκε-

748 1628 936 1683 ροὶσαντο.

965 1724 1058 1776 Cap.
1079 1725 1190 1764 cm.

805 1797 878 1840 οὔκ
918 1801 990 1854 ἔχω
1031 1799 1225 1856 εἷτρεκέως
1270 1804 1406 1859 εἶπαι]

747 1858 857 1898 Conf.
878 1860 925 1907 V,
947 1863 972 1901 9
992 1861 1123 1913 ibique
1150 1864 1274 1902 allata.
1313 1866 1408 1904 Mox

746 1927 817 1965 pro
850 1911 1001 1956 αὐτέων
1023 1917 1111 1955 dedi
1133 1915 1279 1961 αὐτῶν.
1301 1922 1408 1968 Quae

747 1979 959 2024 sequuntur
967 1972 1176 2027 ἐπίσταμαι
1188 1975 1231 2016 δὲ
1241 1983 1406 2021 τοσοῦτο

746 2043 784 2067 κ.
797 2044 829 2067 τ.
841 2032 876 2070 λ.
889 2032 996 2081 attigi
1009 2033 1047 2068 in
1057 2040 1154 2072 nott.
1164 2034 1213 2072 ad
1225 2037 1406 2084 VII‚150.

745 2087 950 2138 Descripsit
978 2090 1196 2128 Herodotea
1218 2093 1406 2133 Stobaeus

746 2143 1005 2184 Semn.XCVI
1026 2146 1260 2200 (xcvffl),
1282 2149 1336 2191 74
1362 2166 1403 2204 p.

745 2199 826 2241 536
849 2201 918 2251 (T.
942 2204 997 2239 ΙΠ
1015 2217 1052 2254 p.
1073 2207 1155 2246 298
1177 2207 1294 2245 Gaisf.
1315 2210 1402 2249 coll.

742 2256 842 2294 CVII
873 2259 973 2309 [CV]
1006 2263 1031 2301 9
1051 2274 1140 2312 pag.
1161 2266 1243 2304 372
1265 2265 1403 2315 Gaisf.)

739 2314 1016 2367 Wesselingius
1037 2331 1192 2372 quoque
1209 2319 1286 2358 huc
1307 2335 1402 2360 con·-

741 2371 813 2408 sert
832 2372 1039 2425 Pythagor.
1052 2375 1098 2412 fr.
1123 2376 1224 2427 apud
1236 2379 1399 2417 Galeum

740 2441 781 2479 p.
805 2432 901 2470 716.
958 2433 1015 2469 Ac
1034 2432 1133 2469 bene
1158 2433 1399 2473 Valckenae-

740 2486 838 2522 rius:
870 2488 1107 2535 „Obscurius
1137 2489 1184 2527 de
1214 2491 1397 2530 industria

739 2542 900 2595 loquens
916 2544 1157 2592 (Herodotus
1171 2547 1189 2597 )
1210 2548 1396 2599 significa-

736 2605 820 2637 tum
839 2601 970 2647 voluit,
1002 2603 1157 2653 opinor,
1180 2606 1331 2656 quosvis
1351 2618 1395 2643 a-

733 2656 802 2693 lios
823 2658 1004 2694 Graeciae
1021 2659 1182 2710 populos
1197 2673 1241 2697 ea
1260 2662 1392 2700 fecisse

731 2725 1034 2766 nonnunquam,
1055 2729 1153 2768 quae
1173 2719 1388 2767 graviorem

731 2768 1068 2821 reprehensiffllem
1137 2783 1387 2826 mererentur,
