1815 3181
258 676 324 722 85

53 738 127 766 Post
138 738 309 768 Cleomenis

52 776 182 800 mortem
195 775 325 809 Aegine-

51 810 103 834 tae
127 807 292 843 Leutychi-

53 840 133 874 dem,
160 842 258 870 missis

52 874 326 912 Spartamlegatis,

53 908 89 934 ob
110 908 194 935 cives
213 919 282 937 suos

52 941 188 969 Athenas
215 945 310 971 abdu—

51 978 114 1002 ctos
133 976 173 1009 [c.
192 977 249 1013 73.]
276 978 306 1004 in

51 1009 195 1037 iudicium
205 1016 324 1039 vocant.

51 1043 219 1071 Damnatur
244 1054 325 1082 reus,

51 1076 247 1114 Athenasque
257 1079 327 1107 mit-

49 1112 137 1145 titur,
159 1116 190 1139 ut
211 1113 310 1149 capti-

50 1145 96 1171 vis
116 1145 293 1174 libertatem

51 1179 88 1205 ab
97 1179 328 1208 Atheniensibus

51 1212 205 1249 impetret.

383 230 468 269 344

779 229 1248 269 HERODOTI

356 340 544 394 4τιῆται.
584 336 630 379 ἔκ
657 351 702 379 τε
729 335 887 391 τόσου,
932 335 992 390 ὥς
1022 337 1149 383 αὐτοὶ
1177 338 1371 396 λέγουσι,
1413 341 1544 384 ἐπεὰν
1572 345 1644 396 ζω-

387 405 568 460 ρότερον
607 403 853 459 βούλωνται
889 405 1045 459 πιέειν,
1087 407 1428 460 ,,ἐπισκυ’θισον“
1459 410 1645 465 λέγουσι.

387 472 502 516 οὕτω
546 470 599 527 δή
651 475 924 530 Σπαρτιῆται
960 473 1014 517 τὰ
1058 475 1157 530 περὶ
1186 477 1430 532 Κλεομένεα
1458 476 1646 532 λέγουσι.

382 539 501 596 Ἐμοὶ
530 540 574 582 δὲ
605 539 747 584 δοκέει
775 543 888 585 τίσιν
917 540 1079 598 ταύτην
1109 541 1133 586 ὁ
1164 546 1408 602 Κλεομένης
1438 545 1646 601 Δημαρή-
1659 553 1702 586 9ο

383 624 443 664 τῳ
474 607 649 650 ἐκτίσαι.

474 675 817 731 Τελευτήσαντος
846 676 893 720 δὲ
913 677 1202 733 Κλεομένεος,
1233 679 1290 730 ὥς
1318 678 1540 723 ἐπύθοντο
1573 682 1648 723 Λί-

381 745 574 799 γινῆται,
615 741 807 799 ἔπεμπον
845 744 888 796 ἐς
917 744 1128 802 Σπάρτην
1157 745 1366 803 ἀγγέλους
1400 749 1649 803 καταβωσο-

383 812 543 868 μένους
580 813 852 867 Λευτυχίδεω
893 815 990 869 περὶ
1019 819 1108 859 τῶν
1147 814 1194 859 ἐν
1227 812 1435 871 Ἀθήνῃσι
1468 814 1649 872 ὁμήρων

355 879 615 935 Ξέχομένων.
672 881 1016 938 Λακεδαιμόνιοι
1055 883 1101 927 δὲ
1139 881 1421 938 δικαστήριον
1459 889 1704 939 συναγα-95

384 947 553 1001 γόντες,
595 947 791 1003 ἔγνωσαν
825 952 1135 1007 περιυβρίσθαι
1162 950 1396 1008 Αἰγινήτας
1424 948 1512 994 ὑπὸ
1546 955 1649 994 Λευ-

382 1016 584 1070 τυχίδεω·
635 1018 709 1060 καί
745 1035 822 1074 μιν
862 1020 1124 1076 κατέκριναν
1174 1020 1354 1064 ἔκδοτον
1383 1019 1566 1075 ἄγεσθαι
1606 1019 1648 1072 ἐς

383 1085 570 1139 Αἴγιναν
609 1083 706 1129 ἀντὶ
743 1090 832 1130 τῶν
869 1088 916 1131 ἐν
954 1087 1161 1147 Ἀθήνῃσι
1198 1087 1411 1144 ἐχομένων
1455 1085 1648 1142 ἀνδρῶν.

356 1150 653 1197 3Μελλόντων
674 1154 721 1198 δὲ
752 1153 875 1211 ἄγειν
902 1160 991 1200 τῶν
1028 1156 1294 1212 Αἰγινητέων
1329 1155 1408 1199 τὸν
1446 1157 1648 1211 Λευτυχί-

328 1378 424 1409 nott.
447 1370 496 1409 ad
514 1373 559 1420 V,
580 1371 662 1422 49)
692 1379 729 1408 et
759 1367 891 1414 αὐτῶν
920 1388 989 1426 pro

330 1423 497 1467 αὐτέων.
509 1430 743 1467 —verbum
754 1424 990 1482 ἀναβαίνειν

330 1484 378 1522 de
399 1486 442 1522 iis
464 1484 550 1533 dici,
572 1487 637 1539 qui
659 1499 707 1522 ex
725 1487 838 1524 Asiae
858 1489 990 1525 mino-

329 1543 379 1579 ris
419 1541 485 1578 ora
531 1544 572 1579 in
622 1544 832 1594 superiores
873 1553 987 1597 atque

329 1599 528 1636 interiores
566 1600 678 1637 Asiae
707 1602 880 1651 regiones
915 1603 987 1639 iter

329 1655 495 1703 faciunt,
541 1669 700 1693 monere
740 1659 807 1694 vix
843 1660 990 1696 attinet.

331 1712 389 1750 Cf.
406 1713 487 1760 VII,
519 1715 557 1753 3.
581 1716 620 1754 6.
679 1713 741 1750 Ad
760 1717 833 1753 τοῦ
855 1715 990 1754 ἱκνευ-

331 1767 453 1819 μένου
488 1768 542 1817 (i.
571 1782 604 1806 e.
632 1772 769 1819 magis,
801 1784 906 1821 quam
922 1785 992 1823 par

330 1828 429 1873 erat,
469 1827 656 1877 convenit)
688 1828 789 1865 conf.
818 1835 914 1865 nott.
944 1828 993 1865 acl

332 1882 397 1930 VI,
419 1880 485 1922 65.

389 1936 433 1976 ἔκ
455 1952 497 1976 τε
514 1934 666 1990 τόσου]
702 1934 819 1979 τόσου
838 1953 908 1991 pro
919 1943 994 1980 τοῦ

331 1995 588 2045 reposuimus,
619 2003 661 2033 ut
682 1996 726 2043 V,
743 1999 808 2043 88,
829 1998 896 2034 ubi
915 1997 992 2035 vid.

330 2051 442 2088 Valet
481 2053 608 2089 enim:
647 2053 692 2090 ab
715 2053 778 2090 illo
798 2054 877 2091 inde
904 2058 996 2093 tem-

329 2119 422 2157 pore.
471 2106 639 2144 Bekker.
678 2111 843 2161 scripsit:
877 2110 920 2150 ἐκ
953 2125 994 2150 τε

332 2177 417 2201 του.
443 2185 499 2190 —
539 2165 614 2201 Pro
637 2162 851 2218 ζωρότερον
871 2167 995 2204 Athe-

332 2232 450 2256 naeus
470 2220 495 2258 l.
516 2221 543 2256 l.
566 2228 679 2272 atque
699 2223 920 2261 Eustathius
948 2223 997 2261 ad

333 2277 378 2313 ΙΙ.
399 2290 437 2326 p.
459 2274 552 2323 746,
573 2276 628 2317 40
648 2291 676 2314 s.
699 2277 794 2325 644,
832 2278 885 2320 43
915 2282 997 2316 He-

333 2331 491 2369 rodotea
520 2339 719 2383 tangentes
747 2334 912 2373 afferunt
947 2332 998 2375 ἆ-

333 2387 612 2441 κροιτέστερονς
643 2403 718 2442 quo
739 2392 820 2442 ipso
841 2393 993 2430 alterius

334 2446 511 2483 vocabuli
531 2447 584 2483 vis
597 2458 640 2483 ac
650 2447 755 2484 notio
776 2449 862 2485 satis
883 2462 993 2499 comss

335 2501 450 2539 mode
471 2503 681 2554 explicatur
702 2511 739 2541 et
768 2503 993 2544 declaratur.

336 2560 392 2596 Ac
413 2559 529 2609 vulgo
545 2561 721 2611 supplent
743 2557 868 2610 οἶνον,
890 2563 992 2602 conf.

334 2616 527 2655 Lambert'.
548 2617 637 2653 Bos.
666 2618 724 2653 De
739 2618 875 2669 ellipss.
904 2632 992 2670 pag.

337 2671 418 2713 347
439 2685 517 2725 seq.
567 2674 666 2711 Hinc
687 2681 788 2712 recte
807 2676 996 2727 interpre-

336 2735 487 2766 tantur:
527 2742 655 2767 merum
681 2744 711 2768 s.
740 2734 910 2769 meracius
939 2733 997 2770 bi-

336 2785 431 2822 bunt.
491 2785 602 2831 Quod
635 2788 805 2840 sequitur
833 2786 997 2828 ἐπισκύ-

340 2844 461 2881 θισον
472 2849 549 2880 est:
583 2842 752 2895 Scythico
765 2856 857 2884 more
866 2844 996 2896 insun-

1048 1374 1134 1424 das,
1163 1374 1275 1412 bibas.

1047 1431 1078 1469 C
1085 1445 1129 1480 r.⁷
1149 1433 1273 1470 Marx.
1293 1429 1342 1468 ad
1361 1429 1508 1482 Ephori
1526 1430 1706 1481 fragmm.

1043 1502 1081 1539 p.
1104 1487 1201 1529 243.
1230 1489 1413 1525 Extrema
1442 1486 1555 1524 huius
1576 1489 1708 1538 capitis

1043 1545 1179 1594 verba,
1211 1544 1350 1582 eodem
1404 1544 1474 1582 Cr.
1511 1551 1706 1593 monente,

1046 1603 1170 1652 attigit
1211 1601 1432 1639 Eustathius
1483 1600 1532 1638 ad
1571 1600 1705 1654 Odyss.

1045 1660 1064 1694 I
1084 1673 1123 1709 p.
1142 1660 1209 1706 29,
1231 1661 1281 1699 31
1301 1658 1361 1698 ed.
1383 1659 1498 1695 Basil.

1332 1374 1470 1424 Attigit
1484 1403 1494 1421 ,
1521 1381 1707 1411 monente

1229 1760 1322 1810 Cap.
1343 1759 1541 1797 LXXXV.

1142 1822 1399 1877 δικαστήριον
1459 1823 1711 1880 συναγαγόν-

1050 1882 1131 1934 τες]
1153 1886 1178 1924 i.
1202 1898 1236 1922 e.
1258 1887 1441 1921 convocato
1461 1885 1604 1933 iudicio,
1624 1897 1711 1922 ma-

1048 1943 1121 1980 iori
1140 1942 1220 1981 scil.
1250 1942 1336 1988 illo,
1383 1939 1432 1977 ad
1452 1940 1557 1993 quod
1577 1954 1711 1979 omnes

1049 2006 1226 2050 gerentes
1240 2027 1250 2046 ‚
1271 1995 1416 2048 ephori,
1439 1999 1608 2051 alterque
1629 2011 1712 2047 rex,

1052 2057 1145 2109 quin
1180 2056 1243 2092 alii
1280 2067 1434 2106 quoque
1470 2057 1713 2106 magistratus

1050 2113 1276 2164 pertinuisse
1295 2110 1497 2161 videntur,
1528 2113 1712 2165 cuiusque

1052 2182 1205 2207 summa
1225 2174 1305 2204 erat
1321 2175 1504 2218 potestas,
1550 2168 1625 2220 quse
1652 2169 1714 2206 vel

1053 2227 1184 2276 capitis
1215 2223 1397 2261 damnare
1424 2237 1531 2274 reges
1575 2231 1712 2276 posset,

1052 2295 1125 2319 nec
1156 2281 1233 2317 ulla
1253 2282 1435 2330 permissa
1456 2288 1550 2318 esset
1569 2294 1712 2332 provo-

1053 2339 1164 2375 catio.
1221 2338 1356 2389 Itaque
1386 2339 1556 2375 consulto
1577 2340 1713 2375 Noster

1053 2393 1269 2432 adhibuisse
1332 2392 1484 2431 videtur
1548 2395 1710 2433 verbum

1052 2463 1075 2490 6
1088 2466 1111 2489 v
1127 2465 1150 2490 ν
1164 2444 1389 2503 αγαγόντες.
1456 2451 1567 2489 Conf.
1598 2452 1640 2490 C.
1663 2453 1708 2490 Ο.

1048 2508 1197 2544 Mulier.
1216 2508 1309 2544 Dor.
1328 2507 1364 2543 II
1383 2520 1422 2558 p.
1447 2509 1540 2549 119.
1571 2530 1623 2537 -—
1665 2510 1710 2546 In

1048 2577 1156 2617 seqq.
1196 2561 1357 2603 ἔκδοτον
1403 2560 1572 2615 ἄγεσθαι
1607 2566 1710 2603 valet

1052 2622 1170 2667 tradi,
1192 2619 1286 2658 dedi.
1346 2620 1457 2659 Conf.
1477 2622 1544 2670 ΙΙΙ,
1568 2625 1606 2662 1.

1110 2672 1354 2716 Μελλόντων
1369 2674 1411 2715 δὲ
1425 2673 1553 2728 ἄγειν]
1575 2678 1655 2718 scil.
1669 2677 1710 2726 ἐς

1052 2733 1224 2786 Αἴγιναν
1237 2763 1246 2781 ,
1277 2734 1315 2770 in
1335 2733 1510 2782 Aeginam
1527 2735 1709 2783 abducere,

1053 2791 1118 2827 ubi
1147 2791 1315 2841 captivus
1349 2796 1542 2828 teneretur
1568 2792 1609 2827 iu
1639 2804 1709 2828 cu-

1052 2845 1194 2894 stodia,
1241 2846 1326 2884 loco
1355 2846 1628 2897 Aeginetarum
1661 2847 1708 2884 ab
