1870 3249
383 234 1036 278 TERPSICHORE.
1097 244 1140 280 Y.

1315 248 1400 287 129

128 337 270 382 στέασι
298 340 377 396 μὲν
409 343 453 384 οἱ
480 342 693 398 novt-dmg
722 349 808 390 τῶν
826 348 1125 406 Ναυκράρων,
1156 353 1282 409 οἵπερ
1313 355 1398 400 ἔνε·

71 535 160 561 cum
207 527 457 564 successerint
508 525 720 581 δήμαρχοι,

69 580 280 630 fungentes.
307 584 359 620 Et
379 597 503 636 quum
516 592 610 622 teste
631 588 724 624 Ari-

67 637 196 674 stotele
228 638 254 677 l.
286 640 315 677 I.
351 643 507 692 quaevis
541 644 661 681 tribus
691 657 723 683 s,

66 690 173 744 φυλή
191 702 354 747 quatuor
382 698 727 750 comprehenderet

63 751 226 802 trittyes,
277 766 376 806 quae
418 757 522 807 ipsae
550 758 725 808 singulae

63 810 251 858 quaternis
281 818 497 850 constarent
514 817 724 853 naucrariis

61 864 198 915 (quam
229 865 535 907 distributionem
557 870 605 908 ad
626 873 723 909 civi—

57 921 154 958 lium
172 936 302 960 rerum
328 925 504 963 ordinem
525 934 562 965 et
581 930 722 966 tributa

59 979 201 1016 civium
231 981 442 1020 ordinanda
475 984 618 1022 factam
638 999 719 1023 esse

56 1035 228 1085 tradunt,
269 1045 393 1076 ortam
418 1041 527 1077 illam
547 1042 717 1094 quidem,

55 1098 99 1128 ut
115 1094 319 1143 probabilis
344 1103 399 1133 est
427 1096 718 1137 VVachsmuthii

54 1151 216 1200 suspicio
226 1152 266 1187 in
281 1153 714 1196 Hellen.AIterth1unsk.

54 1206 84 1253 1,
112 1209 139 1246 2
164 1220 255 1258 pag.
276 1212 357 1250 239
371 1239 382 1256 ‚
403 1218 493 1248 ante
514 1213 715 1263 Solonem,

46 1275 130 1314 ‘quo
159 1264 239 1301 fere
269 1272 444 1318 tempore
481 1282 626 1307 novem
656 1284 716 1308 ar-

55 1317 209 1359 chontes
228 1323 270 1358 in
294 1324 423 1361 Attica
446 1326 596 1365 civitate
617 1341 714 1365 con-

53 1376 319 1417 stituebantur:
338 1393 574 1435 quamquain
583 1387 714 1423 omni-

52 1445 104 1469 no
138 1433 186 1471 de
212 1436 294 1486 ipsa
320 1435 459 1476 harum
490 1444 713 1480 naucraria-

51 1502 138 1526 rum
156 1498 290 1530 natura
317 1495 509 1549 ipsiusque
543 1502 712 1538 nominis

50 1553 179 1598 etymo
200 1553 432 1590 accuratiora
467 1553 626 1595 desunt:
659 1558 709 1595 cf.

49 1603 91 1640 C.
111 1605 154 1641 F.
170 1607 381 1647 Hermann.
395 1609 614 1653 Lehrbuch.
633 1621 707 1652 etc.

47 1660 84 1705 §.
106 1663 160 1703 99
179 1671 260 1701 not.
282 1665 350 1716 5),
379 1664 455 1705 hoc
483 1670 602 1720 igitur
619 1672 708 1709 loco

44 1717 111 1754 ubi
143 1719 185 1758 οἱ
212 1718 419 1773 Πρυτάνις
447 1726 472 1762 i.
505 1740 539 1765 e.
567 1731 709 1778 praesi-

45 1773 106 1811 des
155 1789 408 1817 naucrarorum
455 1785 708 1834 appellantur,

41 1828 147 1868 haud
188 1835 266 1871 scio
307 1836 486 1888 equidem
524 1853 575 1878 an
614 1855 703 1879 cum

41 1886 314 1930 Wachsmuth.
353 1894 380 1931 l.
411 1895 438 1930 l.
477 1896 508 1943 I,
550 1900 570 1936 1
613 1912 703 1950 pag.

41 1942 138 1984 245.
168 1946 250 1987 246
277 1949 439 2000 intelligi
469 1951 633 1991 debeant
664 1955 707 1994 οἱ

41 1996 301 2053 τριττύαρχοι,
323 2008 390 2057 qui
414 2015 612 2054 vocantur,
635 2013 703 2063 qui

37 2069 109 2106 per
141 2059 311 2109 singulos
350 2075 504 2102 menses
535 2067 702 2105 vicissim

39 2111 212 2151 archonti
247 2130 440 2170 eponymo
485 2120 696 2162 adfuerint:

35 2169 88 2206 ita
107 2178 150 2207 ut
171 2171 419 2225 Thucydides
434 2178 536 2228 ipsos
555 2193 698 2219 novem

36 2225 235 2266 archontes
255 2243 388 2269 eorum
404 2233 490 2271 loco
504 2238 696 2287 appellare

33 2287 211 2334 potuerit.
241 2288 364 2326 Penes
385 2303 480 2342 quos
500 2305 695 2333 summam

33 2353 161 2378 rerum
172 2344 410 2394 publicarum
420 2349 534 2386 fuisse
550 2364 694 2402 curam,

32 2397 112 2448 ipsa
132 2400 317 2439 Herodoti
334 2403 503 2443 indicare
517 2407 697 2447 videntur

31 2456 147 2492 verba
163 2468 174 2493 ε
206 2458 249 2497 οἵ
264 2473 336 2512 περ
359 2460 500 2513 ἔνεμον
515 2461 605 2505 τότε
624 2464 695 2515 vtis·

30 2504 226 2561 Ἀθήναςς
275 2523 320 2553 ut
349 2519 401 2555 ait
430 2519 694 2562 Schoernann.

27 2567 86 2604 De
115 2572 260 2608 comitt.
288 2585 376 2624 pag.
407 2576 484 2613 XII
520 2591 600 2616 non
627 2588 689 2618 te-

27 2635 132 2662 mere
159 2629 241 2679 quis
262 2632 448 2680 coniiciat,
470 2647 533 2672 eos
554 2635 600 2672 de
611 2650 689 2689 pu-

27 2679 133 2719 blicis
172 2687 335 2736 negotiis
376 2691 608 2730 consuluisse
643 2707 686 2733 ac

28 2735 256 2789 decrevisse3
307 2756 545 2798 quamquam
571 2751 612 2786 in
646 2765 687 2788 re

27 2799 105 2831 tam
127 2797 286 2835 obscura
306 2801 360 2836 nil
376 2802 567 2842 affirmare
586 2808 688 2847 licet.

27 2848 100 2894 Qui
127 2853 230 2891 idem
261 2855 522 2899 Schoemann.
553 2863 578 2900 l.
600 2864 626 2901 l.
646 2878 687 2917 p.

81 2909 302 2951 Hssnonor.
322 2915 389 2952 111.

779 534 874 569 XIII
894 542 976 573 not.
997 532 1053 558 ἢ
1080 544 1183 575 recte
1212 552 1276 577 eos
1296 542 1450 594 vitupe—

780 602 871 638 rare⁴
897 591 1074 641 videtur,
1129 596 1195 647 qui
1228 597 1447 639 Archontes

782 647 976 699 Cyloneae
993 652 1263 691 coniurationis
1273 661 1449 708 tempore

781 711 962 757 prytanes
1009 720 1287 748 naucrarorum
1327 713 1448 752 dictos

783 774 863 798 esse
902 770 1052 814 putent.
1127 767 1298 820 „Neque
1341 772 1447 809 enim

784 818 890 867 (sunt
910 822 991 871 ipsa
1010 822 1126 858 verba
1137 825 1207 860 viri
1219 824 1446 878 doctissimi)

778 877 985 914 verisimile
1007 885 1082 927 est,
1112 879 1208 918 illud
1228 895 1394 933 nomen,
1416 888 1448 923 si

777 945 868 969 vere
888 933 1132 973 archontibus
1161 937 1329 977 inditum
1347 942 1445 980 fuis-

776 996 852 1037 set,
893 998 999 1028 tanta
1029 994 1221 1031 oblivione
1251 998 1444 1036 obscurari

773 1047 953 1097 potuisse,
973 1055 1018 1086 ut
1037 1063 1059 1086 a
1077 1053 1236 1089 nemine
1254 1067 1443 1108 umquam

774 1102 912 1141 diserte
931 1115 1192 1145 memoratum
1210 1111 1284 1159 sit3
1311 1125 1442 1165 neque

774 1172 869 1211 opus
891 1169 946 1198 est
964 1160 1038 1200 hac
1050 1166 1269 1203 coniectura
1285 1167 1333 1205 ad
1346 1183 1442 1206 con-

773 1217 984 1256 ciliandum
1000 1234 1090 1258 cum
1109 1222 1307 1261 Herodoto
1324 1225 1440 1264 Thu-

772 1273 967 1326 cydidem.
1024 1279 1158 1317 Potest
1191 1280 1345 1332 Cylonis
1366 1284 1439 1321 ob-

769 1330 865 1369 sidio
884 1334 1085 1373 Naucraris
1099 1349 1311 1391 eorumque
1330 1342 1439 1391 prin—

771 1389 918 1440 cipibus
939 1404 969 1428 s.
998 1393 1228 1445 Prytanibus
1254 1397 1440 1435 mandata

771 1459 871 1495 esse,
911 1447 978 1485 sed
1005 1450 1078 1498 ita,
1113 1458 1156 1488 ut
1193 1451 1439 1492 Archontum

767 1504 931 1555 imperio
962 1512 1042 1543 tota
1066 1521 1126 1545 res
1151 1508 1438 1548 administrare-

767 1567 840 1609 tur,
860 1559 1080 1616 horumque
1107 1566 1214 1603 iussis
1245 1568 1302 1604 illi
1321 1582 1436 1619 pare-

765 1620 898 1655 rent-‘⁶
970 1620 1075 1659 Add.
1113 1623 1154 1661 C.
1197 1624 1241 1663 Ο.
1282 1626 1437 1664 Miiller.

765 1675 858 1712 Dor.
879 1675 917 1711 II
938 1690 977 1727 p.
1003 1681 1096 1719 137.
1120 1683 1201 1722 138
1231 1680 1278 1718 de
1298 1690 1435 1734 pryta-

765 1733 878 1770 nibus
897 1735 1032 1771 Atticis
1054 1734 1335 1788 disputantem,
1367 1742 1433 1792 qui

767 1796 1100 1840 quatuornumero
1112 1796 1320 1846 antiquitus
1336 1810 1432 1833 con-

763 1847 884 1883 stituti
902 1847 1023 1884 iidem
1042 1856 1157 1901 atque
1179 1851 1222 1890 οἵ
1247 1854 1431 1904 φυλοβα-

762 1905 895 1951 σιλεῖς,
914 1904 981 1956 qui
1002 1905 1162 1955 posthac
1181 1910 1308 1945 vocati
1327 1917 1429 1959 sunt,

761 1971 894 1996 omnes
914 1962 1153 2012 respublicas
1167 1976 1320 2003 summo
1340 1967 1428 2005 loco

759 2014 1080 2066 administrarint,
1134 2022 1278 2074 quique
1307 2023 1428 2062 iidem

757 2069 832 2108 hoc
863 2086 1018 2126 quoque
1042 2077 1228 2115 Herodoti
1254 2080 1341 2117 loco
1363 2082 1426 2118 in—

756 2129 877 2180 telligi
898 2130 1086 2181 debeant,
1114 2135 1182 2171 ubi
1202 2138 1282 2175 τῶν
1307 2139 1423 2177 Ναυ-

754 2182 930 2239 κροῖρων,
946 2197 949 2199 ’
966 2190 1045 2241 =qui
1065 2191 1296 2242 reipublicae
1316 2194 1422 2232 redi-

755 2243 855 2280 tibus
896 2244 1206 2286 administrandis
1239 2251 1421 2301 praefue-

752 2300 841 2348 rint,
864 2303 1104 2353 appellantur
1121 2305 1163 2344 οἱ
1184 2304 1421 2359 Πρυτάνεις.

751 2357 810 2394 Ac
830 2370 947 2396 nemo
961 2360 1040 2397 fere
1060 2364 1193 2410 nescit,
1211 2366 1420 2418 antiquiori

752 2426 847 2451 aevo
879 2429 1052 2455 summos
1094 2422 1338 2470 magistratus
1376 2425 1418 2460 in

749 2471 889 2509 Ionum
911 2487 1032 2527 aeque
1058 2488 1100 2513 ac
1111 2477 1260 2515 Dorum
1281 2480 1417 2517 civita-

748 2529 848 2566 tibus
868 2528 973 2568 haud
993 2545 1078 2569 raro
1108 2537 1234 2571 vocari
1256 2534 1414 2588 Πρυτά-

748 2600 842 2632 νεις,
865 2594 902 2624 et
922 2601 1012 2625 cum
1031 2590 1120 2641 ipsIs
1142 2592 1295 2642 regibus
1315 2606 1412 2630 con-

744 2642 878 2690 fundi3
896 2643 944 2681 de
962 2658 1037 2698 quo
1058 2648 1168 2698 plura
1199 2649 1241 2686 C.
1254 2650 1412 2687 O.Mfi1-

744 2699 800 2735 ler
819 2700 845 2736 l.
860 2701 886 2737 l.
908 2702 944 2738 Π
963 2716 1001 2753 Ρ.
1027 2704 1105 2744 134
1115 2718 1221 2756 seqq.
1239 2705 1412 2744 Wachs-

743 2754 869 2794 muth.
898 2758 925 2795 l.
953 2759 979 2796 l.
1009 2760 1039 2805 I,
1068 2765 1086 2800 1
1119 2775 1157 2811 p.
1185 2761 1264 2802 194
1300 2775 1408 2816 seqq.

745 2813 832 2849 coll.
867 2814 910 2852 C.
935 2817 980 2852 F.
1012 2818 1226 2855 Hermann.
1253 2818 1277 2857 l.
1308 2819 1334 2858 l.
1370 2821 1408 2866 §-

745 2869 800 2910 56
820 2877 917 2908 nott.
949 2874 1015 2931 il.
1075 2875 1149 2969 Qgi
1181 2872 1409 2927 Πρυτάνεις
