1834 3258
552 218 854 256 ERATO.
915 219 987 255 Vl.

146 332 220 384 „iv
253 329 394 387 χρόνῳ
433 327 669 384 ἱκνευμένῳ
699 326 802 371 τάδε
832 326 1022 383 λέγομεν.

1321 219 1404 259 347

1073 325 1237 378 ’Ἀνδρα
1267 325 1404 382 Μιλή-

119 409 292 453 5,,σιον,
324 396 594 452 ἀπικόμενον
623 397 666 448 ἐς
688 396 902 453 Σπάρτην
922 394 1163 451 βούλεσθαί
1190 396 1232 439 οἱ
1260 393 1404 438 ἐλθεῖν
1415 401 1460 436 25

147 468 216 520 ,,ἐς
244 465 421 521 λόγους,
459 465 779 521 προϊσχόμενον
807 463 973 508 τοιάδε·

1014 463 1119 518 Εἰμὶ
1149 461 1227 518 μὲν
1257 461 1405 518 Μιλή-

145 547 283 587 ,,σιος,
306 533 399 590 ἥκω
419 535 465 577 δὲ
494 537 569 590 τῆς
597 537 696 589 σῆς,
727 536 921 584 Γλαῦκε,
952 530 1220 587 βουλόμενος
1241 533 1405 575 δικαιο-

117 601 311 657 6,,σύνης
340 601 602 645 ἀπολαῦσαι.
639 598 698 651 ὥς
727 599 813 656 γοέρ
846 599 898 655 δὴ
937 599 1023 642 οἰνὰ
1051 601 1196 642 πᾶσαν
1224 600 1303 655 μὲν
1330 600 1409 655 τὴν

143 668 305 726 ,,ἄλλην
338 669 542 720 Ἑλλάδα,
585 669 632 713 ἐν
664 668 718 712 4δὲ
756 668 830 711 καὶ
865 667 963 720 περὶ
993 668 1182 723 Ἰωνίην,
1220 671 1296 724 τῆς
1331 671 1408 724 σῆς

145 737 452 794 ,,δικαιοσύνης
479 734 536 793 ἦν
556 737 684 793 λόγος
701 736 882 787 πολλός,
912 736 1112 794 ἐμεωυτῷ
1136 735 1295 791 λόγους
1325 736 1403 779 ἒδί-
1420 743 1464 776 30

142 809 301 860 ,,δουν,
342 805 416 849 καὶ
446 804 512 849 ὅτι
540 805 814 856 ἐπικίνδυνός
842 804 932 848 ἐστι
963 805 1045 847 αἰεί
1073 820 1172 847 κοτε
1201 804 1228 859 ἦ
1255 803 1408 860 Ἰωνίη,

143 875 196 931 ,,ἡ
228 874 275 918 δὲ
307 873 646 929 Πελοπόννησος
676 871 903 930 ἀσφαλέως
934 871 1164 928 ἱδρυμένη·
1195 873 1268 916 καὶ
1297 871 1409 916 διότι

142 941 367 998 ,,χρήματα
405 941 577 997 οὐδαμὰ
615 941 720 993 τοὺς
758 939 922 991 αὐτούς
951 941 1039 984 ἐστι
1078 940 1189 995 ὁρᾶν
1217 940 1407 995 ἔχοντας.

113 1017 154 1062 7,
159 1008 310 1061 ,ταῦτα
338 1027 383 1054 τε
419 1012 482 1053 ὠν
519 1010 807 1065 ἐπιλεγομένῳ
848 1009 921 1052 καὶ
951 1009 1258 1065 βουλευομένῳ
1289 1007 1408 1060 ε’δοξέ

141 1097 264 1135 ,μοι,
294 1079 348 1122 τὰ
373 1078 529 1134 ημίσεα
567 1077 709 1134 πασης
744 1081 819 1132 τῆς
858 1074 1011 1134 ου’σίης
1047 1074 1465 1132 εξαργυρώσαντα35

140 1147 329 1200 ,,θέσθαι
354 1162 475 1228 παρα
508 1145 574 1197 σὲ,
605 1142 655 1189 εὖ
684 1146 997 1203 ἐξεπισταμένῳ
1029 1143 1088 1196 ὥς
1126 1161 1202 1200 μοι
1230 1146 1405 1200 κείμενα
1462 1150 1543 1192 478

113 1224 156 1269 8,
160 1216 292 1267 ε’,’σται
319 1214 438 1270 παρὰ
468 1214 536 1259 σοὶ
566 1213 660 1258 σόα.
707 1213 764 1259 συ
801 1213 855 1271 δή
894 1230 971 1270 μοι
1010 1214 1083 1257 καὶ
1126 1229 1179 1255 τα
1210 1212 1410 1269 χρήματα

142 1419 187 1460 εἶν
206 1417 339 1475 χρόνῳ
368 1421 614 1477 ἱκνευμένῳ]
645 1423 748 1459 Male

87 1478 203 1516 olim:
226 1481 428 1531 insequenti
451 1483 621 1530 tempore,
657 1493 748 1517 cum

84 1536 211 1586 potius
239 1537 305 1573 sit:
347 1539 462 1585 iusto,
517 1539 748 1585 conveniente,

87 1593 260 1630 commodo
278 1596 440 1644 tempore,
470 1594 562 1639 sive,
586 1600 629 1631 ut
647 1596 747 1631 Lar-

86 1647 222 1687 cherus
257 1649 367 1687 reddi
397 1651 497 1698 vult,
554 1654 746 1688 constituto

86 1709 243 1756 tempore.
299 1707 386 1745 Vid.
407 1714 502 1744 nott.
524 1706 573 1744 ad
592 1709 656 1756 VI,
678 1708 746 1750 65.

86 1762 150 1799 Ad
170 1765 332 1801 verbum
360 1759 649 1817 προϊσχόμενον
667 1765 746 1803 vid.

87 1826 183 1860 nott.
206 1819 255 1858 ad
275 1822 304 1869 Ι,
330 1820 421 1860 141.
443 1844 496 1849 -
537 1823 581 1858 111
597 1835 704 1874 seqq.
726 1836 748 1859 e

86 1876 256 1914 Florent.
276 1890 367 1914 cum
394 1876 748 1928 Schweighaeuser.

89 1938 128 1970 et
147 1933 266 1970 Gaisf.
287 1933 375 1971 dedi
405 1930 651 1984 βουλόμενος
685 1935 747 1974 δι-

87 1984 331 2040 καιοσύνης,
377 2003 468 2027 cum
494 1991 614 2041 vulgo
652 1999 749 2029 esset

88 2042 348 2098 δικαιοσύνης
375 2043 627 2098 βουλόμενος.
685 2047 749 2085 Ad

87 2103 323 2140 locutionem
352 2103 396 2144 ἐν
425 2101 468 2143 δὲ
504 2103 572 2144 καὶ
593 2106 746 2142 confer.

88 2161 336 2210 Hoogeveen.
366 2159 416 2197 ad
443 2162 568 2212 Viger.
589 2175 628 2213 Ρ.
653 2161 746 2203 175.

88 2216 272 2262 —Quod
301 2219 471 2269 sequitur
501 2214 642 2270 λόγους
665 2218 748 2259 ε’δί-

89 2273 189 2313 δουν
216 2281 273 2312 est
300 2276 505 2326 reputabam
538 2288 681 2325 mecum,
704 2283 748 2314 ut

87 2331 153 2378 ΠΙ,
175 2330 242 2372 25.

146 2385 214 2426 καὶ
244 2384 343 2427 διότι
374 2386 554 2440 χρήματα
585 2383 745 2440 οὐδαμοὶ

88 2465 147 2471 --
169 2442 364 2495 ἔχοντας]
413 2446 439 2481 i.
486 2459 521 2483 e.
570 2459 748 2497 nunquam

90 2501 190 2552 apud
208 2514 269 2538 nos
273 2503 443 2553 pecunias
461 2502 524 2540 diu
536 2504 576 2540 in
594 2503 748 2541 eiusdem

92 2558 240 2595 hominis
287 2560 498 2608 possessione
537 2572 748 2609 permanere.

92 2616 218 2662 „Puto
250 2616 441 2652 Milesium
469 2614 659 2666 hospitem
685 2618 748 2654 Io-

93 2685 160 2709 nes
182 2672 371 2724 Ceresque
386 2673 425 2708 in
446 2673 574 2709 auimo
594 2672 751 2711 habuis—

93 2742 153 2777 se,
183 2730 307 2766 Persis
331 2729 517 2766 obnoxios
542 2735 579 2765 et
598 2731 751 2781 exposi-

96 2792 164 2833 tos,
177 2793 453 2837 proptereaque
471 2786 525 2821 rei
545 2788 752 2837 pecuniae-

96 2855 170 2893 que
197 2856 286 2880 suae
330 2855 556 2894 possessores
594 2843 753 2880 minime.

804 1423 999 1462 securos.“
1039 1419 1308 1470 Wesseling.
1340 1415 1466 1459 ου’δα-

804 1476 861 1530 μα’
896 1492 986 1516 cum
1026 1478 1144 1516 Gaisf.
1198 1476 1356 1514 exhibui
1394 1489 1464 1528 pro

802 1537 907 1587 vulg.
932 1531 1102 1586 ου’δαμᾶ.
1118 1558 1169 1563 -
1190 1536 1235 1571 111
1255 1549 1361 1588 seqq.
1383 1533 1465 1574 ἔπι-

802 1591 987 1646 λέγεσθαι
1000 1593 1103 1630 valet
1121 1596 1300 1642 reputare,
1332 1591 1466 1629 volvere

801 1652 928 1689 animo.
988 1649 1098 1687 Conf.
1119 1650 1182 1697 VI,
1203 1652 1243 1690 9.

860 1680 1217 1760 ἐξαργυρώσαντα]
1268 1704 1331 1742 Ad
1366 1711 1467 1741 stru-

803 1771 953 1802 cturam
972 1765 1048 1801 loci
1059 1762 1188 1833 (εδοξῗέ
1201 1777 1268 1814 μοι
1280 1784 1336 1789 —
1353 1760 1467 1812 ἔξαρ-

802 1832 1038 1875 γυρωσαντα
1055 1842 1112 1847 --
1133 1821 1176 1859 εὐ
1216 1815 1467 1868 ἐξεπισταμέ-

803 1878 889 1932 νῳ)
912 1877 1022 1914 conf.
1041 1877 1105 1924 VI,
1129 1877 1221 1915 109.
1241 1877 1271 1922 Ι,
1292 1877 1359 1915 37.
1406 1876 1466 1911 De

802 1948 872 1982 us,
904 1946 1002 1985 quae
1022 1939 1180 1984 argento
1200 1938 1468 1983 permutantur

804 1997 871 2027 aut
917 1988 1139 2028 venduntur
1160 2018 1170 2037 ‚
1239 1989 1469 2026 recentiores

803 2046 1090 2100 ἓξαργυρίζειν,
1124 2045 1340 2083 Herodotus
1371 2046 1468 2082 anti-

805 2117 881 2157 quo
913 2103 1037 2141 modo
1082 2102 1268 2155 loquendi
1300 2101 1466 2153 ἐξαργυ-

805 2163 919 2213 ροῦν.
980 2160 1065 2198 Vid.
1092 2159 1240 2198 Duker.
1271 2159 1319 2196 ad
1350 2158 1466 2196 Thu-

803 2217 892 2270 cyd.
917 2219 1017 2265 vm,
1038 2219 1104 2265 81,
1127 2224 1164 2254 et
1183 2224 1280 2254 nott.
1302 2215 1350 2254 ad
1370 2217 1465 2253 Plu-

802 2273 924 2312 tarch.
939 2274 1181 2325 Philopoem.
1202 2288 1240 2325 p.
1258 2275 1324 2316 56.
1355 2272 1467 2319 Quod

804 2333 973 2384 sequitur
993 2330 1148 2371 θέσθαι
1170 2327 1278 2382 παροέ
1301 2328 1343 2369 σὲ
1364 2337 1466 2368 recte

806 2390 961 2427 Stobaei
973 2389 1196 2425 auctoritate
1208 2395 1244 2425 et
1261 2386 1346 2425 cod.
1364 2388 1466 2425 San-

805 2446 917 2483 crofti
945 2453 1073 2484 tuetur
1101 2446 1334 2495 Wesseling.
1370 2458 1465 2482 con-

803 2503 929 2541 ferens
944 2500 1128 2540 Abresch.
1144 2501 1337 2539 Dilucidd.
1350 2501 1465 2539 Thu-

804 2559 917 2612 cydd.
948 2573 1035 2611 pag.
1057 2558 1153 2601 438.
1211 2560 1288 2595 Alii
1315 2557 1468 2597 θέσθαι

805 2632 914 2670 παρα
935 2616 1011 2665 σοὶ,
1037 2615 1142 2668 quod
1157 2616 1281 2667 placet
1299 2613 1465 2652 Valcke-

805 2675 949 2722 naevio,
980 2674 1046 2726 qui
1066 2674 1238 2724 Dionysii
1259 2673 1389 2709 locum
1409 2672 1465 2708 ci-

807 2738 862 2768 tat
881 2732 932 2768 Τ.
960 2732 996 2767 II
1034 2744 1073 2781 p.
1106 2731 1208 2776 167,
1240 2728 1292 2768 49
1321 2725 1465 2795 (ου’σης

808 2803 877 2839 μοι
900 2780 1245 2851 παρακαταθήκης
1267 2779 1358 2836 παρ’
1375 2780 1465 2823 Ev'-

809 2840 933 2895 μαθει
972 2838 1139 2896 τούτῳ),
1188 2840 1274 2878 mea
1307 2840 1464 2893 quidem
