1851 3181
86 348 197 383 Xerxi,
217 349 312 376 Dario
327 358 362 378 ex

86 384 195 410 Atossa
211 384 327 417 genito,

85 417 227 444 suaserit.
256 417 351 443 Cuius

86 450 244 477 consilium
262 459 348 477 seru-

86 487 135 511 tus
151 484 281 519 Xerxes»,
313 492 332 511 a

86 521 177 552 patre
188 517 315 552 obtinet,

86 554 130 583 ut,
141 551 271 578 caeteris
284 555 365 587 post-

86 584 200 611 habitis
209 606 217 619 ,
244 585 331 620 regni
340 618 347 624 .

88 627 246 646 successor
267 627 363 646 nomi-

87 657 186 679 uetur.

238 1213 357 1317 w·

419 245 503 283 428

420 350 530 395 κατά
572 347 715 393 τωύτὸ
757 349 956 394 τούτοισι

833 242 1288 279 HERODOTI

995 351 1068 394 καὶ
1107 350 1390 408 Δημάρητος,
1433 349 1457 394 ὁ
1493 349 1743 404 Ἀρίστω-δό

424 435 523 469 νος,
555 415 839 473 ἀναβεβηκώς
866 418 909 468 ές
951 422 1120 468 Σοῦσα,
1153 420 1433 476 ἐστερημένος
1461 434 1505 461 τε
1534 421 1610 473 τῆς
1639 419 1687 461 έν

424 484 606 542 Σπάρτῃ
636 487 885 541 βασιληίης,
926 487 1001 530 καὶ
1031 487 1178 543 φυγὴν
1216 486 1435 543 ἐπιβαλών
1465 487 1612 544 ἑωυτῷ
1642 486 1690 530 έκ

399 554 771 608 ΞΛακεδαίμονος.
812 547 944 605 οὗτος
967 552 1088 611 ‘nimio
1109 557 1358 612 πυθόμενος
1388 558 1476 598 τῶν
1494 555 1688 607 Δαρείου

421 623 592 665 παίδων
621 620 701 676 τήν
721 622 962 677 διαφορὴν,
994 622 1157 675 ἐλθών,
1189 622 1248 674 ὥς
1278 621 1305 679 ἡ
1338 622 1466 678 φάτις
1493 638 1569 677 μιν
1588 621 1682 676 ἔχει,

419 689 557 745 Ξέρξῃ
602 687 888 744 συνεβούλευε
928 689 1068 746 λέγειν
1105 690 1217 744 πρὸς
1257 695 1372 733 τοῖσι
1400 689 1512 744 ἔλεγε
1558 689 1746 737 ἔπεσι,4ο

420 757 477 808 ὡς
516 755 675 809 „azimis
720 754 799 811 μὲν
844 756 1011 810 γένοιτο
1058 759 1231 813 Δαρείῳ
1274 757 1358 814 ἤδη
1401 755 1688 811 βασιλεύοντι,

422 825 521 877 „aaz
552 824 692 880 ἔχοντι
732 823 780 866 τὸ
812 824 1019 878 Περσέων
1046 825 1228 880 κράτος·
1269 823 1588 880 Ἀρταβαζάνης
1626 824 1686 875 δὲ,

422 894 511 946 ,ἔτι
551 892 702 947 ἰδιώτῃ
732 890 850 935 ἐόντι
887 895 1073 950 Δαρείῳ.
1127 895 1274 937 οὔκων
1312 891 1410 936 οὔτ’
1452 891 1572 942 οἰκὸς
1611 893 1687 948 εἴη,

392 960 554 1013 3,,οὕτε
575 962 771 1010 δίκαιον,
804 958 937 1004 ἄλλον
965 960 1063 1003 τινά
1093 960 1142 1004 τὸ
1172 960 1302 1016 γέρας
1332 961 1442 1014 ἔχειν
1471 958 1556 1015 πρὸ
1587 959 1688 1003 ἑωυ-

420 1032 551 1081 ,,τοῦ·
594 1027 684 1070 ἐπεί
720 1043 767 1082 γε
805 1029 878 1071 καὶ
914 1028 960 1071 ἐν
1001 1028 1207 1084 Σπάρτῃ,
1247 1028 1331 1084 ἔφη
1372 1025 1395 1070 ὁ
1427 1025 1688 1084 Δημάρητος

422 1095 784 1151 ,,ὑποτιθέμενος,
824 1095 940 1139 οὕτω
973 1098 1253 1151 νομίζεσθαι,
1299 1096 1357 1152 ἢν
1389 1097 1433 1138 οἱ
1472 1095 1550 1150 μὲν
1577 1099 1745 1149 προ-45

385 1174 406 1299 (
421 1163 674 1220 ,,γεγονότες
705 1164 806 1207 ἔωσι
832 1165 937 1218 πρὶν
965 1162 994 1220 ἦ
1021 1164 1099 1207 τόν
1120 1163 1283 1218 πατέρα
1312 1163 1460 1218 σφέων
1488 1165 1688 1218 βασιλεῦ-

421 1245 544 1286 ,,σαι,
585 1230 610 1275 ὁ
648 1231 694 1275 δὲ
731 1230 1005 1287 βασιλεύοντι
1044 1229 1256 1287 ὀψίγονος
1307 1230 1573 1286 ἐπιγένηται,
1609 1233 1689 1272 τοῦ

391 1299 761 1356 4,,ἐπιγενομένου
805 1298 885 1356 τὴν
913 1299 1076 1369 ἓίιδεξιν
1103 1303 1179 1355 τῆς
1208 1300 1435 1355 βασιληίης
1470 1298 1684 1353 γίνεσθαι.

423 1367 710 1424 Χρησαμένου
752 1367 798 1411 δὲ
841 1366 1007 1422 Ξέρξεω
1058 1372 1112 1424 τῇ
1151 1364 1418 1423 Δημαρήτου
1464 1363 1710 1422 ’ὑποθήκης

366 1552 415 1589 ud
443 1553 507 1600 IV,
541 1554 632 1592 132.
662 1551 764 1590 Add.
792 1554 874 1601 Vll,
905 1556 930 1594 6
960 1553 1025 1590 fin.

367 1612 419 1649 10
439 1610 519 1645 init.
542 1611 608 1649 46.
667 1611 725 1646 De
754 1609 948 1647 Demarato
977 1611 1025 1649 cf.

364 1666 428 1713 vl,
448 1668 515 1705 70.
548 1666 669 1710 Quem
685 1680 763 1704 non
785 1666 834 1704 ad
852 1669 1025 1715 Darium,

364 1721 433 1759 sed
453 1721 502 1759 ad
521 1723 706 1770 Xerxem,
738 1737 827 1760 cum
848 1723 896 1761 ad
915 1725 1026 1775 Aby-

365 1778 461 1815 dum
503 1791 610 1816 mare
638 1781 847 1827 trajiceret,
878 1782 1025 1818 venisse

364 1836 494 1872 scribit
536 1835 676 1873 Ctesias
711 1838 874 1874 Persico.
905 1839 942 1883 ξ.
971 1840 1024 1877 23

365 1893 468 1929 testis
507 1892 704 1930 Herodoto
732 1894 773 1930 in
802 1894 938 1931 talibus
960 1895 1027 1930 vix

366 1949 555 2000 aequali53
582 1962 843 2002 ‘quamquam
894 1952 933 1986 iu
968 1952 1024 1998 iis,

365 2019 464 2057 quae
485 2005 587 2056 apud
608 2006 848 2043 Herodorum
864 2014 1025 2055 exstant,

365 2075 445 2098 non
466 2063 595 2099 omnia
616 2070 718 2100 certa
746 2063 923 2101 historiae
949 2063 1026 2100 fide

364 2118 476 2167 tradi,
510 2118 576 2155 sed
599 2133 620 2156 e
636 2120 737 2156 fama
757 2121 900 2168 referri,
921 2119 1024 2157 indi-

365 2188 451 2211 care
485 2174 664 2212 videntur
691 2177 808 2214 verba
854 2177 1022 2214 adiecta:

368 2231 423 2278 ὦς
443 2229 471 2281 ἦ
494 2228 614 2281 φάτις
637 2248 705 2282 μιν
734 2233 824 2284 ἔχει.
883 2234 947 2270 Tu
973 2234 1022 2270 cf.

366 2295 462 2325 nott.
494 2287 541 2325 ad
571 2289 653 2335 VII,
687 2291 780 2329 101.
853 2290 1024 2326 Verbum

366 2340 602 2395 ἀναβαίνειν
623 2346 730 2395 attigi
749 2345 797 2382 ad
817 2344 1021 2392 V1,84.—

367 2398 503 2452 φυγὴν
523 2398 723 2452 ἐπιβαλών
750 2400 888 2438 dicitur
907 2403 949 2450 is,
963 2402 1027 2453 qui

367 2459 502 2507 sugam
535 2472 566 2495 s.
597 2459 755 2494 exilium
780 2459 851 2495 sibi
871 2465 913 2494 ut
931 2471 1028 2509 poe-

366 2527 457 2551 nam
477 2515 557 2565 ipse
575 2515 820 2565 imposuerat.

423 2569 478 2616 ὥς
507 2569 536 2622 η’
569 2566 689 2620 φάτις
721 2586 789 2622 μιν
812 2569 913 2621 ἔχει]
944 2572 969 2608 i.
992 2584 1026 2608 e.

367 2629 505 2675 „sicuti
530 2640 647 2664 rumor
674 2628 717 2664 de
749 2641 787 2665 eo
810 2627 936 2677 fert.“
970 2629 1027 2664 lta

367 2683 490 2720 reddit
519 2684 751 2734 Wesseling.
785 2685 904 2720 citans
942 2685 1024 2732 Vll,

366 2741 407 2781 5·
429 2741 528 2788 Vm,
559 2740 624 2781 94.
646 2740 758 2779 Pind.
780 2739 894 2792 Pyth.
925 2741 1024 2778 Isub

365 2796 431 2833 fin.
452 2798 521 2844 lx,
542 2798 608 2838 83.
629 2798 761 2848 Eurip.
782 2797 918 2834 Helen.
930 2798 1024 2844 257,

365 2853 429 2889 ubi
451 2854 663 2891 consimilia
683 2855 937 2905 reperiuntur.
959 2854 1023 2890 Tu

1087 1552 1174 1592 add.
1205 1560 1301 1591 nott.
1324 1551 1373 1590 ad
1401 1551 1544 1590 Herod.
1564 1553 1609 1599 V,
1633 1553 1686 1592 66
1707 1558 1745 1588 et

1086 1609 1134 1647 de
1161 1624 1257 1648 voce
1288 1605 1408 1660 φάτις
1438 1611 1468 1657 Ι,
1490 1612 1557 1650 60.
1585 1610 1633 1656 11,
1654 1611 1745 1648 101.

1083 1667 1177 1703 Mox
1208 1680 1299 1704 cum
1319 1665 1552 1716 Schweigh.‚
1575 1665 1691 1703 Gaisf.
1708 1671 1746 1702 et

1082 1722 1218 1760 Matth.
1231 1724 1375 1760 restitui
1389 1719 1661 1774 συνεβούλευε,
1673 1734 1744 1758 cu-

1081 1781 1139 1816 ius
1171 1781 1255 1817 loco
1287 1778 1514 1816 Schaeferus
1545 1793 1566 1815 e
1596 1778 1744 1815 duobus

1083 1836 1196 1873 codd.
1237 1835 1393 1873 dederat
1443 1831 1742 1887 συνεβούλευσε.

1084 1892 1196 1939 Quod
1216 1893 1386 1945 sequitur
1407 1891 1508 1944 ἔχειν
1529 1888 1575 1931 τό
1598 1887 1745 1944 κράτος

1083 1950 1270 2000 (summum
1305 1953 1416 1987 tenere
1443 1950 1624 1999 imperium
1664 1949 1743 1984 sive

1076 2006 1312 2057 potestatem)
1342 2019 1437 2043 mox
1455 2005 1561 2043 idem
1579 2005 1660 2042 fere
1680 2005 1744 2040 in-

1083 2063 1231 2100 dicatur
1258 2064 1381 2100 verbis
1414 2060 1458 2103 τὸ
1481 2061 1595 2115 γέρας
1628 2060 1742 2112 ἔχειν.

1080 2120 1182 2157 Illud
1200 2121 1394 2157 invenitur
1421 2120 1461 2156 in
1482 2121 1548 2156 fin.
1571 2132 1631 2169 cp.
1653 2118 1741 2155 coll.

1081 2178 1162 2226 VII,
1198 2178 1277 2217 187
1296 2176 1363 2213 fin.
1383 2177 1452 2222 IX,
1474 2174 1542 2216 42.
1587 2176 1664 2211 Pro
1686 2173 1742 2212 εἰ-

1080 2230 1153 2279 κὸς
1182 2246 1203 2269 e
1222 2233 1445 2269 Florentino
1466 2231 1552 2268 cod.
1569 2244 1659 2268 cum
1678 2243 1742 2267 re-

1081 2296 1197 2326 centt.
1219 2287 1375 2325 exhibui
1395 2285 1518 2335 οἰκός.
1546 2287 1610 2324 Ad
1628 2299 1742 2324 usum

1083 2346 1241 2396 optativi
1262 2344 1322 2395 εἰἠ
1343 2345 1499 2392 faciunt,
1522 2358 1619 2397 quae
1640 2345 1743 2380 Krii-

1083 2415 1165 2452 ger.
1187 2402 1310 2438 attulit
1330 2400 1379 2438 ad
1399 2401 1742 2452 Dionys.Halicar-

1083 2471 1182 2496 nass.
1202 2471 1289 2509 pag.
1311 2460 1403 2498 169.
1451 2458 1515 2495 Ad
1534 2459 1648 2495 verba
1667 2453 1745 2508 πρὸ

1083 2513 1235 2554 ἑωυτοῦ
1278 2515 1379 2551 conf.
1413 2513 1549 2553 Matth.
1581 2515 1649 2552 Gr.
1673 2514 1741 2550 Gr.

1083 2572 1121 2617 ξ.
1145 2571 1226 2611 575
1246 2572 1329 2609 init.
1348 2583 1437 2622 pag.
1460 2570 1582 2611 1135.

1138 2625 1459 2678 ὑποτιθέμενος]
1510 2626 1620 2664 Idem
1658 2638 1741 2664 ver-

1083 2684 1176 2721 bum
1195 2697 1306 2735 supra
1327 2685 1372 2732 V,
1394 2687 1448 2724 92
1469 2684 1491 2728 ξ
1509 2687 1548 2731 6,
1577 2683 1642 2720 ubi
1662 2680 1739 2721 vid.

1080 2740 1230 2777 Eodem
1249 2753 1362 2777 sensu
1383 2739 1430 2777 de
1459 2740 1611 2787 consilio,
1633 2736 1736 2790 quod

1081 2797 1395 2845 subministratur,
1415 2809 1509 2833 mox
1526 2790 1736 2844 ὖποθήκη.

1080 2874 1137 2882 —
1151 2855 1196 2890 Iu
1227 2854 1304 2890 fine
1325 2866 1428 2905 cap.‚
1447 2854 1513 2891 ubi
1532 2852 1648 2902 vulgo
1669 2851 1738 2890 δο-
