1834 3258
425 237 1057 288 POLYMNIA.V11.

85 370 108 403 2
123 361 342 416 μυριάδες.

1297 252 1382 292 539

398 358 714 415 Ἐξηρίθμησαν
745 358 791 403 δὲ
812 357 938 404 τόνδε
968 360 1045 403 τὸν
1066 356 1248 414 τρόπον.
1281 370 1381 403 συν·
1394 366 1438 401 85

116 428 350 486 αγαγόντες
387 426 430 478 ἐς
475 427 552 470 ἕνα
597 431 744 483 χοῖρον
781 427 974 482 μυριάδα
1003 426 1276 482 ἀνθρώπων,
1308 428 1384 471 καὶ

115 496 378 548 συνάξαντες
408 495 572 551 ταύτην
602 493 661 546 ὠς
690 494 876 552 μάλιστα
907 494 1051 551 εἶχον,
1082 495 1383 551 περιέγραψαν

116 566 278 616 ἔξωθεν
314 563 480 607 κύκλον
497 577 505 586 ·

563 563 910 619 περιγράψαντες
959 564 1026 616 δὲ,
1084 563 1158 606 καὶ
1204 564 1381 617 ἀπέντες

112 632 215 684 τοὺς
257 633 465 689 μυρίους,
505 632 713 688 αἱμασιὴν
751 632 1010 688 περιέβαλον
1049 631 1160 674 κατὰ
1197 632 1276 677 τὸν
1303 633 1381 677 κύ-

83 705 250 753 Βκλου,
269 700 385 752 ὕψος
413 698 663 756 ἀνήκουσαν
693 699 821 755 ἀνδρὶ
851 700 894 751 ἐς
923 698 1001 743 τὸν
1032 697 1253 754 ὀμφαλόν.
1285 702 1383 745 ταύ-
1393 709 1439 743 90

115 786 195 824 την
235 769 281 812 δὲ
315 768 596 824 ποιήσαντες,
637 766 796 819 ἄλλους
838 768 1086 824 ἐσεβίβαζον
1133 767 1176 819 ἐς
1213 767 1262 811 τὸ
1311 785 1382 812 πε

117 837 534 892 ριοικοδομημένον·
565 836 712 892 μέχρις
741 830 795 879 οὗ
823 852 990 895 παντας
1018 834 1160 892 τούτῳ
1190 839 1251 894 τῷ
1280 837 1384 892 τρό-

111 920 180 961 πῳ
210 904 516 964 ἐξηρίθμησαν.
547 903 870 960 αριθμησαντες
899 906 966 958 δὲ,
994 921 1106 949 κατα
1137 904 1268 949 ε’θνεα
1298 905 1382 950 διέ-

111 983 287 1016 τασσον.

54 1171 131 1209 loci
149 1170 225 1212 vsd.
241 1169 378 1209 Matth.
406 1170 472 1208 Gr.
495 1171 561 1210 Gr.
584 1171 623 1216 ξ.
638 1168 721 1212 428

54 1241 144 1280 pag·
166 1229 262 1269 794.
402 1247 405 1250 ·

111 1283 180 1324 καὶ
191 1280 431 1332 συνάξαντες
441 1279 607 1334 ταύτην]
622 1284 722 1320 Cum

54 1343 298 1393 participium
321 1336 611 1393 συναγαγόντες
631 1354 723 1392 pro—

56 1399 162 1436 xime
183 1397 422 1447 antecedens,
443 1398 634 1447 colligendi
650 1398 719 1434 ha-

57 1456 146 1492 beat
164 1457 384 1503 notionem,
404 1456 520 1492 verbo
550 1450 720 1502 συναξαι

57 1513 295 1562 constv'pandz',
333 1511 549 1559 coarctandi,
570 1514 719 1562 compri-

57 1569 176 1606 mendi
213 1571 412 1606 notionem
444 1570 637 1617 tribuunt,
677 1575 721 1605 ut

57 1625 160 1676 apud
179 1627 345 1677 Longin.
369 1627 427 1662 De
450 1626 546 1664 subl.
570 1639 610 1676 p.
637 1628 721 1666 232

57 1682 139 1734 [cp.
160 1681 214 1724 42
236 1685 273 1729 §.
297 1684 338 1731 1]
362 1681 544 1734 Xenoph.
575 1683 718 1731 [Anab.

54 1740 86 1786 Ι,
103 1740 176 1786 5§.
194 1743 257 1789 10,
279 1740 346 1777 ubi
356 1742 532 1791 συνῆγον
543 1738 610 1778 καὶ
629 1752 720 1778 συνῇ

55 1794 216 1844 ε’σπων]
258 1804 295 1834 et
329 1795 473 1834 Athen.
494 1798 550 1833 XI
571 1810 610 1847 p.
638 1795 719 1837 474

54 1853 102 1890 E.
119 1852 202 1901 (ubi
213 1852 494 1904 συνηγμένον).
507 1852 586 1891 Sed
599 1866 721 1904 quum

57 1909 230 1947 eiusdem
248 1911 354 1946 verbi
373 1911 413 1946 in
435 1909 580 1947 diversa
601 1911 722 1960 signi-

56 1965 233 2003 ficafioue
270 1967 382 2017 positi
422 1968 594 2017 repetit'm
636 1966 722 2002 duri

58 2022 151 2075 quid
160 2021 309 2071 habeat,
330 2021 459 2060 Reisk.
472 2031 508 2060 et
520 2021 722 2073 Schweig-

56 2077 188 2116 haeus.
211 2080 324 2131 (quos
343 2087 556 2131 sequuntur
569 2081 665 2116 Miot
685 2087 722 2116 et

56 2135 277 2187 Bekkerus)
299 2150 368 2188 pro
387 2132 722 2184 συνάξαντεςπηι-

57 2193 212 2231 luerunt
250 2189 516 2241 συννάξαντες
555 2206 577 2230 a
604 2194 721 2230 verbo

59 2246 301 2290 συννάσσειν
340 2253 543 2301 constipare,
576 2251 724 2300 compri-

58 2319 157 2355 mere,
189 2308 296 2344 cuius
324 2308 447 2344 simile
475 2303 724 2354 κατανάξαν-

59 2378 120 2410 τες
137 2365 354 2402 invenimus
374 2365 455 2412 VII,
470 2367 536 2412 36,
559 2365 625 2400 ubi
645 2363 722 2403 vid.

59 2427 156 2457 nott.
214 2420 294 2458 Sed
312 2419 387 2458 hoc
415 2422 472 2458 uti
489 2434 569 2458 non
589 2434 725 2458 neces-

59 2478 202 2513 sarium
222 2478 275 2514 ita
293 2478 408 2514 nimis
427 2479 659 2529 exquisitum
670 2479 727 2515 vi-

60 2531 172 2570 detur
199 2535 407 2571 Letronnio
428 2536 467 2570 iu
487 2536 662 2572 Journal.
683 2534 722 2572 d.

61 2590 152 2628 Sav.
178 2593 382 2640 1817pag.
405 2590 471 2638 49,
494 2592 571 2643 qui,
592 2593 664 2629 nisi
683 2593 724 2629 in

61 2647 216 2696 vulgata
283 2647 614 2698 acquiescendum,
683 2648 724 2686 id

61 2716 185 2739 unum
204 2702 287 2739 fieri
306 2716 414 2754 posse
434 2705 652 2752 arbitratur,
680 2712 724 2742 ut

62 2772 132 2810 pro
143 2757 429 2811 συναγαγόντες
448 2767 613 2811 ponatur
625 2773 723 2799 συν-

63 2811 212 2869 ήγαγόν
242 2831 295 2854 τε.
352 2818 486 2868 Neque
513 2830 603 2854 vero
633 2815 723 2855 huic

67 2872 324 2910 emendationi
347 2874 426 2924 ipse
464 2874 632 2910 multum
660 2876 723 2911 tri-

777 1170 844 1206 bui
864 1171 946 1207 vult
964 1170 1023 1209 vir
1044 1168 1302 1218 doctissimus,
1322 1168 1441 1222 idque

776 1228 935 1275 merito,
980 1228 1012 1265 si
1033 1226 1126 1279 quid
1156 1226 1282 1264 video.
1339 1228 1440 1264 Mat-

776 1282 880 1320 thiae
901 1283 1048 1336 (quem
1077 1284 1179 1321 conf.
1206 1285 1246 1320 in
1267 1284 1441 1321 Gramm.

781 1342 846 1379 Gr.
870 1342 906 1387 §.
928 1343 1012 1381 222
1033 1354 1121 1392 pag.
1133 1339 1233 1391 429)
1251 1354 1320 1391 pro
1344 1353 1441 1379 σνν-

780 1393 946 1445 &gamag-
977 1399 1146 1448 reposuit
1166 1393 1441 1445 συντάξαντες,

776 1456 894 1506 idque
916 1455 1031 1491 etiam
1045 1456 1085 1491 in
1102 1453 1443 1492 Tauchnitziiedi-

776 1513 880 1548 tione
892 1519 1099 1562 comparet,
1113 1524 1351 1564 quamquam
1365 1512 1444 1547 mi-

777 1582 849 1605 nus
870 1570 1074 1606 convenire
1101 1568 1301 1617 videntur,
1343 1581 1442 1633 quae

777 1627 960 1662 continuo
981 1626 1253 1663 subiiciuntur:
1278 1640 1332 1672 ως
1363 1641 1442 1676 μα-

776 1685 888 1721 λιστα
920 1679 1050 1733 εἶχον,
1082 1683 1194 1719 allata
1224 1683 1270 1719 ab
1302 1682 1443 1719 eodem

775 1738 913 1777 Matth.
943 1740 969 1777 l.
1000 1740 1027 1776 l.
1059 1741 1097 1785 ξ.
1128 1738 1205 1779 461
1237 1752 1323 1790 pag.
1347 1739 1444 1779 858·

775 1798 854 1834 Nec
875 1798 998 1847 magis
1019 1798 1264 1843 conveniunt,
1284 1808 1382 1847 quae
1402 1795 1446 1831 in

775 1852 889 1890 huius
919 1854 1049 1904 capitis
1069 1853 1145 1889 fine
1165 1854 1346 1902 leguntur
1370 1867 1444 1889 κα-

777 1906 825 1948 τὰ
867 1909 990 1948 ἔθνεα
1029 1908 1249 1948 διέτασσον.
1308 1910 1443 1960 Itaque

777 1967 974 2016 vulgatam
1014 1967 1221 2002 lectionem
1259 1965 1444 2002 intactam

776 2024 991 2074 relinquere
1011 2023 1217 2059 consultius
1239 2020 1353 2069 duxi,
1375 2035 1445 2058 cu-

775 2081 834 2116 ius
864 2079 927 2116 hic
955 2079 1052 2116 mihi
1071 2078 1221 2116 videtur
1253 2092 1332 2116 esse
1353 2092 1445 2115 sen-

777 2148 860 2174 sus:
920 2136 1096 2184 „Coactis
1114 2138 1152 2173 in
1184 2148 1292 2173 unum
1332 2136 1444 2173 locum

780 2194 893 2231 decem
909 2194 1084 2230 hominum
1111 2192 1267 2230 millibus
1292 2196 1324 2229 et
1339 2204 1444 2243 quam

778 2252 930 2287 maxime
939 2251 1027 2301 fieri
1039 2253 1193 2302 poterat,
1224 2251 1444 2300 constipatis,

780 2309 892 2344 orbem
928 2310 1142 2345 extrinsecus
1162 2308 1446 2356 circumscripse-

780 2377 837 2409 τες
869 2376 936 2415 quo
956 2364 1062 2401 ducto
1089 2364 1269 2413 decemque
1289 2364 1445 2400 millibus

780 2421 864 2459 inde
893 2421 1065 2469 dimissis,
1096 2423 1284 2458 maceriam
1311 2423 1443 2457 circum

783 2482 878 2516 circa
910 2478 971 2514 hoc
997 2481 1038 2516 in
1078 2478 1155 2514 orbe
1191 2481 1372 2514 erexerunt
1401 2489 1443 2514 ea

784 2535 987 2582 altitudine,
1017 2538 1056 2572 ut
1079 2535 1226 2571 hominis
1244 2534 1446 2570 umbilicum

785 2593 852 2630 illa
872 2593 1106 2641 attingeret.“
1158 2592 1302 2628 Vocem
1325 2589 1446 2637 αἷμα-

781 2646 874 2699 σιήν
895 2651 1066 2686 maceriae
1087 2661 1116 2685 s.
1136 2649 1229 2684 muri
1256 2646 1447 2696 significa-

779 2708 884 2743 tIOne
904 2704 1068 2742 vidimus
1089 2706 1118 2751 1,
1144 2706 1236 2743 180.
1294 2700 1398 2739 Add.
1414 2703 1444 2748 1,

781 2765 874 2803 190.
894 2763 942 2809 II,
965 2764 1094 2803 69.—-
1114 2758 1178 2796 Ad
1188 2759 1446 2796 accusativum

778 2815 889 2868 ὕψος
918 2820 958 2854 iu
978 2831 1085 2869 seqq.
1105 2816 1207 2854 conf.
1228 2814 1364 2855 Matth.
1378 2816 1446 2852 Gr.

780 2875 848 2912 Gr.
873 2887 964 2926 pag.
987 2872 1082 2915 794.
