1870 3249
335 235 998 276 TERPSICHORE.
1057 236 1103 273 V.
1274 237 1357 277 142⁷»

91 348 267 404 »ἡμέων
297 347 490 391 οἰκέουσι
523 346 794 402 Ταναγραῖοί
822 361 866 388 τε
895 344 968 387 καὶ
998 346 1254 427 Κορωναῖοι
1282 343 1356 387 καὶ

90 415 346 470 ,,Θεσπιέες,
396 414 469 457 καὶ
500 414 624 457 οὗτοί
651 429 699 469 γε
740 412 828 468 ἅμα
859 410 964 468 ημῖν
994 411 1077 454 αἰεὶ
1105 411 1358 467 μαχόμενοι,

89 481 360 539 ,,προθύμως
389 481 735 537 συνδιαφέρουσι
763 480 840 524 τὸν
866 479 1079 536 πόλεμονς
1109 481 1150 522 τί
1181 481 1250 524 δεῖ
1264 478 1361 523 τού·
1371 485 1415 520 55

91 568 207 606 ,,των
236 567 284 608 γε
316 549 515 602 §tecam
555 547 666 592 ἀλλὰ
703 552 869 605 μᾶλλον
907 547 965 604 μὴ
1004 545 1059 590 οὐ
1091 551 1219 591 τοῦτο
1252 542 1280 605 ᾖ
1307 564 1356 591 το

0 624 38 668 20
93 617 395 675 ’,χρηστήριον
399 620 423 639 “
485 620 678 661 Τοιαῦτα
718 615 770 673 δὴ
809 615 1142 672 ἐπιλεγομένων,
1168 608 1275 660 ἐἶπε
1306 614 1360 672 δή
1417 621 1587 683 gegmetzg
1605 621 1655 714 afdi

92 702 192 730 κοτε
219 683 380 742 μαθων
408 699 493 735 τις·
531 682 665 740 »Εγώ
695 701 771 740 μοι
802 685 940 729 δοκέω
961 683 1159 728 συνιέναι
1188 685 1237 728 τὸ
1268 684 1361 728 ἐθέ-
1418 663 1680 762 tgnffaubull

1418 758 1499 785 Aea
1502 756 1651 783 dsa
1633 754 1679 782 xi-

58 752 180 808 efflei
221 752 362 809 λέγειν
398 752 505 809 ἡμῖν
541 752 591 796 τό
630 752 860 810 μαντήϊον.
914 751 1120 797 Ἀσωποῦ
1158 751 1362 809 λέγονται
1418 790 1618 820 liom·sissen
1622 792 1647 825 t

33 926 137 979 apud
166 925 471 964 Demosthenem
499 934 536 965 et
568 928 610 964 in
635 927 700 964 in-

32 986 238 1036 scriptione
273 984 441 1036 quadam
470 986 598 1022 vocari
637 984 699 1024 ἐκ·

33 1042 201 1092 κλησίαν
236 1048 346 1078 notat
372 1040 548 1080 Boeckh.
581 1042 697 1092 Corp.

33 1100 151 1136 Inscr.
173 1099 331 1136 Graece.
343 1100 361 1135 Ι
374 1111 461 1149 pag.
474 1101 570 1139 730.
603 1099 699 1135 Mox

34 1155 124 1193 dedi
144 1151 280 1194 αὐτῶν
302 1162 339 1192 et
359 1153 510 1194 τούτων
528 1168 599 1206 pro
622 1151 696 1194 αῦ-

32 1210 133 1252 τέων
159 1219 196 1249 et
215 1214 402 1251 τουτέων.

38 1286 41 1288 ’
80 1270 321 1321 Ταναγραῖοί
332 1283 373 1307 τε
384 1266 450 1307 καὶ
465 1269 700 1320 Κορωναῖοι

33 1324 103 1366 καὶ
143 1324 358 1374 Θεσπιέες]
410 1327 493 1361 Hae
529 1325 699 1362 civitates

37 1384 278 1435 pertinebant
307 1382 357 1419 ad
385 1381 520 1419 foedus
540 1382 700 1418 Boeoti-

33 1453 136 1488 cum,
169 1441 275 1477 cuius
296 1446 412 1491 caput
432 1438 593 1476 Thebae
612 1439 700 1475 fue-

32 1504 160 1545 runtq
191 1509 429 1550 quamquam
459 1509 558 1548 quae
586 1494 699 1533 huius

33 1553 198 1591 foederis
218 1556 326 1602 ratio,
357 1566 454 1605 quae
473 1554 644 1591 instituta
661 1559 699 1590 et

34 1613 234 1649 civitatum
263 1612 503 1662 singularum
535 1622 699 1647 munera

34 1681 78 1705 ac
103 1669 208 1717 iura,
250 1669 361 1720 quale
399 1666 627 1705 Thebarum
656 1668 698 1703 in

32 1726 200 1776 singulas
257 1725 466 1776 imperium
521 1724 698 1776 adeoque

31 1784 283 1834 principatus,
319 1783 480 1819 minime
520 1794 701 1832 comper-

31 1846 118 1876 tum
155 1838 362 1876 habemus:
421 1838 538 1890 idque
572 1840 702 1889 ipsum

34 1908 104 1946 pro
138 1903 361 1946 temporum
406 1897 552 1932 ratione
590 1894 702 1933 valde

35 1959 230 1989 mutatum
258 1953 372 1989 fuisse
401 1953 598 2003 probabile
633 1958 701 1988 est.

38 2009 119 2056 Sic,
140 2010 197 2045 uti
216 2008 289 2045 hoc
306 2015 409 2056 utar,
432 2007 701 2059 Thespienses,

37 2077 134 2118 quos
164 2067 285 2102 socios
311 2064 375 2102 hic
402 2063 562 2102 laudaut
592 2066 629 2102 T
632 2063 704 2101 he-

36 2123 127 2160 bani
154 2122 273 2171 (circa
308 2123 463 2174 Olymp.
494 2122 579 2172 68),
609 2134 705 2158 mox

35 2180 196 2216 Persicis
221 2179 326 2216 bellis
347 2180 589 2230 potissimum
607 2178 705 2215 effe-

36 2243 144 2274 ctum
165 2243 240 2284 est,
283 2242 326 2273 ut
347 2236 484 2273 animis
513 2248 536 2273 a
556 2234 704 2273 Thebis

39 2306 159 2346 quam
195 2294 367 2330 maxime
400 2294 605 2330 abalienati
633 2306 705 2329 ex-

38 2351 212 2398 isterentt,
233 2349 280 2387 de
301 2363 378 2402 quo
397 2349 476 2388 vid.
490 2350 533 2388 C.
546 2350 706 2387 O.Miil-

36 2408 106 2445 ler.
132 2405 363 2445 Orchomen.
392 2419 483 2458 pag.
513 2406 595 2447 413
617 2407 704 2444 coll.

40 2463 122 2504 403
144 2477 225 2514 seq.
247 2470 284 2500 et
304 2463 351 2500 de
371 2465 608 2501 Boeotorum
620 2464 706 2500 foe-

42 2519 133 2558 dere
159 2519 440 2558 Wachsmuth.
461 2521 613 2558 Hellen.
633 2521 707 2557 Al·—

38 2575 268 2615 terthumsk.
297 2578 328 2625 1,
358 2580 376 2617 1
409 2590 498 2628 pag.
533 2580 626 2619 129.
662 2577 705 2614 C.

39 2635 84 2672 F.
99 2636 311 2671 Hermann.
330 2632 536 2671 Lehrbuch
565 2641 638 2671 etc.
666 2635 705 2680 §-

43 2693 122 2732 179
161 2692 249 2728 coll.
278 2689 453 2727 Boeckh.
490 2693 604 2743 Corp.
636 2692 705 2726 In-

42 2749 186 2800 scriptt.
200 2749 359 2784 Graeco.
372 2748 388 2782 I
400 2760 488 2799 pag.
503 2752 583 2789 726
596 2760 704 2799 seqq.

43 2804 129 2854 (ubi
175 2805 327 2855 singula
372 2803 448 2841 huc
495 2806 704 2856 spectantia

43 2863 162 2913 citat)
203 2859 587 2913 Staatshaushaltung
636 2860 704 2899 der

102 2921 330 2957 Hnnonor.
360 2920 428 2957 111.

754 926 898 969 Athen.
919 929 956 965 Π
987 941 1076 980 pag.
1099 930 1194 975 370,
1230 928 1298 965 ubi
1317 934 1421 965 recte

754 992 900 1033 mouet,
921 984 1078 1023 Thebas
1088 999 1168 1022 non
1183 987 1419 1036 imperitasse

754 1043 908 1094 reliquis
920 1043 1145 1090 civitatibus,
1168 1054 1266 1093 quae
1278 1044 1336 1079 sui
1355 1043 1420 1078 iu-

753 1101 803 1136 ris
838 1100 952 1150 plane
981 1100 1142 1146 fuerint,
1182 1098 1250 1136 sed
1279 1100 1421 1150 primas

753 1157 938 1193 exstitisse
957 1157 1057 1193 inter
1076 1168 1199 1208 pares.

811 1209 1038 1265 προθύμως
1104 1209 1423 1264 συνδιαφέρουσι

754 1265 822 1309 τόν
859 1266 1064 1321 πόλεμον]
1111 1271 1137 1307 i.
1170 1282 1202 1307 e.
1243 1271 1423 1307 strenuam

754 1328 853 1365 nobis
872 1329 909 1365 in
930 1327 1018 1364 bello
1038 1325 1190 1376 gerendo
1210 1328 1422 1363 continuan-

757 1384 869 1434 doque
893 1387 1082 1435 praestant
1114 1394 1266 1433 operam.
1325 1383 1423 1420 Ver-

755 1441 852 1478 bum
886 1439 1170 1492 συνδιαφέρειν
1204 1440 1362 1477 obvium
1390 1441 1422 1488 I,

760 1500 812 1539 18
838 1498 904 1536 fin.
925 1499 970 1546 V,
996 1500 1049 1539 99
1063 1527 1072 1545 ,
1095 1498 1161 1533 ubi
1180 1497 1347 1535 Wessel.
1364 1497 1425 1533 af-

755 1555 829 1591 fert
836 1554 987 1607 Ioseph.
999 1557 1044 1592 B.
1054 1554 1140 1592 Iud.
1155 1556 1185 1602 I,
1201 1553 1265 1602 14,
1277 1552 1317 1592 4.
1327 1552 1425 1590 Phi-

756 1612 794 1649 lo
805 1612 891 1649 Iud.
903 1612 1092 1663 deAgric.
1104 1626 1143 1663 p.
1159 1613 1241 1652 209
1259 1612 1302 1648 C.
1325 1612 1427 1648 Pro-

757 1682 844 1720 cop.
856 1671 903 1707 B.
913 1669 1030 1707 Goth.
1043 1671 1073 1717 I,
1087 1670 1127 1709 5
1147 1667 1258 1706 Suid.
1279 1681 1309 1705 s.
1321 1682 1359 1706 v.
1372 1668 1425 1705 T.

755 1727 809 1762 111
816 1740 856 1777 p
846 1726 963 1768 ..400
984 1726 1171 1763 Adverba
1183 1722 1237 1776 μή
1251 1720 1426 1765 ου’τοῦτο

756 1777 785 1838 ᾗ
803 1783 906 1821 conf.
934 1782 1072 1820 Matth.
1094 1784 1160 1820 Gr.
1182 1783 1250 1819 Gr.
1271 1783 1307 1828 ξ.
1329 1782 1427 1823 517.

950 1841 1044 1891 Cap.
1068 1840 1235 1876 Lxxx

821 1899 996 1936 Τοιαῦτα
1029 1893 1080 1946 δη
1114 1894 1426 1947 ἐπιλεγομένων]

760 1954 786 1990 i.
808 1965 841 1989 e.
859 1952 963 1991 Haec
981 1955 1099 2002 igitur
1118 1953 1202 1990 dum
1218 1952 1429 2004 disceptant.

760 2010 934 2047 Verbum
954 2008 1209 2060 ἐπιλέγεσθαι
1220 2010 1335 2046 simili
1349 2012 1430 2047 fere

761 2066 881 2103 modo
902 2068 933 2115 I,
954 2069 1023 2108 78.
1044 2067 1089 2114 V,
1111 2069 1178 2107 30.
1197 2067 1267 2114 IX,
1290 2068 1357 2116 97,
1377 2080 1428 2104 ne

760 2124 883 2175 plura.
940 2124 1005 2161 Ad
1045 2122 1172 2163 ἐθέλει
1209 2122 1289 2161 vid.
1328 2132 1427 2162 nott.

761 2179 812 2217 ad
831 2181 894 2229 IV,
917 2184 994 2221 131
1018 2193 1107 2232 pag.
1128 2180 1209 2222 508
1223 2209 1234 2228 ,
1270 2182 1338 2218 ubi
1356 2194 1427 2233 pro

761 2238 806 2285 V,
829 2240 892 2279 86
922 2238 999 2289 leg.
1020 2238 1065 2285 V,
1088 2240 1168 2278 80.
1222 2238 1318 2275 Mox
1338 2252 1430 2276 cum

761 2295 983 2332 melioribus
1033 2294 1148 2332 codd.
1190 2296 1331 2332 retinui
1383 2294 1428 2336 τό

762 2350 982 2403 μαντήϊον,
1004 2353 1111 2389 cuius
1131 2352 1217 2389 loco
1240 2352 1344 2404 quod
1365 2354 1429 2390 alii

763 2410 949 2459 praebent
995 2405 1236 2461 χρηστήριον
1262 2438 1272 2456 ,
1326 2409 1368 2447 id
1407 2424 1429 2446 e

760 2466 988 2516 glossemate
1016 2473 1145 2503 ortum
1173 2464 1337 2505 videtur.
1368 2468 1429 2505 Cf.

761 2523 809 2571 11,
835 2522 929 2564 152.

817 2575 1002 2619 Ἀσωποῦ
1028 2577 1210 2632 λέγονται
1235 2578 1428 2632 γενέσθαι

762 2651 797 2675 κ.
808 2651 841 2675 τ.
853 2637 905 2685 L]
919 2635 1070 2673 Eadem
1091 2643 1241 2674 exstant
1261 2634 1427 2674 inscho-

760 2694 819 2730 liis
848 2693 897 2730 ad
924 2692 1037 2731 Piud.
1064 2694 1178 2730 Nem.
1208 2694 1271 2740 IV,
1304 2696 1357 2734 30
1379 2704 1428 2728 ex

761 2750 958 2787 Herodoto
990 2751 1149 2787 forsitan
1174 2749 1302 2787 ducta.
1361 2750 1428 2786 Tu

761 2805 850 2843 add.
869 2809 1006 2857 Heyne
1031 2807 1215 2844 Observv.
1237 2806 1285 2843 ad
1304 2807 1429 2857 Apol-

759 2862 884 2903 lodor.
914 2865 981 2913 111,
1004 2863 1043 2912 5,
1065 2865 1090 2903 6
1112 2864 1149 2908 ξ.
1174 2866 1194 2904 1
1218 2876 1308 2915 pag.
1328 2866 1426 2906 239.
