1815 3181
416 200 499 240 17⁰

810 192 1271 230 HERODOTt

415 309 572 362 „fiala
605 302 736 353 δόξαν
765 302 810 344 δὲ
841 300 986 355 φύσας
1016 298 1264 352 αὐξάνεται·
1310 298 1416 342 ὥστε
1438 300 1674 356 ἐκμεμαθή-

415 385 543 424 „uam
567 370 751 426 μάλιστα
780 369 858 424 μὲν
886 371 930 412 οἱ
958 370 1174 421 περίοικοι
1203 366 1351 410 αὐτῶν
1382 369 1573 411 Βοιωτοὶ
1601 368 1675 411 καὶ

401 439 682 492 ,,Χαλκιδέες,
732 436 840 492 τάχα
887 437 932 480 δέ
981 453 1046 487 τις
1098 437 1171 479 καὶ
1210 435 1338 486 ἄλλος
1386 435 1675 492 ἐκμαθήσεται

386 504 664 562 4,,ἁμαρτιόν.
723 504 817 548 ἐπεί
850 520 894 547 τε
930 504 976 548 δὲ
1017 503 1157 547 ἐκεῖνα
1195 502 1454 559 ποιήσαντες
1490 502 1730 561 offndero-55

357 718 385 760 1,
417 716 511 755 207.
543 735 598 740 —
642 709 804 764 βασιλέα
834 710 918 748 dedi
943 683 1019 762 μό

357 773 540 823 βασιλῆα.

412 858 533 906 δόξαν
555 857 598 898 δὲ
622 853 755 905 φύσας
776 851 1008 907 αὐξάνεται]

354 918 428 962 Qui
448 918 540 953 olim
560 914 598 952 h.
618 916 644 951 l.
664 915 799 950 Latine
830 910 1009 949 reddide-

354 980 443 1010 runt
465 973 571 1009 Valla
601 971 843 1022 (inflatusque
865 970 1009 1019 superbe

344 1029 485 1080 famam
503 1032 610 1077 auget
623 1028 651 1077 )⁷
684 1025 900 1077 Stephanus
929 1026 1007 1075 (at-

353 1100 417 1135 que
450 1085 538 1122 adeo
571 1085 709 1134 superbe
727 1084 878 1134 inflatus
906 1096 1008 1120 suam

349 1143 536 1191 potentiam
569 1145 675 1189 auget
688 1141 723 1190 )‚
763 1141 899 1176 Portus
930 1139 1008 1188 (su-

350 1199 506 1248 perbiam
527 1200 664 1247 spirans
685 1198 808 1234 crescit
821 1196 837 1245 )
852 1225 863 1241 ‚
900 1197 927 1232 ii
946 1197 1007 1233 vi·-

354 1254 491 1291 dentur
537 1251 668 1303 φύσας
713 1254 899 1303 accepisse
937 1266 1006 1304 pro

352 1308 536 1362 φυσήσας
549 1341 558 1358 ,
579 1323 646 1361 per
665 1323 858 1360 syncopen
879 1317 1006 1346 ortum

350 1369 428 1404 sive
448 1381 516 1418 per
533 1365 892 1404 librariisocordiam
911 1368 1007 1404 scri-

352 1447 473 1483 bentis
495 1444 751 1493 oevaag,u11de
771 1452 911 1495 postea,
935 1444 1005 1482 de-

352 1504 425 1539 leta
444 1503 542 1538 linea
562 1515 723 1553 superne
746 1501 859 1539 dueta
886 1504 1005 1539 exsti-

353 1560 438 1595 terit
459 1556 601 1605 φύσας.
660 1560 866 1610 Syncopen
886 1561 1004 1595 meri—

354 1623 390 1652 to
413 1615 584 1652 dubitans
604 1615 850 1652 Valckenaer.
872 1618 1006 1652 conie-

353 1673 402 1708 cit
423 1674 562 1719 φυσῶν
582 1673 642 1708 vel
663 1670 822 1721 φυσέων
842 1671 914 1709 hoc
927 1673 1006 1709 fere

351 1740 482 1764 sensu:
512 1732 657 1774 „crescit
678 1729 839 1778 (virtutis
853 1732 1005 1780 expers)

350 1786 463 1821 ven-his
499 1787 639 1822 iactans
670 1786 839 1834 gloriarm
874 1794 916 1823 ut
944 1785 1006 1823 hic

352 1837 547 1887 ὄόξαυαηα
569 1841 713 1879 dicatur
731 1843 862 1891 gloria,
883 1856 1007 1894 oppo-

350 1898 417 1933 sita
438 1899 487 1951 τῇ
506 1893 659 1952 εὐκλείᾳ
669 1906 705 1935 et
719 1895 853 1954 οἷρετῇ,
868 1901 908 1935 in
922 1901 1006 1950 opi—

351 1955 463 1990 nione
485 1961 633 1991 tannun
664 1957 914 2006 superborum
935 1958 1005 1993 sita

352 2016 389 2046 et
409 2009 502 2046 nihil
522 2012 646 2047 miuus
660 2025 776 2062 quam
796 2026 897 2050 vera.
920 2013 1004 2058 Quo

351 2065 488 2102 eodem
508 2066 585 2103 fere
597 2068 712 2105 modo
721 2069 790 2105 sibi
800 2082 1005 2120 opponun-

354 2129 413 2157 tur
444 2124 574 2161 δοκεῖν
603 2125 715 2162 videri
743 2132 781 2162 et
813 2122 912 2165 εἶναι
935 2140 1006 2164 esse

353 2179 519 2230 itemque
547 2177 589 2219 τὸ
618 2181 748 2220 δοκεῖν
776 2189 813 2218 et
840 2179 946 2222 1631)
968 2191 1005 2220 et

353 2234 454 2285 apud
474 2232 716 2286 philosophos
731 2234 825 2285 δόξα
844 2246 880 2275 et
900 2236 1005 2291 α’λή-

352 2295 467 2338 θεια,
511 2297 551 2327 ut
587 2292 687 2342 apud
717 2294 887 2345 Euripid.
918 2297 1003 2332 An-

353 2345 548 2382 dromach.
593 2351 685 2388 319.
754 2351 851 2387 Hinc
889 2353 1003 2401 igitur

354 2401 391 2439 Ιι.
422 2404 445 2439 Ι.
478 2399 598 2450 δόξαν
626 2402 763 2451 φύσται
793 2408 878 2453 erit,
912 2408 1002 2445 Vat-

352 2457 528 2495 ckenaer.
550 2460 764 2510 interprete,
776 2464 911 2500 inanem
922 2466 1001 2513 glo-

353 2517 441 2552 riam
482 2517 618 2565 spirare
643 2518 701 2552 vel
723 2520 855 2555 iactare
890 2528 1002 2572 atque

352 2573 517 2622 instalum
534 2584 625 2608 υαηιι
643 2575 797 2622 opinione
816 2578 1002 2623 superbire,

353 2635 392 2663 nt
421 2629 457 2663 in
486 2628 634 2664 Platon.
667 2630 789 2666 Alcib.
810 2632 842 2665 11
864 2645 899 2680 p.
928 2632 1002 2673 145

353 2685 395 2719 E.
428 2682 567 2720 Athen.
600 2685 680 2729 XV,
716 2689 769 2726 ‘28
799 2699 837 2736 p-
860 2689 934 2727 681
961 2690 1002 2725 C.

351 2739 440 2775 Mihi
459 2741 558 2776 nullu
591 2740 739 2778 videtur
758 2754 850 2792 opus
873 2756 1004 2779 emen-—

351 2796 514 2833 datione.
573 2797 775 2834 Descendit
799 2799 900 2834 enim
923 2796 1004 2848 φύ-

1069 723 1138 756 σας
1159 723 1180 746 a
1200 722 1295 746 voce
1317 705 1450 757 φύειν,
1482 711 1542 747 cui
1572 723 1730 747 accusa-

1067 768 1164 803 tivus
1187 764 1260 803 h.l.
1281 766 1432 803 additur
1453 766 1590 803 eodem
1609 766 1728 804 modo

1068 836 1144 875 quo
1156 822 1257 873 apud
1268 822 1452 874 Sophocl.
1463 824 1604 861 Electr.
1621 823 1728 864 1490

1067 879 1196 928 (1463
1227 880 1311 930 ΒΓ.)
1353 879 1487 930 Oedip.
1524 881 1607 918 Col.
1645 881 1727 921 838

1067 935 1176 984 (804
1197 937 1262 972 ΒΓ.
1286 935 1368 977 746
1388 935 1558 985 Both.)⁷
1591 936 1725 986 Antig-

1065 994 1145 1032 659
1178 991 1292 1029 Both.
1330 994 1471 1031 Electr.
1503 996 1582 1034 139
1611 990 1726 1030 Both.

1064 1051 1280 1086 invenimus
1295 1046 1415 1099 φύειν
1427 1048 1600 1100 φρένας-ς
1623 1048 1727 1101 quod

1064 1113 1194 1142 tamen
1214 1119 1349 1145 vereor
1358 1114 1400 1144 ut
1409 1107 1641 1156 VVesseLing.
1663 1118 1727 1142 re-

1065 1170 1124 1199 cte
1159 1163 1427 1214 interpretetur
1471 1166 1619 1214 spiritus
1657 1163 1728 1200 sibi

1063 1232 1214 1268 sumere,
1242 1232 1384 1269 augere,
1405 1233 1495 1257 cum
1522 1218 1617 1256 illud
1635 1232 1726 1256 mo·-

1063 1283 1179 1313 nente
1194 1275 1558 1327 Schweighaeusero
1579 1275 1628 1312 ad
1647 1274 1686 1312 h.
1697 1276 1725 1313 l.

1063 1340 1101 1370 et
1129 1333 1349 1370 Diiderlein.
1372 1333 1419 1370 ad
1442 1331 1627 1383 Sophocl.
1647 1332 1722 1369 loc.

1063 1391 1102 1426 in
1134 1389 1228 1429 Oed.
1268 1391 1351 1427 Col.
1388 1389 1473 1439 (ubi
1500 1387 1661 1426 Brunck
1687 1395 1724 1426 et

1061 1445 1231 1486 Lobeck.
1283 1446 1333 1483 ad
1381 1445 1564 1497 Sophocl.
1612 1446 1721 1482 Aiac.

1065 1506 1174 1544 1066
1204 1504 1368 1540 conferri
1393 1504 1532 1551 iubet)
1574 1503 1719 1539 valeat:

1061 1564 1204 1597 mentem
1223 1559 1270 1609 (s.
1280 1558 1540 1612 prudentiam)
1551 1560 1722 1607 nancisci,

1062 1630 1202 1666 sapere,
1245 1618 1296 1653 ita
1328 1624 1370 1654 ut
1397 1616 1615 1654 Herodoteo
1634 1616 1721 1652 loco

1063 1670 1185 1721 δόξαν
1208 1670 1341 1723 φύσας
1362 1669 1572 1721 αὐξάνεται
1601 1672 1721 1723 signi-

1063 1729 1168 1767 ficet:
1214 1729 1356 1780 famam
1392 1734 1518 1768 nactus
1547 1730 1721 1778 augescit,

1062 1787 1140 1824 sive
1154 1787 1320 1838 plenius:
1334 1786 1571 1838 quaefamam
1584 1788 1623 1836 (e
1631 1786 1721 1836 pul-

1062 1845 1110 1880 sis
1129 1843 1318 1894 tyrannis)
1337 1844 1407 1880 sibi
1424 1842 1721 1892 conciliansapud

1063 1903 1190 1937 ceteros
1233 1901 1390 1938 Graecos
1429 1899 1510 1937 inde
1546 1900 1720 1948 augescit,

1061 1960 1273 1994 incrementa
1312 1958 1409 2007 capit
1460 1969 1603 2007 opesque
1635 1968 1721 1993 suas

1062 2018 1170 2064 atque
1203 2015 1395 2063 potentiam
1445 2017 1566 2062 auget.
1643 2014 1722 2049 Nec

1061 2083 1299 2122 quemquam
1336 2070 1468 2106 latebit
1496 2070 1722 2120 ambiguitas

1062 2126 1252 2179 quaedam
1272 2127 1312 2162 in
1332 2139 1427 2163 voce
1451 2121 1568 2173 δόξα,
1605 2138 1722 2176 quam

1062 2196 1182 2235 aeque
1202 2184 1439 2233 interpretari
1449 2183 1537 2219 licet
1551 2181 1598 2218 de
1618 2184 1723 2219 inani

1054 2240 1164 2291 fama
1183 2253 1212 2276 s.
1225 2239 1390 2287 gloriola,
1413 2251 1529 2291 quam
1548 2240 1589 2274 in
1606 2251 1720 2275 suum

1060 2309 1171 2333 usum
1198 2294 1448 2332 Athenienses
1479 2302 1718 2342 convertunt,

1059 2352 1108 2390 ad
1129 2365 1218 2403 opes
1237 2365 1322 2389 suas
1342 2351 1547 2402 augendas.

1116 2408 1157 2448 οἱ
1178 2409 1375 2459 περίοικοι
1392 2403 1527 2447 αὐτῶν
1548 2407 1716 2447 Βοιωτοὶ

1060 2483 1093 2503 κ.
1118 2481 1149 2503 τ.
1171 2466 1230 2514 L]
1272 2461 1405 2504 αὐτῶν
1439 2463 1528 2502 dedi
1552 2476 1621 2515 pro
1643 2459 1717 2502 αὗ-

1059 2521 1172 2562 τέων.
1230 2523 1287 2558 De
1318 2523 1390 2559 loci
1419 2527 1647 2573 argumento
1667 2521 1717 2557 cf.

1059 2579 1103 2620 V,
1125 2580 1191 2618 77.
1229 2579 1359 2616 Verbis
1379 2578 1714 2630 subsequentibus:

1062 2631 1158 2684 τάχα
1179 2633 1221 2673 ὁέ
1241 2650 1298 2682 τις
1310 2634 1378 2674 καὶ
1400 2632 1516 2680 ἄλλος
1535 2629 1716 2683 ἐκμαθή-

1061 2702 1165 2729 σεται
1197 2688 1385 2741 ἁμαρτών
1419 2690 1468 2742 (i.
1499 2703 1533 2727 e.
1555 2690 1714 2740 fortasse

1061 2748 1164 2784 etiam
1186 2748 1280 2785 alius
1301 2751 1378 2798 quis
1398 2761 1432 2785 se
1454 2759 1585 2785 errasse
1610 2746 1713 2783 iutel-

1063 2802 1174 2852 lc'get)
1206 2805 1374 2841 Lacones
1405 2818 1442 2841 se
1480 2804 1576 2855 ipsos
1611 2801 1712 2839 indi-
