1851 3181
426 263 511 303 494

783 260 1292 299 ‘HERODOTI

298 373 364 419 35
421 386 516 425 γας,
548 367 765 420 συνέκοψέ
793 385 837 413 τε
857 369 1000 413 ἐκεῖνα
1027 368 1169 413 πάντα
1200 369 1274 413 καὶ
1303 369 1482 413 διέλυσε.
1539 368 1614 419 Ὡς
1657 368 1694 413 δ’

426 436 801 493 ἐπύθετοΞέρξης,
832 437 955 481 δεινὰ
971 436 1244 492 ποιεύμενος,
1274 436 1351 480 τὸν
1376 435 1697 492 Ἑλλήσποντον
1709 445 1753 478 90

428 506 594 550 ἐκέλευε
630 505 882 562 τριηκοσίας
922 505 1147 550 ἐπικέσθαι
1201 504 1377 561 μάστιγι
1423 504 1589 561 πληγάς
1625 507 1699 549 καὶ

94 439 224 472 Xerxes,
240 438 282 473 [si
292 438 368 466 fides

94 473 238 501 habenda
270 473 368 500 Grae-

94 508 161 535 ciae
174 506 336 541 mendaci]

94 541 125 568 in
136 540 370 576 Hellespontum

94 575 218 607 stolide,
234 574 265 600 in
284 582 371 608 prae—

94 608 191 635 fectos
210 608 332 635 fabrum

95 643 263 704 guipdeliter
272 650 341 670 eae-

374 716 442 768 qui
462 714 576 751 decem
596 711 718 750 stadia
743 712 1037 764 Hellespontum

373 785 478 810 nunc
497 772 621 808 latum
649 782 728 806 esse
748 770 876 810 sumit,

572 860 664 911 Cap.
687 860 851 899 XXXV.

431 938 543 980 δεινοὶ
563 935 832 990 ποιεύμενος]
854 941 912 975 De
928 938 1038 975 locu-

374 1000 478 1036 tione
518 997 620 1034 conf.
655 1003 753 1033 nott.
793 995 842 1033 ad
874 997 940 1039 111,
972 994 1037 1035 14.

376 1054 476 1093 Add.
507 1055 590 1101 Vll,
613 1058 651 1093 1.
670 1054 771 1100 VIII,
795 1056 861 1093 16.
886 1052 949 1092 15.
971 1053 1037 1091 93.

373 1114 469 1149 Mox
502 1123 592 1148 cum
622 1108 844 1160 Schweigh.
864 1115 901 1145 et
922 1107 1039 1145 Gaisf.

375 1168 466 1207 dedi
484 1166 646 1214 ἐκέλευε,
666 1175 709 1204 ut
720 1167 961 1204 Florentinus
983 1166 1041 1201 al-

374 1233 509 1277 terque
529 1225 722 1261 Parisinus
755 1222 879 1260 codex
898 1235 1041 1272 sugge-

375 1283 495 1330 rebat,
507 1294 575 1332 pro
587 1280 691 1320 ἐκέλε
703 1296 727 1319 υ
739 1292 761 1320 σ
771 1295 800 1328 ε,
814 1278 919 1332 quod
932 1278 1040 1315 Bek-

375 1338 448 1376 ker
475 1339 644 1375 retinuit.

408 1393 646 1435 ’ἐπικέσθαι
676 1390 834 1445 μα’στιγι
867 1388 1039 1444 πληγὰς]

375 1454 452 1489 Pro
501 1449 713 1491 ἐπικέσθαι
762 1451 840 1500 legi
886 1462 1042 1500 quoque

376 1522 485 1561 posse
540 1506 771 1547 ἐπικέεσθαι
812 1506 1041 1557 Sylburgius

377 1571 627 1603 annotaverat
638 1563 687 1600 ad
702 1565 868 1601 Brisson.
890 1564 948 1599 De
960 1575 1040 1613 reg.

325 1660 329 1661 ι
376 1625 483 1661 Pers.
505 1622 666 1672 princip.
687 1622 735 1669 II⁷
756 1623 810 1660 73
831 1632 920 1670 pag.
940 1619 1042 1667 7533

377 1677 595 1720 ἐπιθέσθαι
604 1678 791 1714 maluerat
802 1678 936 1713 Pauw.
950 1677 1042 1713 Val—

376 1737 425 1783 la,
467 1749 584 1788 quem
622 1735 760 1786 reliqui
798 1734 919 1770 secuti
955 1740 1042 1770 suut

378 1793 554 1839 editores,
574 1793 709 1828 Latine
721 1789 883 1827 reddidit
895 1792 931 1826 in
928 1791 1022 1840 fligi
1031 1802 1042 1837 r,

378 1849 428 1887 ad
458 1862 613 1886 sensum
648 1847 806 1900 quidem
844 1853 958 1894 recte,
999 1853 1043 1883 ut

378 1907 441 1943 alii
468 1907 544 1943 1001
571 1906 652 1953 vn,
685 1904 737 1945 54
768 1912 805 1941 et
838 1905 1042 1951 w11,109

378 1963 465 2014 (ubi
477 1964 721 2014 μαστιγῶσαι
730 1957 1043 2012 τόνἙλλήσπον-

377 2020 467 2070 τον)
507 2025 735 2056 monstrant.
803 2019 855 2055 At
908 2029 1043 2054 vereor

379 2075 561 2128 equidem
589 2086 846 2126 magnopere,
882 2080 925 2110 ut
953 2073 1044 2122 ἐφι-

379 2133 526 2172 κέσθαι
565 2132 729 2169 eandem
765 2130 1044 2182 perstringendi,

379 2203 411 2227 s.
445 2190 665 2239 percutiendi
683 2187 823 2225 habeat
850 2188 1043 2238 significa-

380 2247 527 2284 tionem
550 2253 664 2297 atque
696 2246 859 2282 verbum
879 2242 1046 2282 καθικέ-

382 2306 501 2350 σθαι,
539 2315 667 2353 neque
697 2300 773 2338 huc
806 2299 905 2337 trahi
934 2313 1044 2350 posse

380 2358 537 2397 credam
546 2359 715 2395 Platonis
726 2359 855 2394 locum
874 2358 914 2393 in
927 2358 1043 2406 Hipp.

381 2416 472 2452 mai.
493 2429 532 2466 p.
554 2417 637 2455 292
656 2415 704 2452 A.
734 2427 861 2465 neque
886 2413 1045 2449 Homeri

380 2473 610 2509 versiculum
648 2471 693 2507 Il.
722 2471 767 2518 V,
796 2468 892 2510 748.
949 2467 1045 2505 Mihi

381 2529 529 2566 facilior
585 2526 736 2565 videtur
779 2525 1045 2563 Valckenaerii

383 2586 491 2633 ratio,
522 2584 764 2636 explicantis:
795 2581 860 2622 ἐπὶ
876 2579 943 2621 τὸν
958 2581 1045 2621 Ἑλ-

382 2637 609 2693 λήσποντον
657 2639 833 2680 ἐκέλευσε
882 2653 1044 2690 τριηκο-

383 2698 473 2746 σίας
498 2696 658 2737 ἱκέσθαι
688 2692 844 2748 μοὶστιγι
875 2692 1042 2747 πληγάς.

384 2756 435 2792 Et
465 2755 597 2791 confer
618 2755 665 2791 sis
686 2766 798 2804 supra
820 2753 900 2800 VII,
923 2754 968 2792 9:
1003 2752 1043 2799 ἐς

383 2808 432 2850 τὰ
453 2808 552 2850 ἄλλα
579 2809 703 2863 λέγων
728 2809 861 2850 ἐπίκεο
892 2804 1042 2860 οἷληθέ-

385 2879 526 2908 σταται
557 2879 708 2906 sermone
736 2870 797 2904 tuo
825 2878 943 2904 verum
973 2879 1041 2904 acu

1093 713 1259 760 tetigisti.
1274 733 1331 740 --
1387 712 1518 762 Ipsum
1545 725 1634 749 vero
1655 713 1757 748 Xer-

1092 769 1151 805 xis
1172 768 1336 816 facinus,
1360 782 1436 820 quo
1457 770 1572 806 iratus
1592 770 1631 805 in
1651 781 1757 805 mare

1094 826 1268 862 saeviisse
1282 825 1400 861 fertur
1418 825 1574 876 flagellis
1596 833 1632 862 et
1652 838 1758 862 com-

1095 880 1254 932 pedibus
1275 881 1465 929 demissis,
1496 883 1622 933 plures
1650 888 1760 919 vete-

1095 951 1184 975 rum
1216 946 1568 976 commemorarunt
1599 952 1621 975 a
1653 939 1760 975 Bris—

1095 996 1204 1032 sonio
1233 997 1293 1032 De
1333 1008 1415 1046 reg.
1445 996 1567 1034 Perss.
1596 996 1759 1046 princip.

1094 1053 1162 1100 ΙΙΙ,
1183 1054 1236 1093 73
1270 1053 1393 1089 acciti.
1452 1052 1564 1098 Quod
1591 1065 1613 1089 a
1639 1053 1761 1089 Grae-

1097 1109 1149 1145 cis
1189 1108 1397 1146 confictum
1431 1122 1511 1146 esse
1551 1110 1761 1160 suspicatur

1096 1164 1346 1202 Valckenaer.
1387 1179 1478 1203 omn
1517 1167 1676 1203 Stanlei.
1712 1165 1761 1202 ad

1096 1221 1276 1273 Aeschyl.
1305 1224 1428 1259 Perss.
1459 1222 1554 1270 752,
1581 1235 1673 1259 cum
1704 1224 1762 1259 ira

1097 1280 1196 1328 regis
1217 1280 1265 1316 ob
1291 1286 1452 1330 pontem
1469 1279 1704 1330 tempestatis
1722 1280 1762 1316 vi

1098 1335 1299 1372 disiectum
1347 1335 1604 1387 Aeschylique
1643 1335 1763 1374 verba

1097 1391 1258 1429 Athenis
1290 1391 1489 1429 decantata
1515 1393 1668 1429 facilem
1699 1392 1762 1430 fa—

1098 1449 1211 1485 bulae
1245 1448 1449 1500 fingendae
1480 1462 1612 1486 ansam
1648 1450 1762 1499 inge-

1098 1507 1170 1542 niis
1190 1507 1326 1543 Atticis
1355 1507 1539 1557 praebere
1567 1507 1763 1557 potuerint

1098 1563 1298 1614 multaque
1309 1564 1468 1600 omnino
1481 1562 1528 1600 de
1537 1564 1659 1600 Persis
1668 1563 1764 1599 falsa

1099 1632 1121 1656 a
1152 1620 1305 1657 Graecis
1335 1634 1393 1657 res
1419 1633 1504 1657 suas
1523 1620 1763 1670 amplifican-

1098 1677 1198 1713 tibus
1218 1676 1356 1713 tradita
1386 1690 1466 1714 esse
1486 1684 1645 1714 constet.
1682 1678 1762 1713 Neo
1804 1718 1809 1725 .

1100 1733 1208 1769 aliter
1237 1734 1317 1770 fere
1349 1732 1396 1770 de
1423 1732 1482 1770 his
1510 1735 1639 1770 statuit
1665 1734 1765 1769 Lar-

1100 1788 1248 1826 cherus.
1270 1789 1333 1827 Ad
1352 1790 1497 1826 fabulas
1508 1789 1642 1826 itidem
1652 1787 1762 1837 haec,

1101 1859 1199 1898 quae
1228 1846 1276 1883 de
1306 1848 1449 1884 catenis
1469 1847 1567 1883 mari
1586 1846 1764 1883 immissis

1099 1910 1320 1952 narrantur,
1370 1903 1488 1940 relata
1526 1904 1610 1940 vult
1627 1904 1765 1939 Blom-

1099 1959 1202 1996 field.
1242 1961 1282 1996 in
1331 1961 1453 1997 Gloss.
1492 1958 1541 1996 ad
1581 1958 1762 2011 Aeschyl.

1098 2018 1204 2054 Pers.
1247 2018 1342 2057 728.
1404 2018 1462 2053 Ac
1496 2030 1633 2053 verum
1670 2029 1762 2054 saue

1100 2081 1177 2120 est,
1214 2072 1311 2109 nihil
1341 2072 1529 2110 eiusmodi
1554 2075 1596 2110 in
1617 2074 1763 2110 Ctesiae

1102 2131 1290 2180 excerptis
1309 2130 1492 2167 traditum
1504 2137 1674 2178 exstare3
1693 2142 1763 2166 ne·-

1101 2200 1176 2238 que
1195 2194 1326 2224 tamen
1353 2187 1440 2224 ideo
1462 2199 1620 2223 omnem
1638 2188 1765 2223 Hero-

1101 2243 1183 2280 doti
1213 2245 1472 2280 narrationem
1500 2242 1681 2294 equidem
1700 2256 1765 2279 re—

1099 2301 1254 2337 iecerim
1265 2306 1305 2336 ut
1320 2313 1471 2350 prorsus
1490 2299 1632 2348 fictam,
1646 2312 1764 2352 quam

1101 2357 1217 2393 etiam
1247 2358 1401 2393 orientis
1420 2369 1556 2406 regum
1587 2357 1701 2394 fastui
1719 2368 1764 2394 ao

1100 2413 1297 2462 superbiae
1309 2412 1420 2450 valde
1442 2425 1653 2464 congruere
1676 2413 1764 2465 qui-

1099 2471 1155 2506 vis
1175 2469 1371 2509 concedet.
1402 2471 1509 2506 Bene
1528 2483 1682 2522 quoque
1699 2470 1763 2506 in-

1100 2533 1157 2562 ter
1194 2527 1266 2562 alia
1302 2528 1476 2564 observat
1501 2528 1634 2577 Bring.
1666 2524 1762 2576 (Hi-

1099 2583 1246 2620 storicc.
1288 2584 1329 2620 in
1379 2582 1536 2621 difficili,
1578 2581 1762 2620 Herodoti

1099 2640 1195 2676 locc.
1225 2639 1462 2677 adnotamm.
1492 2639 1659 2677 Londini
1678 2639 1761 2675 Go-

1098 2695 1254 2733 thorum
1275 2696 1423 2746 (1829)
1451 2697 1502 2733 IV
1518 2710 1556 2747 p.
1588 2697 1642 2736 29
1659 2693 1759 2745 seq.)

1099 2753 1146 2789 de
1166 2754 1296 2789 Xerxe
1317 2754 1606 2804 Hellespontum
1621 2757 1659 2788 et
1673 2763 1761 2788 ver-

1097 2810 1154 2846 bis
1181 2817 1219 2847 et
1237 2810 1454 2846 verberibus
1476 2809 1667 2860 puniente,
1679 2819 1760 2844 non

1097 2873 1141 2904 ut
1173 2864 1220 2904 de
1249 2865 1407 2904 homine
1428 2866 1587 2913 Graeco,
1615 2862 1683 2901 sed
1716 2870 1760 2901 ut
