1815 3181
68 366 99 392 iu
117 365 249 393 insulam

69 398 176 427 Chium
213 397 333 435 aufugit

66 1035 215 1071 leuesque
232 1043 322 1071 aegre

67 1069 220 1104 ferenteQ
242 1070 321 1104 quod

68 1089 221 1137 Aristagor
223 1111 270 1130 am
287 1103 324 1130 ad

66 1136 275 1165 rebellandum
295 1137 340 1164 iu-

64 1175 103 1231 32¹
96 1170 306 1244 5?*1⁵‚⁸r³0¹i221{÷⁵'
276 1204 308 1231 ·n

65 1237 148 1265 illius
171 1237 290 1265 consilii

65 1279 121 1298 cau
105 1279 158 1297 usa
178 1274 340 1307 praetexta

66 1305 176 1341 placat.

397 190 482 231 232

317 302 348 346 2
405 309 538 350 ,,σατο
568 296 614 340 δὲ
638 293 980 350 Ἀρισταγόρης.“

790 187 1251 225 HERODOTI

1014 293 1308 353 Ἀρταφέρνης
1345 297 1423 352 μὲν
1454 300 1590 340 ταῦτα
1618 296 1660 349 ἐς
1715 304 1796 347 440

400 365 480 421 τήν
507 363 747 408 ἀπόστασιν
775 362 927 417 ἔχοντα
957 360 1059 405 εἷπε.

1113 362 1309 415 Ἱστιαῖος
1340 364 1397 418 δὲ,
1427 366 1570 415 δείσας
1599 365 1658 417 ὠς
1671 372 1715 407 16

399 431 601 476 συνιέντα
615 427 925 486 Ἀρταφέρνεα,
955 428 1043 473 ’ὑπὸ
1073 430 1152 488 τὴν
1180 431 1357 488 πρώτην
1386 433 1659 476 ἐπελθοῦσαν

398 497 536 543 νύκτα
566 496 731 553 α’πέδρη
763 497 831 541 ἐπὶ
859 496 1113 552 θάλασσαν,
1143 500 1324 556 βασιλέα
1352 504 1544 554 Δαρεῖον
1570 499 1663 556 ἐξη·

397 562 614 621 πατηκῶς·
657 563 704 615 ὃς
743 563 905 618 Σαρδώ
935 569 1073 622 νῆσον
1109 566 1190 624 τήν
1219 567 1423 622 μεγίστην
1451 567 1660 621 ὑποδεξά-

399 649 527 690 μενος
554 626 929 688 κατεργάσασθαι,
958 631 1150 689 ’ὑπέδυνε
1178 638 1266 677 τῶν
1280 632 1439 677 Ἰώνων
1465 634 1545 691 τήν
1571 634 1716 692 ἦγε-20

368 701 554 757 Ξμονίην
590 702 670 742 τοῦ
705 699 814 753 πρὸς
843 705 1037 757 Δαρεῖον
1074 702 1284 756 πολέμου.
1342 702 1496 759 διαβὰς
1532 702 1579 747 δὲ
1617 703 1660 755 ἐς

399 768 529 820 Χίον,
559 766 689 822 ἐδέθη
717 764 804 811 ὑπὸ
836 770 981 823 Χίων,
1025 769 1347 826 καταγνωσθεὶς
1374 768 1486 824 πρὸς
1514 768 1661 814 αὐτῶν

397 833 585 889 νεώτερα
613 832 825 889 πρήσσειν
854 835 1084 894 πρήγματα
1106 839 1148 891 ἐς
1171 835 1358 889 ἑωυτοὺς
1381 836 1429 881 ἐκ
1446 839 1658 892 Δαρείου.

369 909 390 943 3
400 901 616 958 μαθόντες
646 900 793 958 μέντοι
823 905 867 947 οἷ
895 908 998 948 Χῖοι
1025 904 1105 949 τὸν
1133 905 1274 949 πάντα
1301 904 1458 961 λόγον,
1489 903 1549 957 ὥς
1576 921 1659 950 πο-

308 973 338 1017 3
396 969 543 1024 λέμιος
574 970 638 1025 εἰἠ
669 970 858 1025 βασιλέϊ,
886 971 1046 1016 ἔλυσαν
1075 972 1220 1018 αὐτόν.
1271 971 1492 1018 Ἐνθαῦτα
1521 972 1574 1030 δὴ
1605 975 1659 1017 εἰ·

396 1037 670 1093 ρωτεώμενος
703 1037 793 1083 ὑπὸ
823 1042 913 1082 τῶν
940 1038 1096 1084 Ἰώνων
1124 1040 1149 1085 ὁ
1174 1039 1395 1092 Ἱστιαῖος,
1432 1039 1529 1085 κατ’
1561 1040 1588 1085 ὅ
1615 1048 1714 1085 τι25

398 1106 640 1161 προθύμως
680 1104 795 1150 οὕτω
835 1106 1043 1153 ἐπέστειλε
1080 1112 1142 1168 τῷ
1169 1106 1444 1166 Ἀρισταγόρῃ
1483 1107 1659 1153 ἅπίστα·

399 1177 503 1216 σθαι
532 1169 618 1217 ‹inc›
647 1174 873 1230 βασιλέος,
909 1177 983 1221 καὶ
1011 1176 1150 1221 κακὸν
1177 1180 1391 1221 τοσοῦτον
1420 1178 1484 1233 ε’ίη
1502 1176 1659 1229 Ἴωνας

395 1239 728 1296 ἐξεργασμένος,
778 1243 859 1300 τὴν
907 1244 987 1302 μὲν
1025 1244 1263 1302 γενομένην
1305 1241 1477 1289 αὐτοῖσι
1517 1245 1659 1301 αἰτίην

397 1306 452 1351 οὐ
482 1307 600 1363 μάλα
641 1310 862 1367 ἐξέφαινε,
908 1311 932 1356 ὁ
967 1313 1012 1358 δὲ
1042 1312 1156 1369 ἔλεγέ
1186 1324 1288 1369 σφι,
1337 1310 1397 1364 ὥς
1426 1311 1659 1368 ,βασιλεύς

337 1495 419 1532 vult
438 1496 590 1534 Notioes
603 1502 639 1533 et
647 1497 812 1535 Extraits
832 1496 897 1535 des
911 1499 998 1536 Ma-

336 1553 523 1603 nuscripts
545 1551 593 1589 de
610 1553 649 1590 la
668 1553 847 1594 Biblioth.
863 1554 915 1592 du
926 1556 998 1592 Roi

336 1608 460 1657 (Paris
482 1609 617 1660 1827)
648 1611 698 1647 T.
718 1612 775 1647 XI
794 1624 883 1662 pag.
907 1614 997 1653 109.

584 1710 677 1762 Cap.
700 1713 748 1749 ΙΙ.

390 1773 470 1815 ’ὑπὸ
491 1773 628 1827 τήν-
643 1775 786 1829 νύκτα]
809 1781 994 1818 Locutio-

335 1845 425 1869 nem
454 1834 560 1884 attigi
587 1833 635 1871 ad
664 1836 707 1882 V,
734 1840 828 1877 101.
900 1839 994 1874 Mox

336 1888 424 1926 dedi
443 1889 604 1939 βασιλέα
623 1905 692 1942 pro
714 1893 888 1944 βασιλῆα
902 1895 993 1931 utin

335 1958 414 1997 seq.
450 1959 533 1997 cap.
577 1947 759 1997 βασιλέος
787 1963 856 1999 pro
877 1950 995 2001 βασι-

336 2004 433 2051 λῆος
453 2008 490 2038 et
511 1998 642 2042 αὐτων
659 2018 728 2055 pro
752 2001 916 2046 αὐτέων.
937 2009 996 2044 De

340 2056 513 2094 Sardinia
533 2059 656 2097 insula
675 2060 752 2100 vid.
774 2070 872 2102 nott.
890 2063 994 2112 adv,

339 2115 430 2153 106
460 2115 535 2151 Pro
555 2113 874 2180 κατεργασασθαι
898 2133 997 2158 unus

336 2168 431 2204 liber
459 2184 551 2209 κατε
534 2166 783 2223 εργασεσθαι.
842 2177 894 2213 At
916 2176 995 2214 vid.

337 2231 432 2261 nott.
454 2225 501 2261 ad
521 2227 575 2271 ΙΙ,
604 2226 671 2267 24.

393 2278 565 2320 υπὲδυνε
606 2286 686 2322 τῶν
722 2280 876 2326 Ἰώνων
913 2284 996 2353 ..τὴν

338 2334 606 2388 ηγεμονίανκ.
630 2354 661 2376 τ.
684 2342 747 2389 λ.]
786 2343 812 2381 i.
845 2357 878 2380 e.
904 2346 996 2381 insi-

337 2395 461 2429 nuamt
483 2405 518 2430 se
535 2407 564 2430 s.
578 2399 728 2446 suscepzt
746 2396 867 2436 Ionum
888 2412 994 2451 tmpe-

337 2450 429 2485 rium
446 2450 484 2486 in
505 2448 592 2486 bello
612 2463 688 2488 cum
707 2451 821 2491 Dario
829 2457 995 2503 gerendo.

338 2505 410 2541 Ubi
431 2503 590 2555 duplicis
625 2508 780 2556 genitivi
809 2513 994 2549 rationem

337 2560 504 2610 expediit
534 2561 666 2599 Matth.
704 2565 767 2602 Gr.
800 2567 863 2602 Gr.
907 2581 995 2619 pag.

338 2619 433 2657 699-
458 2616 529 2655 Cr.
559 2617 663 2655 addit
683 2618 751 2657 Ast
771 2620 819 2657 ad
846 2623 994 2661 Platon.

337 2674 517 2723 Re1np.1,
539 2677 563 2715 3
585 2687 673 2725 pag.
697 2677 791 2717 329.
830 2676 892 2714 Ad
912 2679 993 2715 for—

337 2729 483 2765 mulam
512 2727 683 2781 νεώτερα
712 2727 905 2784 πρήσσειν
945 2736 991 2772 cf.

338 2792 433 2822 nott.
455 2784 502 2823 ad
525 2785 570 2833 V,
593 2789 661 2828 93.

1033 1618 1092 1648 „et
1112 1610 1230 1648 Gaisf.
1250 1608 1339 1648 dedi
1358 1623 1427 1660 pro
1443 1605 1587 1650 κατότι.

1291 1496 1384 1547 Cap.
1407 1498 1461 1533 III

1109 1547 1191 1594 κατ’
1211 1549 1233 1593 ’ὅ
1246 1554 1301 1602 τι]
1315 1556 1371 1590 Ita
1383 1567 1472 1591 cum
1492 1551 1712 1604 Schweigh.

1648 1611 1714 1647 Tu

1053 1668 1154 1708 conf.
1175 1667 1314 1704 Struve
1335 1667 1449 1717 Spec.
1463 1667 1614 1712 Quaest.
1634 1668 1653 1704 Ι
1671 1680 1712 1717 Ρ.

1053 1723 1120 1765 47.
1177 1722 1288 1760 Idem
1306 1723 1381 1760 feci
1394 1724 1476 1771 vn,
1498 1726 1538 1770 2,
1564 1724 1632 1759 ubi
1651 1723 1714 1760 vel

1051 1779 1285 1818 Gaisfordius
1325 1780 1534 1816 retinuerat
1563 1775 1713 1826 κατότι,

1049 1835 1281 1874 mutandum
1300 1837 1342 1872 in
1361 1832 1454 1875 κατ’
1473 1832 1496 1875 ὅ
1516 1850 1567 1875 τι.
1604 1834 1716 1872 Bek-

1049 1893 1135 1931 ker.
1157 1905 1310 1945 quoque
1330 1899 1433 1930 recte
1458 1891 1564 1929 dedit
1583 1887 1665 1931 κατ’
1689 1887 1715 1931 ὅ

1052 1965 1102 1989 τι.
1160 1948 1274 1995 Quod
1311 1951 1482 2001 sequitur
1527 1945 1632 1988 οὕτω
1661 1949 1716 1986 ita

1052 2007 1306 2058 postpositum
1354 2006 1626 2044 illustravimus
1664 2003 1714 2042 ad

1052 2061 1244 2101 Plutarch.
1265 2061 1508 2114 Philopoem.
1537 2075 1625 2113 pag.
1643 2063 1712 2102 48.

1051 2120 1119 2160 49.
1171 2119 1281 2156 Oouf.
1312 2119 1452 2156 Herod.
1484 2119 1565 2166 VII,
1602 2120 1711 2159 206:

1053 2173 1187 2216 οὔκων
1225 2174 1430 2221 δοκέοντες
1470 2172 1570 2214 κατὰ
1596 2170 1713 2225 τάχος

1052 2228 1156 2272 οὕτω
1177 2228 1530 2282 διακριθήσεσθαι.

1109 2283 1184 2338 τήν
1207 2285 1278 2337 μὲν
1305 2286 1524 2338 γενομένην
1545 2302 1583 2326 κ.
1598 2301 1632 2325 τ
1650 2287 1710 2336 λ.]

1052 2342 1362 2410 Codd.qu1dam
1393 2340 1468 2394 τὴν
1503 2342 1575 2394 μέν
1617 2357 1712 2382 νυν

1051 2399 1104 2440 ἐν
1125 2395 1334 2439 αὐτοῖσι
1355 2414 1437 2452 γεν.
1467 2412 1587 2438 veram
1614 2399 1712 2449 apud

1050 2458 1142 2507 ipsos
1160 2469 1305 2495 causam
1322 2470 1392 2494 non
1409 2458 1562 2506 aperuit,
1593 2457 1709 2504 ut111‚

1050 2512 1117 2553 65.
1147 2514 1265 2551 τοῦτο
1302 2511 1342 2558 ἐς
1365 2511 1489 2564 νμέας
1523 2511 1708 2566 ἕκφῇναι.

1054 2591 1105 2596 —
1128 2570 1233 2616 „Nec
1264 2570 1405 2620 recipio
1426 2575 1572 2606 tamen.
1594 2567 1709 2616 Ordo,

1051 2632 1092 2661 ut
1118 2626 1375 2676 saepiuscule,
1409 2625 1593 2662 turbatior
1612 2637 1710 2662 cou-

1049 2681 1169 2729 sult03
1215 2682 1346 2719 iuncta
1374 2682 1495 2720 voluit
1523 2676 1573 2720 οὕ
1605 2676 1710 2732 μάλα

1048 2735 1232 2786 ἐξέφαινε
1249 2733 1414 2778 αὐτοῖσι.
1453 2738 1610 2774 Histiaei
1638 2749 1710 2773 au-

1049 2798 1127 2829 tem
1144 2792 1191 2830 de
1201 2796 1341 2831 Ionum
1353 2796 1594 2848 μετοικισμῷ
1605 2806 1709 2831 com-
