1851 3181
465 196 549 236 616
869 195 1328 233 HERODOTI

136 302 405 370 gifflffii'ffliff'
466 302 643 356 Πόλιος,
671 301 745 345 καὶ
776 303 926 358 Αἰγῆς,
956 302 1029 346 καὶ
1054 302 1277 371 Θξράμβω,
1306 304 1378 348 καὶ
1400 303 1621 361 Σκιώνης,
1651 305 1726 348 καὶ

134 370 325 431 ξζξζζξέξξῑζ
350 371 406 399 Αθ·
463 371 663 425 Μένδης,
709 369 782 413 καὶ
821 369 986 427 Σάνης.
1051 371 1182 414 αὑται
1216 372 1297 427 γάρ
1338 373 1420 416 εἰσι
1459 373 1505 415 αἱ
1531 371 1613 428 τήν
1641 375 1781 415 νῦν85

151 437 404 498 τιτῆρεέἳξῧέξιιει-
464 436 714 493 Παλλήνην,
737 437 954 493 πρότερον
987 437 1033 482 δὲ
1069 438 1265 495 Φλέγρην
1293 439 1569 496 καλεομένην,
1590 437 1726 494 νεμό-

161 504 308 567 &alx-2122]
308 505 406 568 1232?
463 522 602 562 μεναι.
663 507 938 560 Παραπλέων
960 507 1096 550 δὲκαὶ
1126 504 1289 563 ταύτην
1316 506 1400 563 τὴν
1414 506 1573 563 χώρην,
1607 506 1727 550 ἔπλεε

164 580 180 599 e

466 574 510 623 ἐς
538 571 586 617 τό
617 572 943 630 προειρημένον,
972 574 1328 632 παραλαμβάνων
1349 573 1552 630 στρατιὴν
1581 574 1655 619 καὶ
1680 574 1728 618 ἐκ

409 771 525 807 lenen
544 770 781 819 referuntur3
808 784 908 823 quae
929 770 1070 823 oppida

411 839 533 879 quum
553 840 573 863 a
593 828 740 864 serioriS
768 830 897 866 aetatis
909 831 1070 880 scripto-

410 885 513 920 ribus
523 897 602 920 non
621 890 1072 933 cominemorentur‚cre-

413 939 527 977 dibile
565 940 608 977 fit
637 942 818 979 interiisse
849 941 1072 980 Cassandria

412 996 622 1044 exstructa,
653 1010 752 1049 quae
779 999 933 1036 illorum
961 1001 1072 1037 inco-

412 1054 466 1091 las
488 1055 720 1092 assumserit.

471 1107 693 1163 Θεράμβω]
745 1112 810 1148 Ita‘
822 1110 934 1149 codd.
947 1113 1074 1148 Hero-

414 1166 514 1214 doti,
550 1180 572 1204 a
602 1169 738 1219 quibus
772 1167 965 1206 discedere
993 1182 1073 1205 non

413 1225 548 1260 ausim.
589 1225 867 1275 Wesseliugius
887 1225 982 1262 illud
1002 1224 1073 1262 de-

412 1281 509 1317 rivat
529 1293 578 1316 ex
608 1279 843 1333 Θεράμβεωτ,
871 1281 967 1319 mihi
985 1295 1074 1318 ma-

413 1337 471 1387 gis
499 1337 665 1386 placeret
690 1333 916 1389 Θεράμβου.
956 1337 1073 1389 Apud

414 1391 549 1443 Steph.
569 1394 664 1444 Byz.
682 1401 736 1430 est
748 1392 946 1446 Θροῖμβος,
969 1393 1073 1446 quod

413 1448 517 1486 idem
537 1451 578 1485 iu
599 1450 749 1501 Scylac.
770 1452 795 1488 l.
818 1452 844 1488 l.
864 1453 1074 1502 repositum

415 1518 439 1542 a
462 1506 618 1553 vossio,
650 1508 715 1558 qui
746 1509 860 1544 etiam
888 1509 928 1543 in
948 1510 1072 1545 Hero-

416 1561 505 1599 doto
549 1564 693 1599 restitui
735 1565 817 1600 vult
868 1560 1072 1615 Θροῖμβου,

415 1619 488 1655 nisi
513 1620 620 1656 malis
641 1621 856 1671 Θραμβοῦς
868 1634 958 1657 cum
976 1622 1075 1657 Hol-

414 1682 509 1712 sten.
521 1675 568 1712 ad
579 1674 713 1726 steph.
724 1677 832 1728 Byz.,
845 1676 947 1728 apud
958 1690 1075 1728 quem

414 1745 454 1782 p.
482 1731 558 1771 401
586 1729 786 1783 Θροῖμβος·
825 1731 1076 1785 ἀκρωτήριον

418 1788 694 1838 Μακεδονίης.
714 1791 813 1826 Hinc
823 1789 1076 1841 PoppoThu-

417 1843 503 1896 cyd.
523 1845 553 1892 I,
575 1847 599 1884 2
620 1858 708 1895 pag.
729 1844 810 1886 374
845 1860 893 1883 ex
912 1845 952 1884 h.
972 1847 998 1883 l.
1020 1848 1076 1884 ci-

416 1908 471 1937 tat
513 1902 760 1953 Θεραμβοῦς.
824 1902 952 1940 Scione
973 1905 1075 1950 urbs,

420 1956 469 1993 ad
491 1969 598 1993 oram
619 1959 842 1995 orientalem
856 1961 943 2005 sita,
965 1967 1008 1997 ut
1019 1962 1074 1997 vi-

419 2013 528 2050 detur
565 2015 766 2051 Mannerto
803 2015 874 2053 VII
911 2030 950 2067 p.
982 2015 1076 2065 465,

418 2070 583 2107 crebrius
613 2085 681 2122 per
709 2072 800 2108 belli
830 2073 1078 2124 Peloponne-

418 2128 507 2163 siaci
525 2128 624 2164 vices
637 2136 971 2177 commemoratur,
991 2142 1078 2166 ma-

419 2184 600 2233 ximeque
622 2185 823 2222 eminuisse
844 2185 995 2223 videtur
1014 2188 1078 2222 iu-

420 2246 477 2276 ter
493 2240 665 2276 Pallenes
685 2241 811 2278 urbes.
859 2242 945 2279 Vid.
967 2241 1077 2279 Thu-

422 2293 549 2346 cydid.
597 2296 660 2342 IV,
712 2299 790 2336 120
842 2295 934 2346 (ubi
989 2300 1076 2334 reli-

422 2363 587 2403 quorum
615 2352 841 2402 scriptorum
860 2355 1076 2391 testimonia

422 2408 545 2444 attulit
576 2406 780 2455 Dukerus)
820 2407 871 2454 V,
905 2412 968 2450 18.
1009 2413 1075 2450 32.

420 2462 536 2515 Apud
554 2463 697 2501 Herod.
717 2463 822 2510 V111,
847 2467 924 2506 128
945 2468 1078 2504 Σκιω-

421 2535 542 2559 ναιοι.

480 2575 664 2627 Μένδης]
686 2575 842 2620 Merula,
870 2589 987 2628 quam
999 2589 1076 2613 non

423 2634 555 2683 procul
575 2634 621 2670 ab
646 2635 726 2683 ipso
746 2631 885 2670 isthmo
906 2634 1074 2684 urbeque

422 2688 603 2726 Potidaea
622 2691 734 2726 sitam
762 2702 841 2726 esse
862 2703 909 2725 ex
930 2702 973 2725 eo
995 2691 1076 2726 col—

421 2744 656 2797 ligam,quod
665 2747 896 2793 Liv.XXXI,
909 2745 960 2785 45
971 2744 1021 2782 M
1019 2759 1077 2782 en-

423 2801 511 2850 de'n,
562 2803 797 2839 maritimum
827 2801 1078 2840 Cassandreae

1125 772 1254 810 vicum
1271 777 1479 819 memorat,
1509 770 1786 808 Eretriensium

1125 829 1196 866 fuit
1217 830 1378 876 colonia,
1399 841 1496 881 quae
1516 828 1563 864 ab
1585 828 1664 864 aliis
1685 840 1785 879 quo-

1127 899 1202 937 que
1236 883 1385 936 Me'vffrq
1415 885 1487 933 (ut
1516 882 1618 936 apud
1649 882 1786 935 Steph.

1126 944 1221 994 Byz.
1242 955 1272 978 s.
1293 956 1331 980 v.
1351 955 1391 992 p.
1412 940 1535 991 550),
1579 939 1725 981 Μένδα
1741 953 1786 978 ao

1130 997 1288 1044 Μένόις
1316 1004 1482 1038 vocatur,
1538 997 1628 1035 Vid.
1671 996 1787 1035 Thu-

1129 1054 1216 1106 cyd.
1245 1056 1308 1103 IV,
1332 1057 1424 1096 121.
1458 1056 1550 1095 123.
1574 1056 1665 1094 129.
1692 1056 1786 1093 130.

1129 1112 1279 1163 Scylac.
1308 1112 1334 1148 l.
1362 1112 1389 1147 l.
1421 1109 1530 1148 Suid.
1563 1123 1595 1148 s.
1622 1124 1660 1147 v.
1681 1110 1732 1146 T.
1750 1110 1788 1146 Π

1128 1181 1213 1219 pag.
1235 1167 1330 1208 532.
1360 1168 1476 1205 Plura
1495 1164 1716 1204 Tzschuck.
1738 1165 1787 1203 ad

1128 1225 1218 1262 Mel.
1230 1226 1276 1271 H,
1289 1226 1315 1264 2
1324 1223 1389 1262 fin.
1400 1238 1439 1275 p.
1454 1222 1532 1265 154
1542 1230 1639 1260 nott.
1648 1235 1788 1273 exegg.

1186 1280 1230 1320 αἱ
1242 1277 1315 1330 τήν
1337 1283 1415 1319 νῦν
1441 1275 1675 1331 Παλλήνην,
1685 1275 1789 1332 πρό-

1129 1352 1241 1388 τερον
1275 1334 1317 1375 δὲ
1339 1335 1519 1388 Φλέγρην
1540 1334 1789 1387 καλεομένην
1848 1369 1851 1373 .

1129 1391 1368 1444 νεμόμεναι]
1402 1393 1550 1431 Pallene
1585 1393 1789 1444 peninsula

1129 1464 1158 1487 s.
1179 1450 1314 1497 insula,
1344 1456 1388 1486 ut
1407 1451 1470 1486 alii
1487 1457 1647 1497 vocant,
1668 1451 1715 1487 ab
1742 1461 1789 1487 eo

1126 1506 1280 1554 isthmo,
1301 1519 1377 1558 quo
1398 1505 1581 1544 Potidaea
1607 1508 1677 1544 sita
1704 1506 1788 1554 fuit,
1847 1511 1851 1516 '

1130 1576 1275 1611 exorsa,
1296 1564 1396 1600 inter
1425 1563 1520 1600 duos
1540 1564 1654 1601 maris
1671 1563 1788 1611 sinus,

1130 1621 1378 1657 Toronaeum
1391 1621 1437 1656 ab
1449 1621 1593 1657 oriente
1615 1627 1651 1657 et
1661 1618 1791 1657 Ther-

1129 1690 1286 1713 maeum
1323 1677 1370 1712 ab
1400 1689 1536 1713 occasu
1565 1689 1791 1727 procurrens

1131 1740 1169 1770 et
1205 1735 1247 1769 iu
1287 1733 1557 1770 Canastraeum
1605 1745 1791 1783 promon-

1130 1791 1272 1827 torium
1303 1788 1476 1827 desinens
1497 1787 1599 1840 apud
1627 1787 1792 1840 Thucy-

1133 1845 1262 1883 didem
1283 1846 1452 1898 aliosque
1483 1858 1614 1882 rerum
1629 1846 1792 1896 scripto-

1130 1916 1189 1940 res
1210 1903 1375 1940 crebrius
1395 1909 1718 1940 commemoratur
1727 1915 1792 1939 so-

1131 1960 1235 2012 lique
1251 1960 1430 1996 excelluit
1449 1959 1653 1996 fertilitate.
1674 1957 1792 2009 Apud

1132 2017 1280 2054 serioris
1301 2017 1430 2053 aetatis
1457 2017 1655 2066 scriptores
1676 2017 1793 2052 etiam

1132 2073 1221 2110 urbs
1260 2072 1404 2111 Pallene
1435 2073 1640 2110 invenitur.
1709 2073 1792 2109 No-

1132 2142 1224 2166 men
1243 2130 1359 2166 tulita
1379 2130 1522 2166 colonis
1533 2128 1695 2166 Achaeis
1714 2127 1791 2166 huo

1134 2185 1319 2223 adductis.
1394 2186 1510 2222 Plura
1557 2186 1697 2222 Wasse
1741 2183 1792 2222 ad

1133 2241 1356 2293 Thucydid.
1384 2243 1447 2288 IV,
1480 2243 1558 2281 116
1587 2247 1624 2277 et
1642 2239 1788 2281 Duker.

1134 2298 1182 2335 ad
1195 2295 1375 2349 Thucyd.
1391 2297 1454 2344 IV,
1466 2299 1557 2338 120.
1570 2295 1789 2334 Tzschuck.

1132 2354 1181 2391 ad
1214 2354 1304 2390 Mel.
1333 2354 1359 2389 l.
1387 2354 1413 2393 l.
1444 2354 1482 2399 ᾗ.
1505 2355 1552 2393 11
1584 2366 1674 2405 pag.
1711 2352 1790 2395 149

1132 2417 1230 2447 nott.
1276 2422 1414 2461 exegg.
1465 2409 1550 2446 coll.
1603 2411 1788 2460 Gatterer.

1132 2480 1221 2517 pag.
1252 2465 1307 2506 94
1336 2473 1373 2503 et
1402 2467 1591 2505 Mannert.
1611 2467 1682 2503 VII
1700 2479 1789 2518 pag.

1132 2524 1212 2563 463
1234 2535 1313 2573 seq.
1336 2524 1432 2562 Gail.
1455 2521 1503 2559 ad
1529 2523 1688 2575 Scymn.
1718 2521 1790 2560 Ch.

1134 2578 1214 2619 643
1243 2592 1330 2629 pag.
1356 2581 1437 2620 386
1466 2579 1519 2616 T.
1537 2579 1587 2616 11.
1642 2580 1693 2616 Et
1712 2577 1789 2619 vid.

1133 2647 1286 2687 quoque
1305 2634 1448 2673 Herod.
1467 2636 1566 2684 vm,
1585 2638 1679 2676 126.

1191 2690 1301 2730 ἔπλεε
1339 2690 1379 2738 ἐς
1407 2688 1452 2730 τό
1481 2689 1789 2744 προειρημένον]

1136 2748 1228 2786 Vela
1248 2746 1351 2785 dedit
1369 2749 1409 2784 in
1420 2748 1549 2786 locum
1559 2754 1670 2784 antea
1690 2743 1790 2800 (VII,

1140 2801 1235 2856 121)
1265 2803 1488 2844 indicatum.
1546 2805 1645 2842 Hinc
1675 2804 1788 2856 paulo
