1851 3181
447 241 531 282 478
854 243 1322 284 HERODOTI

446 350 518 392 νοὶ
559 350 614 393 οὐ
653 350 856 407 μεγάλοι,
899 351 947 395 ἐκ
987 351 1214 410 θαλάσσης
1244 359 1319 413 τῆς
1355 354 1600 401 Ἀκανθίων
1648 358 1720 403 ἐπὶ

419 419 684 462 ὅθάλασσαν
723 418 802 476 τὴν
843 418 995 464 ἀντίον
1038 420 1256 478 Τορώνης.
1316 423 1364 467 ἐν
1403 426 1449 469 δὲ
1477 429 1539 483 τῷ
1572 429 1720 484 ἰσθμῷ

445 487 608 543 τούτῳ,
640 487 682 540 ἐς
710 488 790 533 τόν
819 491 996 547 τελευτᾷ
1026 486 1050 531 ὁ
1072 488 1230 542 Ἄθως,
1258 491 1383 549 Σάνη
1413 493 1538 544 πόλις
1567 493 1720 546 Ἑλλάς

418 556 632 610 δοῖκηται.
693 559 738 600 αἱ
763 557 808 601 δὲ
838 556 960 608 ἐντός
1001 557 1176 614 Σάνης,
1208 559 1289 602 ἔσω
1321 560 1367 604 δὲ
1394 565 1475 604 τοῦ
1493 561 1616 604 ’Ἀθω
1658 564 1719 605 οἰ-

445 623 647 678 κημέναι,
688 624 764 676 τὰς
788 625 885 670 τότε
916 624 940 668 ὁ
975 625 1147 682 Πέρσης
1185 627 1443 682 νησιώτιδας
1473 627 1570 671 ἀντὶ
1599 629 1776 685 offusa-40

447 693 643 744 ρωτίδων
658 693 832 750 ὥρμητο
846 693 1031 746 ποιέειν,
1062 694 1141 737 εἰσὶ
1173 696 1277 748 αἵδε,
1306 701 1433 748 Δῖον,
1459 694 1718 754 Ὀλόφυξος,

442 755 711 813 Ἀκρόθωον,
730 761 916 813 Θύσσος,
931 763 1139 805 Κλεωναί.
1171 762 1296 815 πόλις
1307 764 1385 820 μὲν
1409 758 1553 817 αὗται,
1566 767 1612 809 αἳ
1640 765 1719 808 τὸν

112 891 207 920 Ratio
249 891 362 919 erfodi-

112 926 227 954 eudi:P
252 926 389 956 oenicum

112 960 170 988 hoc
187 960 219 987 in
237 961 343 988 labore

113 994 263 1021 sollertia.
291 995 370 1030 Ope-

112 1028 189 1055 rarii
202 1028 281 1055 unde
290 1036 367 1055 coms

111 1066 232 1100 meatus
259 1070 387 1099 accepe-

112 1099 181 1123 nut-

319 828 383 873 23
437 823 588 871 ’Ἄθων
612 829 837 884 νέμονται.
856 829 1092 884 ’Ώρυσσον
1103 829 1148 874 δὲ
1162 825 1246 875 ὦδε
1262 845 1270 853 ·
1301 831 1541 888 δασάμενοι
1551 831 1631 875 τόν
1641 836 1718 889 χῶ·
1730 835 1776 874 45

448 911 532 949 ρον
562 898 606 940 οἱ
623 896 846 954 βάρβαροι
865 898 972 942 κατὰ
995 898 1264 950 ἓ’θνεα,κατοὶ
1284 900 1439 957 Σάνην
1455 898 1583 944 πόλιν
1604 912 1718 957 σχοι-

444 964 617 1021 νοτενξς
649 965 960 1023 ποιησάμενοι·
992 967 1081 1011 ἐπεὶ
1111 968 1157 1011 δὲ
1186 967 1355 1024 ἐγένετο
1386 967 1589 1024 βαθεῖαὴ
1619 967 1720 1013 διιό-

445 1033 548 1087 ρυξ,
581 1034 735 1090 οἱμὲν,
759 1034 987 1080 κατώτατα
1016 1034 1228 1088 ἑστεῶτες,
1249 1035 1471 1093 ὤρυσσον·
1503 1035 1643 1092 ἕτεροι
1671 1035 1720 1080 δὲ

447 1213 490 1256 ἔκ
500 1213 710 1269 θαλάσσης
724 1220 796 1269 τῆς
805 1214 1053 1269 Ἀκανθίων]

388 1273 448 1308 De
476 1273 639 1312 Acantho
666 1275 761 1311 urbe
789 1274 868 1312 vid.
888 1283 985 1312 nott.
1007 1275 1056 1313 ad

389 1330 452 1377 w,
478 1329 547 1371 44.
607 1330 743 1369 Torone
781 1332 871 1369 urbs
908 1331 982 1369 hoc
1012 1334 1054 1369 in

389 1385 530 1424 isthmo
556 1389 727 1425 maxima
747 1389 861 1426 fuisse
881 1388 1055 1437 traditur,

390 1456 491 1495 quae
516 1445 616 1482 sinui
644 1446 758 1493 maris
784 1459 930 1482 nomen
951 1445 1057 1483 dedit

394 1500 605 1551 Toronaici,
638 1501 686 1538 ad
711 1500 970 1539 Chalcidicam
990 1516 1055 1539 re·-

389 1559 547 1608 gionem
605 1560 724 1609 vulgo
790 1558 1053 1597 adnumerata.

387 1614 475 1652 vid.
496 1617 684 1655 Mannert.
696 1617 721 1653 l.
738 1616 766 1653 l.
785 1617 854 1654 VH
872 1615 1053 1668 pag.454

387 1685 467 1724 seq.

445 1723 562 1779 Σάνη
581 1725 696 1775 πόλις
716 1725 853 1776 Ἑλλάς
876 1727 1052 1780 οἴκηται]

387 1786 447 1821 De
467 1799 562 1823 voce
579 1782 717 1832 Ἑλλάς
738 1785 818 1823 vid.
837 1785 973 1823 Matth.
985 1787 1052 1826 Gr.

389 1843 455 1880 Gr.
479 1855 568 1893 pag.
598 1845 690 1883 796.
746 1842 811 1879 Ad
844 1855 1055 1893 argumen-

388 1906 474 1936 tum
501 1900 665 1950 pertinet
686 1897 927 1951 Thucydidis
947 1900 1053 1936 locus

387 1957 452 2003 IV,
485 1958 564 1997 109
578 1985 587 2003 ,
611 1957 678 1993 ubi
699 1957 861 1993 aliorum
879 1957 983 1993 locos
1004 1955 1052 1993 de

391 2012 490 2050 Sane
518 2013 634 2060 urbe,
672 2012 911 2050 Andriormn
943 2014 1052 2050 colo-

388 2070 465 2116 nia,
488 2071 595 2107 cuius
616 2076 766 2120 postera
797 2077 920 2107 aetate
945 2071 1053 2107 nulla

388 2127 551 2176 amplius
567 2128 753 2178 reperitur
767 2128 933 2172 mentio,
950 2134 1054 2163 attu-

389 2183 433 2219 lit
471 2184 622 2220 Wasse.
707 2182 810 2221 Add.
851 2183 1054 2221 Choiseul-

390 2239 577 2276 Gousfier.
614 2240 641 2275 l.
680 2240 706 2277 l.
740 2253 830 2291 pag.
861 2241 942 2281 152
973 2253 1055 2292 seq.

390 2296 495 2341 Quae
526 2294 704 2346 deinceps
743 2295 846 2347 apud
875 2295 1056 2333 Herodo-

388 2360 472 2390 tum
507 2359 880 2400 commemorantur,
928 2353 1055 2401 urbes,

390 2422 452 2447 eas
475 2408 612 2446 eodem
630 2407 748 2445 modo
777 2409 920 2460 profert
939 2407 1056 2446 Thu-

391 2465 546 2518 cydides
564 2467 590 2503 l.
610 2466 636 2504 l.
656 2464 773 2516 Apud
794 2466 996 2516 Scylacem
1014 2467 1052 2511 §.

391 2526 446 2565 67
480 2537 518 2574 p.
547 2525 629 2564 278
660 2522 759 2559 Gail.
788 2528 1054 2559 memorantur

388 2575 634 2631 Ἀκρόθωοι,
663 2573 881 2628 Ὀλόφυξος
911 2585 949 2615 et
971 2581 1054 2617 Χα-

393 2637 573 2688 ραδρίαι,
594 2648 711 2688 quam
732 2636 867 2672 urbem
886 2634 1053 2687 Thucy-

393 2692 499 2730 dides
529 2705 651 2745 aeque
687 2699 802 2744 atque
836 2691 1053 2729 Herodotus

390 2751 552 2801 ignorat.
604 2750 750 2786 Plinius
785 2750 809 2786 l.
830 2749 857 2785 l.
887 2749 943 2785 nil
962 2761 1054 2799 pro-

389 2807 462 2843 fert
490 2807 583 2843 nisi:
629 2804 850 2857 „Oppidum
870 2806 908 2841 iu
939 2818 1055 2842 cacu-

393 2864 499 2900 mine
520 2863 591 2900 fuit
615 2861 825 2912 Acrothon,
847 2875 951 2900 nunc
966 2869 1055 2900 sunt

1111 1220 1348 1272 Uranopolis,
1358 1220 1629 1268 Palaeotrium,
1642 1217 1775 1272 Thys-

1110 1291 1172 1315 sus
1189 1307 1199 1326 ,
1221 1279 1398 1325 Cleonae,
1419 1277 1643 1328 Apollonia,
1665 1278 1775 1315 cuius

1110 1335 1260 1372 incolae
1286 1334 1472 1371 Macrobii
1491 1334 1776 1384 cognominan-

1110 1392 1214 1429 tur.“
1250 1390 1361 1428 Unde
1383 1391 1581 1439 coniicias,
1612 1391 1776 1443 reliquas

1112 1449 1246 1496 urbes,
1278 1460 1443 1499 quarum
1464 1446 1568 1498 apud
1597 1446 1777 1485 Herodo-

1109 1512 1194 1542 tum
1215 1513 1251 1542 et
1262 1503 1538 1556 Thucydidem
1556 1503 1599 1540 fit
1617 1505 1777 1553 mentio,

1108 1563 1225 1599 Plinii
1245 1569 1367 1598 aetate
1387 1574 1467 1598 non
1488 1561 1649 1612 amplius
1659 1561 1778 1598 exsti-

1108 1620 1209 1656 tisse.
1276 1619 1452 1656 Acrothon
1479 1619 1589 1655 novit
1621 1631 1777 1670 quoque

1109 1677 1211 1712 Mela
1241 1675 1268 1712 l.
1288 1676 1314 1712 l.
1346 1688 1436 1712 cum
1456 1675 1581 1711 Plinio
1610 1688 1776 1712 consen-

1109 1734 1206 1770 tiens
1237 1731 1284 1768 de
1315 1732 1433 1782 longa
1460 1732 1675 1768 incolarum
1713 1745 1776 1768 ae-

1109 1796 1200 1826 tate.
1259 1789 1325 1826 Tu
1361 1787 1440 1825 vid.
1469 1789 1660 1825 Mannert.
1690 1788 1719 1826 l.
1745 1789 1774 1826 l.

1109 1847 1179 1883 VII
1208 1858 1297 1896 pag.
1329 1844 1413 1885 452
1441 1857 1545 1896 seqq.
1591 1843 1777 1884 Κλεωναὶ
1848 1850 1851 1857 “

1109 1901 1201 1940 hinc
1221 1901 1337 1939 habet
1357 1900 1533 1938 Eustath.
1555 1899 1604 1938 ad
1617 1902 1664 1938 Il.
1684 1914 1776 1952 pag.

1109 1962 1204 2007 291,
1227 1962 1252 2000 7
1274 1972 1304 1996 s-
1324 1961 1420 2006 210,
1446 1960 1512 1998 17.
1538 1980 1591 1985 -
1612 1957 1675 1995 Ad
1692 1959 1776 1996 for-

1107 2029 1214 2053 mam
1243 2011 1358 2062 πόλις
1398 2014 1500 2052 conf.
1539 2013 1675 2053 Matth.
1705 2016 1772 2055 Gr.

1109 2074 1176 2111 Gr.
1198 2074 1237 2119 ξ.
1258 2075 1311 2114 80
1331 2078 1429 2109 nott.
1451 2073 1475 2112 6
1496 2084 1586 2122 pag.
1609 2074 1704 2114 180.

1298 2162 1391 2214 Cap.
1412 2163 1561 2199 XXIII.

1169 2236 1387 2291 δασάμενοι
1420 2237 1492 2280 τόν
1519 2242 1654 2292 χαῖρον
1678 2255 1716 2280 κ.
1736 2254 1772 2280 τ.

1111 2298 1174 2346 λ.]
1216 2299 1275 2333 De
1303 2304 1492 2334 structura
1520 2297 1595 2334 loci
1626 2297 1774 2335 consul.
1839 2313 1841 2315 ·

1110 2352 1248 2391 matth.
1268 2354 1334 2392 Gr.
1357 2355 1424 2391 Gr.
1446 2355 1484 2400 ᾗ.
1506 2353 1606 2399 556,
1639 2359 1657 2394 1
1681 2367 1773 2405 pag.
1843 2383 1851 2394 «-

1115 2412 1236 2451 1093.
1264 2410 1388 2447 Verba
1402 2407 1644 2461 σχοινοτενὲς
1655 2425 1774 2462 ποιη-

1111 2463 1277 2517 σάμενοι
1304 2469 1553 2519 interpretor:
1594 2466 1692 2504 lineet.
1718 2480 1776 2505 re-

1110 2527 1169 2560 cta
1186 2536 1295 2574 prope
1314 2523 1435 2562 Samen
1462 2524 1625 2575 oppidum
1646 2521 1774 2575 (fime)

1111 2580 1220 2618 ducta
1242 2579 1280 2632 (e
1300 2579 1542 2632 transverso).
1600 2581 1659 2617 De
1677 2592 1773 2619 voce

1094 2636 1354 2686 ’σχοινοτενὲς
1374 2638 1476 2676 conf.
1495 2638 1526 2685 I,
1561 2637 1652 2678 189.
1678 2636 1775 2677 199-

1112 2694 1219 2730 ——ln
1239 2707 1346 2747 seqq.
1367 2693 1432 2734 ἐπὶ
1460 2691 1630 2746 βάθρων
1648 2692 1770 2731 valet:

1110 2752 1147 2787 in
1160 2751 1280 2798 scalis,
1301 2751 1498 2801 gradibus3
1521 2749 1622 2788 conf.
1631 2750 1661 2796 1,
1678 2749 1772 2789 188-

1111 2805 1175 2843 Ad
1222 2809 1338 2845 verba
1376 2807 1416 2855 ἒς
1459 2803 1552 2854 τούς
1583 2800 1771 2845 ἀνωτάτω

1112 2864 1236 2915 suppl.
1258 2863 1458 2911 ἕστεῶτας.
