1834 3258
441 216 918 253 POLYMNIA.
977 216 1078 253 VII.

95 332 138 378 4⁷
141 327 224 376 ἐπὶ
254 325 303 369 τὸ
334 323 525 380 ἄμεινον.

1310 219 1394 258 4:39

590 324 655 367 Τὰ
693 324 773 380 μέν
802 341 887 368 νυν
917 325 1068 378 Κῦρός
1098 339 1142 368 τε
1170 325 1244 368 καὶ
1272 327 1391 381 Καμ-

120 393 285 451 ,,βυ’σης
321 392 462 448 πατήρ
501 408 545 435 τε
587 390 690 447 ἐμός
727 397 916 446 Δαρεῖος
950 404 1274 448 κατεργασαντο
1318 394 1393 436 καὶ

122 460 500 516 ,,προσεκτήσαντο
523 461 676 512 ἔθνεα,
707 460 1028 516 ἐπισταμένοισι
1059 462 1107 504 εὐ
1139 459 1221 504 οὐκ
1242 460 1298 504 ἄν
1325 478 1391 512 τις

95 536 115 569 5
129 529 283 584 ,,λέγοι.
336 527 445 585 Ἐγω
486 529 555 579 δὲ,
594 529 685 572 ἐπεί
735 545 780 572 τε
818 529 1071 585 παρέλαβον
1098 527 1176 573 τὸν
1205 529 1393 582 θρόνον,

117 601 276 650 »τοῦτο
312 597 591 652 ἐφρόντιζον,
623 595 738 648 ὅκως
777 597 836 653 μή
874 599 1080 652 λείψομαι
1108 602 1198 641 τῶν
1236 596 1388 651 πρότε-
1403 603 1449 637 30

119 681 228 720 ,,ρον
256 664 507 720 γενομένων
537 665 584 708 ἐν
619 669 723 722 τιμῇ
753 667 881 722 τῇδε,
926 667 1033 722 μηδὲ
1064 665 1231 709 ἐλάσσω
1260 677 1392 719 προσ-

87 731 364 790 6,,κτήσομαι
396 732 588 789 δύναμιν
611 735 816 790 Πέρσῃσι.
847 736 1095 789 φροντίζων
1126 733 1172 777 δὲ
1203 731 1392 787 εὑρίσκω

116 801 233 856 »ἅμα
262 802 341 856 μὲν
371 804 505 853 κῦδος
534 799 640 858 ἡμῖν
669 818 714 845 τε
744 800 1122 857 προσγινόμενον,
1153 800 1303 857 χώρην
1346 817 1391 844 τε

116 872 220 924 ,πῆς
261 873 345 912 νῦν
374 869 592 925 ἐκτήμεθα
636 869 719 914 οὐκ
759 869 974 914 ἐλάσσονα
1013 867 1118 912 οὐδὲ
1149 871 1390 925 φλαυροτέ-

115 953 246 992 „omn
287 939 641 995 παμφορωτέρην
679 953 745 982 τε·

627 1006 698 1049 διὸ
748 1004 881 1061 ὑμέας
919 1008 1003 1047 νῦν
1043 1004 1127 1059 ἐγώ
1170 1007 1390 1058 συνέλεξα,

86 1011 107 1043 7
120 1006 260 1056 „view
308 1007 557 1063 γινομένην.

795 939 887 993 ἅμα
928 938 973 980 δὲ
1007 940 1214 993 τιμωρίην
1244 954 1287 981 τε
1318 938 1387 980 καὶ
1401 944 1446 978 35

86 1074 219 1124 8,,ἴνα
247 1072 297 1117 τό
327 1074 441 1117 νοέω
472 1073 682 1129 πρήσσειν
711 1072 995 1128 ὑπερθέωμαι
1034 1071 1154 1127 ὑμῖν.
1214 1075 1388 1126 ΝῘέλλω,

114 1140 292 1193 »ζεύξας
331 1141 409 1184 τόν
444 1140 791 1197 Ἑλλήσποντον,
843 1142 945 1184 ἐλᾶν
976 1141 1163 1195 στρατὸν
1205 1141 1278 1184 διὰ
1315 1145 1390 1198 τῆς

115 1206 364 1265 ,,Εὐρω’πης
395 1209 465 1253 ἐπὶ
494 1209 573 1265 τὴν
597 1208 810 1263 Ἑλλάδα,

859 1212 931 1253 ἵνα
968 1209 1229 1264 Ἀθηναίους
1259 1226 1326 1265 τιμ
1333 1226 1390 1252 ω-

36 1332 43 1337 „
113 1277 357 1334 ,,ρήσομαι,
405 1277 487 1322 ὅσα
527 1278 579 1334 δὴ
619 1278 882 1335 πεποιήκασι
924 1280 1098 1335 Πέρσας
1125 1295 1170 1322 τε
1209 1279 1284 1326 καὶ
1313 1282 1447 1321 aza-40

60 1475 156 1512 spere
183 1462 322 1500 cedunt.
381 1463 447 1499 Tu
474 1463 576 1499 conf.
607 1463 719 1500 allata

57 1518 171 1566 adV
192 1521 258 1559 82.
315 1520 360 1556 In
380 1532 488 1571 seqq.
516 1518 719 1557 Bekkerus

57 1574 105 1612 de
135 1588 204 1612 suo
225 1575 342 1613 edidit
372 1592 502 1626 πατηρ
523 1591 563 1615 τε
583 1592 603 1615 ο
627 1573 720 1626 ἐμος

56 1636 227 1683 Δαρεῖος
242 1663 252 1680 ,
280 1634 346 1669 ubi
366 1634 482 1683 vulgo
503 1634 607 1670 abest
628 1635 720 1669 arti-

56 1690 177 1727 culus.
235 1689 348 1734 Quod
378 1689 483 1726 idem
513 1691 603 1726 fecit
633 1691 716 1739 VII,

61 1748 111 1786 10
133 1747 171 1791 ξ.
193 1749 232 1787 3-
252 1748 333 1795 VII,
359 1746 452 1787 104.
497 1748 598 1784 Cum
626 1761 715 1784 ver-

56 1803 112 1839 bis
143 1802 437 1854 ἐπισταμένοισι
468 1797 512 1842 εὖ
536 1805 578 1853 (i.
603 1817 636 1842 e.
658 1817 717 1840 vo-

55 1859 120 1905 bis,
143 1862 206 1909 qui
223 1861 308 1897 bene
328 1862 437 1897 nostis
464 1874 597 1911 usuque
622 1861 717 1897 didi-

56 1916 183 1964 cistis)
232 1918 369 1954 similia
409 1923 519 1953 erunt
555 1930 717 1967 compa-

55 1971 194 2020 randa,
226 1986 324 2025 quae
343 1974 467 2010 attulit
497 1973 714 2021 Blomfie1d‚

54 2029 97 2065 in
125 2029 287 2068 Glossar.
318 2029 367 2067 ad
394 2028 575 2082 Aeschyl.
608 2031 716 2081 Aga-

55 2099 201 2124 memu.
226 2090 349 2128 1373.

110 2141 211 2193 ’ἡμῖν
272 2158 313 2182 τε
370 2137 712 2194 προσγινόμενον]

53 2200 286 2237 Particulam
306 2214 358 2247 τε,
387 2213 504 2252 quam
524 2199 717 2236 Sancrofti

54 2255 140 2294 cod.
217 2259 438 2294 auctoritate
506 2257 716 2294 omiserunt

55 2312 302 2362 Schafferus,
336 2312 519 2350 Matthiae
548 2320 586 2350 et
606 2312 715 2350 Bek-

53 2368 151 2417 ker„
179 2385 270 2408 cum
299 2370 513 2409 Gaisfordio
534 2369 714 2422 equidem

54 2429 252 2475 revocavi3
281 2441 409 2479 neque
440 2429 545 2464 enim
565 2428 611 2464 ab
632 2429 715 2464 He-

54 2482 189 2521 rodoto
222 2485 391 2521 alienum
412 2483 556 2535 duplex
583 2498 643 2532 τες
666 2483 714 2521 de

57 2553 133 2592 quo
165 2539 246 2578 dixi
273 2539 322 2577 ad
349 2539 544 2579 Plutarch.
574 2540 712 2592 Pyrrh.

55 2609 144 2647 pag.
168 2598 262 2639 158.
291 2596 394 2634 Add.
423 2596 565 2634 Herod.
586 2599 667 2644 VII,
689 2600 715 2639 8

57 2654 94 2698 ς.
106 2654 207 2695 31'111.
223 2657 301 2695 190
313 2653 378 2691 fm.
392 2654 469 2695 175
486 2654 551 2690 sm.
565 2655 717 2695 2071111.

50 2711 155 2764 ,VlIL
187 2712 254 2752 58.
276 2713 343 2752 90.
363 2713 430 2751 97.
461 2711 553 2750 108.
577 2708 656 2750 140
678 2712 716 2755 ξ.

58 2768 98 2806 2.
133 2766 227 2807 141.
255 2769 325 2816 IX,
356 2769 392 2807 3.
432 2769 459 2807 7
489 2767 526 2811 ξ.
565 2769 606 2807 2.
644 2768 714 2815 IX,

59 2821 125 2865 58.
145 2825 212 2865 68.

834 1463 1129 1514 ὖπερθέωμαι]
1163 1464 1289 1515 Supra
1308 1464 1354 1512 V,
1378 1466 1442 1511 18,

776 1522 971 1558 invenitur
1013 1517 1327 1572 προτιθώμεθα,
1377 1522 1445 1556 ubi

776 1577 854 1615 vid.
877 1579 1003 1618 allata,
1061 1580 1120 1614 De
1154 1579 1233 1627 ipsa
1263 1578 1370 1615 verbi
1390 1578 1441 1614 si-

776 1635 1023 1684 gnificatione
1045 1634 1125 1672 dixi
1146 1634 1193 1671 ad
1204 1636 1235 1682 Ι,
1254 1638 1331 1675 107
1353 1635 1442 1673 coll.

776 1692 856 1739 VII,
886 1695 936 1733 18
968 1693 1035 1731 fin.
1070 1692 1253 1728 Observat
1284 1690 1333 1728 ad
1353 1689 1393 1727 h.
1414 1691 1444 1728 l.

771 1747 1009 1796 Larcherus,
1041 1746 1304 1800 ὕπερτιθέναι
1333 1755 1370 1783 et
1391 1745 1441 1786 ὖ·-

772 1806 1039 1854 περτίθεσθαί
1073 1820 1110 1843 τι
1142 1805 1222 1843 τινί
1244 1817 1266 1841 a
1287 1805 1441 1841 Graecis

773 1861 847 1898 dici
868 1861 1006 1898 eodem
1031 1874 1157 1909 sensu,
1175 1874 1252 1912 quo
1274 1856 1442 1899 οἷνακοι-

774 1920 902 1956 νῶσαι
965 1925 1002 1955 et
1069 1913 1438 1956 ἆνακοινώσασθαι.

772 1975 977 2025 Dionysius
1008 1973 1112 2026 quod
1142 1973 1282 2011 habet:
1322 1973 1390 2012 ἵνα
1412 1970 1439 2013 ἃ

774 2031 1016 2082 διανοοῦμαι
1047 2026 1255 2082 πράττειν,
1286 2028 1439 2069 ὑποθῶ

772 2086 890 2138 ὑμῖν,
919 2087 1009 2124 inde
1030 2101 1109 2124 non
1129 2089 1310 2140 sequitur,
1332 2086 1437 2138 apud

771 2145 898 2195 ipsum
927 2144 1169 2181 Herodotum
1200 2157 1354 2196 quoque
1375 2158 1438 2181 re-

771 2201 1016 2239 scribendum
1037 2215 1115 2239 esse
1133 2199 1387 2253 ὕποθέωμαι.

1048 2293 1085 2338 §.
1117 2293 1158 2331 2.

830 2371 851 2417 ζ
863 2385 878 2410 ε
889 2367 914 2409 ύ
929 2371 1012 2418 ξας
1040 2367 1106 2410 τὸν
1119 2365 1432 2421 Ἑλλήσποντον]

769 2429 941 2465 Verbum
962 2426 1147 2479 ζεύγνυμι
1167 2426 1320 2477 (pontem
1345 2429 1437 2464 inii-

771 2487 841 2534 εἰν)
861 2498 910 2520 ex
932 2483 969 2523 h.
992 2486 1016 2523 l.
1041 2492 1078 2522 et
1107 2485 1187 2532 VII,
1210 2483 1262 2525 24
1294 2485 1435 2520 excitat

770 2540 989 2578 Blomfield.
1021 2543 1061 2578 in
1093 2542 1258 2579 Glossar.
1280 2540 1329 2578 ad
1350 2541 1431 2577 Ae-

770 2597 891 2650 5011)1.
913 2600 1017 2635 Pers.
1039 2600 1133 2640 728.

829 2656 897 2694 ἵνα
929 2651 1173 2704 Ἀθηναίους
1205 2665 1429 2703 τιμωρησο-

772 2712 869 2762 μαι]
910 2713 967 2748 De
996 2712 1124 2748 futuro
1153 2721 1430 2761 τιμωρησομαι

771 2769 874 2806 conf.
894 2766 1076 2804 Matthiae
1099 2769 1166 2804 Gr.
1187 2767 1254 2803 Gr.
1274 2780 1312 2817 p.
1333 2767 1431 2811 998,

773 2827 839 2878 qui
857 2824 961 2862 idem
992 2825 1030 2870 §.
1050 2822 1146 2871 434,
1170 2825 1206 2864 1.
1226 2823 1250 2860 b
1281 2836 1320 2874 p.
1349 2824 1431 2864 809
