1870 3249
380 191 1044 247 TERPsicHORE.
1103 191 1148 226 v.

1322 191 1402 231 111

141 320 296 355 κοντα,
325 301 470 354 ἐόντες
499 302 546 346 δὲ
575 299 647 344 καὶ
677 294 800 343 οὗτοι
836 297 1051 342 ἀνέκαθεν
1073 297 1231 342 Πύλιοί
1258 314 1303 342 τε
1331 298 1404 341 καὶ

142 372 373 428 Νηλεῖδαι,
422 369 470 413 ἐκ
508 372 598 413 τῶν
638 367 782 412 αὐτῶν
828 365 1054 423 γεγονότες
1092 367 1166 411 καὶ
1205 367 1250 410 οἱ
1290 364 1405 422 ἀμφὶ

86 551 214 584 mento
233 545 285 582 sic
303 541 604 592 Wesselingius:
637 542 744 590 „An-

85 615 153 639 nos
183 599 503 638 Pisistratidarum
533 598 744 650 tyrannidis

86 659 301 696 Aristoteles
321 658 435 694 Polit.
456 657 502 703 V,
527 658 591 696 12.
625 656 695 704 [V,
717 657 743 696 9

84 715 149 752 fin.
172 714 231 752 ed.
248 713 451 762 Schneid.]
475 713 625 749 XXXV
647 725 744 748 enu-

82 779 214 820 merat,
224 773 359 808 Noster
371 771 552 817 XXXVI,
573 770 648 806 levi
665 768 744 806 dis—

82 829 287 880 crepantia,
310 829 466 865 fortasse
488 841 536 863 ex
557 828 663 862 annis
684 827 741 862 in-

82 885 225 922 choatis
265 892 330 922 aut
369 884 515 921 diversa
561 883 744 919 Pisistrati

83 943 368 993 computatione
390 942 593 977 exiliorum
612 940 743 978 nata.“

84 999 329 1051 Sequuntur,
382 1011 480 1050 quae
510 996 559 1034 ad
588 997 745 1033 Meursii

81 1057 122 1092 in
142 1055 245 1092 hisce
263 1068 430 1091 errorem
441 1056 645 1106 pertinent.
678 1055 743 1090 Tu

82 1111 170 1149 add.
191 1113 381 1149 Perizonii
398 1111 584 1149 iudicium
605 1109 652 1146 ad
662 1111 744 1146 Ae-

81 1169 171 1206 lian.
192 1170 237 1206 V.
258 1171 306 1205 H.
327 1170 392 1216 111,
414 1171 490 1208 21:
524 1166 743 1215 „Herodoti

36 1266 43 1271 ,
82 1226 186 1262 locus
216 1225 463 1276 explicandus
495 1232 549 1261 est
580 1225 739 1260 omnino

83 1295 134 1319 ex
162 1283 383 1329 Aristotele,
414 1282 525 1332 quil.
550 1282 577 1317 l.
604 1280 651 1317 de
671 1282 741 1317 Pi—

82 1339 228 1376 sistrato
249 1341 320 1386 ait,
349 1341 390 1376 in
407 1339 479 1376 illis
497 1340 609 1376 tribus
628 1341 661 1374 et
670 1340 742 1375 tri-

83 1396 188 1444 ginta
216 1397 317 1432 anm's
344 1399 484 1432 tantum
513 1395 741 1446 septendecim

83 1455 267 1501 regnavit,
297 1451 377 1502 filii
404 1465 482 1489 vero
512 1454 582 1499 18,
613 1455 654 1488 ut
684 1454 740 1489 ita

83 1520 197 1545 omnes
208 1508 347 1558 suerint
377 1511 467 1546 anni
487 1509 554 1550 35.
591 1510 739 1559 Nempe

80 1563 156 1601 hoo
175 1567 299 1616 ipsum
321 1572 393 1610 est,
430 1564 535 1617 quod
563 1565 742 1602 Herodo-

80 1626 141 1658 tus
181 1621 314 1670 tradit,
358 1620 609 1660 Pisistratidas
635 1621 676 1659 h.
707 1636 740 1659 e.

81 1678 318 1715 Pisistratum
347 1685 384 1715 et
413 1678 509 1716 filios
530 1680 609 1716 eius
633 1679 743 1716 Athe-

79 1735 256 1773 niensibus
270 1735 473 1786 praefuisse
492 1738 531 1773 in
552 1749 662 1773 annos
675 1738 742 1776 36.

79 1792 179 1829 Nam
199 1791 449 1842 discrepantia
466 1794 578 1829 unius
591 1793 682 1829 anni
701 1794 743 1828 in

79 1845 138 1884 his
159 1855 198 1884 et
214 1850 384 1885 maxime
402 1850 624 1897 insummis,
645 1861 743 1901 quae

82 1904 336 1941 conficiuntur
365 1918 414 1941 ex
443 1907 551 1941 annis
573 1905 743 1942 diverso-

82 1972 170 1996 rum
199 1962 463 2011 regnantium,
511 1962 651 1998 nullius
686 1968 742 1998 est

81 2019 282 2064 momenti,
305 2030 426 2069 quum
445 2019 486 2053 in
505 2019 548 2054 iis
569 2019 742 2068 plerum-

81 2085 158 2124 que
179 2086 325 2110 annum
345 2081 523 2125 coeptum
538 2087 607 2125 pro
630 2075 743 2111 abso-

80 2129 162 2166 luto
182 2131 341 2181 accipiat
358 2129 421 2167 hic
437 2161 446 2178 ,
468 2131 532 2167 ille
553 2132 742 2168 omittat.“

80 2187 160 2222 Nec
181 2187 288 2224 aliter
315 2187 394 2224 fere
413 2189 542 2224 statuit
561 2187 743 2225 Larcher.

80 2243 180 2280 Tab.
220 2242 392 2281 chronol.
433 2245 485 2281 T.
527 2244 597 2281 VH
629 2243 744 2296 chap.

79 2299 159 2335 XX
177 2313 266 2351 pag.
288 2300 382 2348 547,
413 2302 479 2353 qui
503 2302 742 2340 Pisistratum

80 2363 277 2393 mortuum
304 2358 465 2394 collocat
493 2370 582 2396 aun.
599 2360 681 2401 528
706 2371 741 2396 a.

82 2410 172 2449 chr.
207 2427 248 2450 n.
280 2413 543 2465 Hipparchum
581 2416 741 2453 interfe-

81 2475 188 2506 ctum
217 2469 298 2510 514
323 2482 357 2507 a.
386 2470 475 2509 Chr.
502 2485 543 2509 n.
577 2480 613 2509 et
643 2474 742 2524 Hip-

81 2526 186 2576 piam
213 2525 375 2563 Athenis
402 2528 555 2578 pulsum
585 2528 668 2570 510
705 2542 740 2566 a.

83 2580 174 2619 Chr.
204 2595 246 2619 n.
302 2582 365 2620 Ad
395 2581 581 2636 ἄρξαντες
610 2593 740 2623 mente

82 2637 390 2676 subaudiendum
428 2641 469 2680 οἱ
505 2643 738 2694 Πεισιστρα-

82 2695 208 2742 τίδαι,
235 2695 341 2747 quod
359 2698 486 2747 ipsum
505 2710 584 2736 non
605 2697 653 2735 de
671 2701 740 2736 Pi-

82 2751 219 2788 sistrati
253 2759 405 2789 tantum
452 2753 556 2801 filiis,
605 2768 740 2793 verum

84 2808 200 2845 etiam
237 2807 285 2846 de
320 2810 402 2861 ipso
435 2811 629 2850 Pisistrato
664 2812 742 2850 una

801 554 892 578 cum
929 541 1014 579 filiis
1043 539 1205 591 intelligi
1226 537 1355 576 docuit
1383 539 1461 577 Pe-

800 599 920 636 rizon.
942 599 968 636 l.
997 599 1023 635 l.
1051 598 1164 649 plane
1183 603 1227 633 ut
1248 596 1350 648 apud
1369 597 1460 633 Ari-

800 657 976 692 stotelem
1005 656 1030 692 1.
1061 656 1085 692 l.
1109 662 1145 691 et
1170 655 1319 691 Aelian.
1341 655 1388 691 V.
1409 655 1460 690 Η.

800 713 864 760 VI,
891 716 940 753 13
971 711 1000 764 ἦ
1019 714 1100 750 τῶν
1128 712 1373 760 Κυψελιδῶν
1398 726 1461 750 τυ-

803 769 964 820 ραννὶς,
1002 770 1068 805 ubi
1099 768 1281 820 Cypselus
1308 769 1388 819 ipse
1426 774 1463 804 et

801 828 880 863 eius
910 827 1049 877 posteri
1088 825 1215 875 (filius
1247 838 1290 862 ac
1316 824 1462 876 nepos)

799 884 1082 934 intelliguntur,
1126 889 1162 919 et
1192 881 1294 933 apud
1314 883 1463 918 Aelian.

798 941 845 977 V.
877 942 926 981 H,
958 940 1002 986 V,
1029 944 1077 980 13
1113 941 1239 990 ipsum
1261 938 1464 977 Pisistrati-

800 997 926 1034 darum
943 1010 1100 1033 nomen.

860 1049 1060 1093 ἀνέκαθεν
1074 1049 1273 1092 Πύλιοίτε
1292 1050 1356 1090 καὶ
1375 1054 1463 1102 Νη-

800 1111 954 1158 λεῖδαι]
987 1111 1045 1146 De
1073 1123 1167 1146 voce
1190 1105 1391 1147 ἀνέκαθεν
1412 1109 1461 1145 cf.

799 1175 895 1204 nott.
917 1166 966 1204 ad
985 1159 1030 1214 V,
1053 1166 1120 1207 55.
1180 1165 1291 1212 Quod
1315 1164 1462 1203 Sohae-

798 1225 865 1262 fer,
897 1223 945 1260 ad
975 1224 1170 1260 Lambert.
1203 1225 1290 1260 Bos.
1320 1224 1379 1258 De
1406 1223 1464 1258 el-

795 1282 898 1332 lipss.
917 1283 962 1318 L.
986 1282 1051 1317 Gr.
1070 1293 1159 1331 pag.
1176 1277 1259 1321 482
1278 1280 1463 1330 praeponi

795 1339 879 1375 vult
908 1339 1115 1375 articulum
1146 1334 1192 1376 w*
1225 1336 1295 1386 (ut
1314 1339 1343 1384 I,
1368 1339 1462 1378 170.

795 1396 842 1444 Y,
864 1395 931 1437 55.
953 1397 1019 1436 66.
1041 1396 1103 1442 VI,
1127 1393 1214 1445 35),
1234 1395 1320 1431 libri
1334 1395 1464 1445 scripti

795 1466 876 1489 non
917 1451 1110 1489 addicunt.
1150 1473 1207 1478 —
1265 1452 1371 1497 Quae
1397 1464 1461 1487 se-

798 1516 988 1561 quuntur,
1038 1509 1161 1559 attigit
1195 1507 1371 1546 Eustath.
1410 1506 1462 1545 ad

798 1565 932 1617 Odyss.
952 1580 991 1617 p.
1016 1566 1134 1613 1474,
1155 1564 1210 1605 44
1229 1579 1260 1602 s·
1279 1567 1370 1612 136,
1392 1567 1462 1606 36.

796 1624 944 1661 Verba:
977 1622 1019 1662 οἱ
1037 1618 1141 1673 εἷμφὶ
1165 1619 1325 1671 Κόδρον
1343 1621 1462 1661 τεκαὶ

799 1679 1026 1719 Μέλανθον
1069 1683 1184 1729 ipsum
1223 1679 1373 1717 Codrum
1417 1692 1462 1716 ac

798 1735 1026 1774 Melanthum
1053 1735 1247 1782 indicant3
1298 1735 1346 1773 de
1386 1749 1462 1787 quo

798 1792 985 1845 loquendi
1025 1805 1166 1843 genere
1205 1792 1284 1829 vid.
1323 1791 1461 1831 Matth-

799 1851 866 1887 Gr.
884 1851 950 1887 Gr.
969 1861 1058 1900 pag.
1081 1849 1203 1890 1159.
1220 1870 1278 1876 —
1305 1848 1368 1885 Ad
1386 1850 1462 1886 loci

799 1913 1072 1956 argumentum
1100 1912 1296 1953 tenemus,
1317 1904 1462 1944 Melan-

798 1963 897 2000 thum
910 1992 920 2009 ,
968 1963 1177 1999 Messeniae
1214 1975 1368 2012 regem,
1410 1963 1459 2001 ab

797 2018 1006 2056 Heraclidis
1024 2031 1144 2068 regno
1165 2019 1342 2067 eiectum,
1360 2021 1460 2071 Pylo

798 2074 968 2112 Athenas
989 2076 1203 2126 confugisse
1229 2088 1330 2112 anno
1352 2079 1460 2118 1190

800 2145 835 2168 a.
867 2131 957 2169 Chr.
977 2146 1031 2180 n.,
1069 2133 1137 2169 ubi
1157 2133 1236 2170 eius
1262 2132 1361 2172 filius
1383 2134 1462 2170 Co·-

800 2187 888 2226 drus
908 2202 978 2225 rex
997 2191 1221 2227 constitutus
1237 2203 1337 2227 anno
1352 2190 1460 2232 1153

798 2258 821 2282 a
841 2244 931 2283 Chr.
950 2247 1066 2283 morti
1085 2260 1125 2284 se
1154 2245 1349 2284 devovisse
1381 2247 1461 2283 fer-

797 2309 860 2340 tur
880 2316 981 2339 anno
1007 2305 1126 2343 1132.
1156 2304 1213 2341 Ac
1228 2302 1459 2351 Melanthus,

798 2366 934 2412 quarto
954 2358 1075 2410 gradu
1096 2373 1118 2397 a
1136 2361 1403 2413 Periclymeno
1424 2367 1461 2398 et

796 2418 930 2468 quinto
965 2415 1087 2466 gradu
1118 2418 1164 2454 ab
1186 2418 1267 2468 ipso
1300 2420 1459 2456 Nestore

795 2474 903 2510 Nelei
942 2473 1020 2510 filio
1055 2480 1158 2511 ortus
1197 2481 1300 2523 erat,
1351 2476 1458 2513 cuius

797 2529 970 2568 eiusdem
978 2531 1143 2568 Nestoris
1165 2537 1202 2567 et
1210 2532 1308 2569 filius
1329 2539 1366 2568 et
1385 2545 1459 2567 ne-

796 2599 864 2638 pos
884 2593 1120 2624 memoratur
1146 2588 1370 2634 Pisistratus,
1380 2607 1383 2610 ⁴
1393 2588 1459 2640 qui

797 2656 888 2680 cum
926 2644 1006 2680 aliis
1043 2643 1184 2681 Nelidis
1215 2643 1386 2681 Athenas
1415 2657 1456 2681 se

795 2700 973 2748 contulit,
1014 2701 1081 2738 ubi
1109 2702 1209 2738 inter
1238 2701 1382 2738 nobiles
1401 2701 1458 2743 illi

795 2758 939 2808 recepti
957 2769 1126 2794 smnmos
1146 2755 1309 2794 honores
1341 2764 1456 2810 atque

796 2814 877 2853 iura
898 2815 1000 2853 nacti
1019 2820 1121 2851 sunt.
1167 2812 1279 2851 Unde
1298 2814 1454 2863 factum,
