1815 3181
62 468 176 497 Graeci
191 477 210 496 a
225 467 340 496 colonis

61 503 264 532 Phoenicibus

61 546 128 565 cum
143 538 206 565 alia
223 536 335 571 edocti,

61 576 126 599 tum
143 575 231 598 notas
248 570 319 597 lite-

60 613 172 632 rarum.
209 604 303 632 Pelli—

60 647 112 665 um
129 638 168 665 ad
183 639 316 666 scriben-

61 672 133 701 dum
151 680 231 701 usus.

390 158 447 198 92
785 153 1254 191 HERODOTI

366 264 468 309 assn'
496 263 728 319 Ἀθηνέων.
782 260 1008 318 Ἀθηναῖοι
1039 262 1086 306 δέ
1117 273 1252 319 σφεας
1282 262 1351 307 ἐπὶ
1375 264 1545 320 ῥητοῖσι
1573 262 1716 307 {de-90

397 335 526 385 ξαντο
558 331 705 387 σφέων
736 328 880 372 αὐτῶν
921 327 1033 373 εἶναι
1061 331 1292 387 πολιήτας,
1332 336 1509 375 πολλῶν
1550 333 1660 375 τέων

269 403 337 447 58
394 401 468 445 καὶ
500 399 582 444 οὐκ
614 397 916 467 ἀξιαπηγήτων
943 396 1216 450 ἐπιτάξαντες
1247 400 1463 455 ἔργεσθαι.
1528 401 1582 442 Οἱ
1610 399 1657 442 δὲ

400 470 602 517 Φοίνικες
648 467 774 509 οὑτοι
812 467 856 509 οἱ
904 466 988 510 σύν
1033 466 1193 525 Κάδμῳ
1235 464 1518 523 ἀπικόμενοι,
1567 469 1658 509 τῶν
1698 472 1701 475 ’

394 532 508 593 ἦσαν
548 536 592 578 οἱ
628 537 892 590 Γεφυραῖοι,
942 533 1050 577 ἅλλα
1098 551 1142 577 τε
1190 534 1352 587 πολλοὶ,
1401 534 1654 590 οἰκήσαντες
1668 540 1713 574 95

390 602 553 659 ταύτην
589 601 669 658 τὴν
705 602 874 660 χώρην,
912 602 1129 659 ἐσήγαγον
1168 602 1428 646 διδασκάλια
1469 603 1511 653 ἐς
1553 600 1658 652 τούς

380 671 609 727 Ἕλληνας,
647 671 722 714 καὶ
761 670 814 727 δὴ
852 671 927 714 καὶ
963 670 1216 727 γράμματα·
1268 669 1351 714 οὐκ
1386 668 1514 714 ἐόντα
1549 670 1656 723 πρὶν

380 740 578 796 Ἕλλησι,
621 737 679 790 ὥς
718 737 813 794 ἐμοὶ
848 738 1040 782 δοκέειν·
1082 741 1234 793 πρῶτα
1276 737 1376 794 μὲν,
1427 742 1541 781 τοῖσι
1579 737 1654 782 καὶ

335 908 409 939 tur.
440 902 592 954 Reliqui
611 902 698 939 libri
716 902 778 939 vel
797 896 856 941 ἐπ’
874 896 991 952 Ἀθη-

334 958 462 997 ναίων
480 959 542 997 vel
562 954 620 998 ἔπ’
638 954 854 1009 Ἀθηνέων,
876 957 994 1010 idque

332 1022 448 1052 recte.
504 1017 605 1052 Nam
630 1014 800 1052 Athenas
833 1028 872 1052 se
900 1028 992 1051 con-

333 1079 541 1121 verterunt,
562 1074 603 1109 in
624 1085 742 1124 quam
762 1072 912 1121 urbem,
931 1072 995 1109 vel

334 1136 437 1166 certe
465 1130 507 1166 in
538 1130 644 1166 cuius
667 1128 864 1176 ditionem,
895 1129 994 1165 reci-

332 1192 535 1237 perentur,
593 1187 813 1237 civiumque
849 1186 994 1222 iuribus

332 1243 562 1280 fruerentur.
582 1264 639 1269 —-—
658 1243 912 1279 Locutionem
930 1240 994 1280 ἐπὶ

334 1299 491 1351 ῥητοῖσι
518 1300 563 1347 (i.
593 1312 626 1336 e.
654 1301 759 1336 certis
785 1298 994 1348 quibusdam

333 1357 398 1393 sub
418 1355 688 1405 conditionibus)
715 1357 907 1406 attigimus
928 1368 995 1391 su-

333 1426 402 1463 pra
421 1414 461 1448 in
482 1420 562 1450 not.
593 1411 642 1449 ad
661 1413 690 1460 Ι,
713 1412 766 1452 59
787 1425 875 1462 pag.
901 1411 993 1452 146.

333 1468 436 1506 Add.
458 1470 585 1520 Viger.
606 1481 695 1520 pag.
727 1471 808 1509 617
840 1481 919 1520 seq.
957 1475 994 1505 et

334 1527 401 1577 qui
430 1526 540 1576 plura
561 1525 682 1573 dabit,
713 1523 992 1576 VVjfftenbach.

333 1582 382 1619 ad
410 1581 604 1620 Plutarch.
632 1583 729 1619 Mor.
750 1583 768 1617 I
786 1595 874 1632 pag.
897 1584 992 1622 366.

331 1639 433 1675 Nam
452 1641 560 1677 certis
580 1646 731 1676 tautum
757 1639 827 1675 sub
858 1637 994 1675 condi-

331 1696 497 1734 tionibus
531 1698 572 1733 in
611 1696 802 1733 civitatem
833 1693 993 1745 Gephy-

331 1765 439 1790 raeos
475 1759 700 1804 receperunt
728 1750 991 1799 Athenienses,

332 1811 623 1846 communicatis
637 1807 792 1861 quidem
802 1809 992 1859 plerisque

331 1866 494 1914 iuribus,
526 1873 563 1903 et
589 1866 718 1917 paucis
748 1872 900 1902 tautum
926 1866 993 1901 iis-

333 1936 409 1975 que
437 1925 504 1961 vix
525 1929 741 1960 memoratu
762 1920 885 1973 dignis
922 1934 993 1958 ex-

331 1981 462 2031 ceptis.

535 2036 627 2087 Cap.
656 2036 790 2073 LVIII.

390 2087 585 2143 ἐσήγαγον
628 2088 896 2138 διδασκάλια]
946 2091 992 2126 In

334 2148 527 2186 Sancrofti
570 2149 667 2186 libro
713 2148 992 2194 διδασκαλεῖα;

333 2206 444 2243 male.
503 2206 569 2242 Tu
597 2205 699 2242 conf.
727 2203 888 2242 suidam
915 2205 933 2239 Ι
952 2217 992 2253 p.

334 2262 415 2303 573
438 2256 715 2301 διδασκάλων·
740 2256 834 2299 αὐτὸ
855 2256 898 2298 τὸ
915 2256 993 2308 μά-

333 2321 462 2369 θημα.
520 2317 602 2364 Qua
623 2316 758 2354 eadem
785 2316 994 2366 disciplinae

333 2388 363 2413 s.
389 2377 625 2424 cognitionis,
647 2374 828 2411 doctrinae
843 2372 989 2423 siguifi-

334 2433 482 2469 cafione
502 2430 608 2468 idem
626 2431 859 2467 vocabulum
872 2459 881 2476 ,
901 2442 990 2465 mo—

334 2495 449 2525 nente
465 2486 687 2534 Abreschio,
714 2487 870 2524 obvium
889 2483 991 2536 apud

332 2546 447 2582 Basil.
474 2546 616 2582 Homil.
644 2545 699 2580 111
734 2545 772 2580 in
804 2544 990 2579 Hexaem.

333 2616 371 2652 p.
400 2604 452 2643 28
484 2602 526 2639 C.
549 2608 584 2638 et
605 2600 747 2637 Homil.
776 2600 809 2636 V
828 2612 915 2649 pag.
936 2599 989 2639 43

334 2660 381 2695 E.
438 2660 536 2696 Hinc
575 2658 735 2694 minime
769 2669 862 2707 opus
902 2668 990 2692 cum

333 2713 536 2766 Ludolpho
566 2714 766 2752 rescribere
802 2712 991 2752 διδασκα-

333 2771 431 2818 Mag.

1108 898 1162 947 ὥς
1193 898 1281 950 ἐμοὶ
1314 896 1495 949 δοκέειν]
1537 899 1713 951 Reliqui-

1050 970 1135 993 mus
1166 954 1337 1004 δοκέειν,
1368 957 1475 993 cuius
1503 957 1588 993 loco
1609 956 1714 993 San-

1051 1014 1161 1051 crofti
1187 1014 1282 1050 liber
1312 1012 1423 1050 offert
1464 1012 1606 1052 δοκέει.
1661 1013 1715 1050 At

1050 1069 1128 1108 vid.
1138 1071 1183 1118 V,
1202 1070 1254 1110 65
1270 1071 1323 1105 in.
1342 1072 1408 1110 69.
1428 1070 1511 1106 init.
1524 1068 1590 1117 95,
1612 1069 1715 1106 alibi.

1051 1127 1151 1164 Sunt
1180 1139 1271 1163 vero
1304 1124 1399 1163 haec
1430 1127 1546 1163 verba
1567 1124 1714 1162 adiecta

1052 1197 1072 1220 a
1092 1190 1197 1234 patre
1216 1182 1406 1230 historiae,
1428 1196 1549 1234 quulp
1569 1183 1630 1219 vel
1641 1195 1712 1218 an—

1050 1241 1207 1292 tiquitus
1227 1252 1306 1275 non
1328 1238 1520 1286 deessent,
1549 1240 1615 1290 qui
1634 1239 1712 1274 Pe-

1050 1297 1163 1347 lasgis
1192 1297 1348 1347 aliisque
1381 1296 1564 1333 Graeciae
1583 1295 1712 1345 genti·
1751 1307 1766 1323 ·

1051 1354 1120 1391 bus
1161 1353 1358 1389 literarum
1404 1350 1612 1403 primordia
1650 1352 1712 1390 vel

1051 1417 1139 1446 ante
1171 1408 1307 1446 Cadmi
1337 1411 1377 1445 in
1411 1410 1611 1446 Graeciam
1641 1407 1712 1445 ad-

1050 1473 1210 1504 ventum
1231 1467 1383 1515 cognita
1402 1466 1516 1503 fuisse
1527 1465 1710 1502 dicerent.

1048 1523 1238 1560 Diodorus
1257 1524 1329 1567 ΠΙ,
1350 1524 1403 1563 66
1417 1552 1426 1570 ,
1457 1536 1507 1559 ex
1527 1523 1712 1573 Dionysio

1050 1580 1176 1628 refert,
1199 1581 1344 1616 Limun
1363 1579 1488 1615 literas
1509 1592 1531 1615 a
1565 1577 1710 1615 Cadmo

1051 1650 1072 1673 e
1092 1635 1301 1673 Phoenicia
1322 1636 1450 1672 allatas
1473 1634 1521 1672 ad
1541 1636 1711 1672 Graeco-

1049 1707 1137 1730 rum
1176 1692 1382 1729 dialectum
1425 1692 1712 1728 transformasse

1051 1748 1126 1802 (εἶς
1137 1746 1210 1801 τήν
1226 1744 1462 1800 Ἑλληνικὴν
1479 1752 1713 1799 μεταθεῖναι

1051 1804 1282 1858 διάᾶεκτον)
1327 1818 1517 1856 suumque
1555 1805 1712 1854 singulis

1051 1864 1285 1901 constituisse
1295 1870 1438 1899 nom'en
1452 1860 1714 1898 characteres-

1050 1933 1126 1973 que
1166 1919 1356 1956 affluxisse
1387 1917 1703 1968 (ὅιατυπᾱῖσαι);

1049 1976 1154 2014 unde
1174 1977 1300 2013 literas
1321 1976 1518 2012 communi
1553 1973 1712 2026 quidem

1050 2034 1318 2072 Phoenicia-rum
1327 2033 1579 2083 appellatione
1605 2043 1712 2067 com-

1048 2088 1255 2140 prehendi,
1287 2087 1391 2140 quod
1419 2087 1467 2124 ad
1494 2088 1658 2124 Graecos
1688 2100 1710 2123 e

1048 2145 1257 2183 Phoenicia
1284 2145 1425 2181 fuerint
1455 2144 1612 2190 allatae,
1643 2142 1709 2180 sed

1048 2210 1179 2253 postea
1209 2202 1389 2252 peculiari
1427 2200 1708 2249 Pelasgicar'um,

1050 2272 1140 2296 cum
1160 2257 1262 2295 hisce
1283 2256 1562 2295 characteribus
1584 2263 1709 2293 trans-

1047 2316 1216 2352 formatis
1236 2316 1348 2365 primi
1368 2315 1442 2351 siut
1471 2315 1526 2350 usi
1546 2313 1710 2363 Pelasgi.

1045 2374 1089 2408 Ιιι
1121 2373 1256 2423 quibus
1295 2371 1410 2408 verba
1439 2369 1557 2407 modo
1595 2370 1707 2406 allata
1743 2420 1749 2422 ὴ

1048 2428 1105 2475 εἰς
1125 2425 1197 2479 τήν
1217 2423 1453 2477 Ἑλληνικὴν
1474 2429 1706 2476 μεταθεῖναι

1049 2480 1265 2531 διάλεκτον,
1287 2485 1337 2520 ita
1357 2485 1516 2534 intelligi
1536 2483 1617 2521 vult
1629 2483 1707 2518 Pe—

1049 2543 1168 2577 rizon.
1189 2540 1237 2577 ad
1259 2542 1406 2577 Aelian.
1428 2541 1473 2578 V.
1491 2541 1539 2576 H.
1559 2540 1624 2585 III,
1639 2540 1704 2586 32,

1048 2605 1090 2634 ut
1109 2598 1225 2635 Linus
1246 2598 1368 2635 literas
1377 2596 1534 2634 Punicas
1546 2597 1583 2633 in
1593 2596 1706 2633 Grae-

1048 2668 1124 2691 cam
1153 2654 1314 2703 linguam
1349 2654 1531 2691 contulerit
1550 2649 1705 2702 aptando

1049 2713 1094 2748 iis
1107 2712 1270 2761 figuram
1289 2714 1321 2747 et
1345 2710 1632 2761 appellationem:
1652 2708 1703 2743 ita

1050 2775 1089 2805 ut
1110 2767 1266 2805 Diodori
1278 2768 1454 2814 narratio,
1475 2766 1504 2803 si
1521 2763 1613 2817 quid
1632 2762 1703 2799 ha-

1798 403 1800 406 v
1787 296 1811 394 μιῦϊὸ
