1789 3213
0 336 60 381 13

441 219 913 257 POLYMNIA.
971 219 1069 256 VII.
1295 219 1378 259 765

207 326 485 382 Ἀπορὲοντος
523 327 568 372 δὲ
599 328 798 383 βασιλέος
836 327 862 370 ὅ
908 343 947 370 τι
985 324 1184 382 χρήσεται
1211 328 1272 385 τῷ
1299 341 1377 369 πα·
1434 333 1672 374 Moxrroditur'

1434 370 1526 395 Xerxi
1547 368 1585 394 ab
1610 367 1635 393 E
1642 365 1705 401 phi-

130 396 272 451 ρεόντι
299 394 526 451 πρήγματι,
552 394 777 451 Ἐπιάλτης
798 395 821 438 ὁ
842 393 1130 451 Εὐρυδήμου,
1161 392 1270 449 ἀνὴρ
1286 397 1378 450 Μη-
1434 403 1497 429 ane
1516 401 1660 428 Maliensi

1436 435 1555 468 semita,
1567 443 1625 469 qua
1633 434 1705 461 Per-

129 464 255 514 λιεύς,
284 457 392 519 ἦλθέ
422 464 465 504 οἱ
493 462 536 513 ἐς
563 462 735 519 λόγους,
766 463 824 514 ὦς
853 462 962 518 μέγα
984 479 1023 505 τι
1040 461 1156 517 παρα
1178 462 1378 517 βασιλέος
1434 477 1532 495 *arum
1551 476 1657 502 agmen

1434 501 1665 528 circumductum

129 529 294 575 δοκέων
332 531 548 572 οἴσεσθαι·
586 530 745 586 ἔφρασέ
775 546 819 573 τε
858 528 938 586 τήν
969 528 1166 584 ἀτραπόν
1194 528 1274 584 τὴν
1305 527 1376 572 διὰ
1436 536 1571 562 Graecos
1592 538 1707 568 atergo

1434 569 1602 595 invaderet.
1632 568 1709 594 Poe-

128 601 209 641 τοῦ
239 596 393 651 οὔρεος
414 597 639 652 φέρουσαν
669 599 711 648 ἐς
735 596 1029 652 Θερμοπύλας,
1061 597 1133 639 καὶ
1154 596 1376 650 διέφθειρε
1388 603 1473 637 55na
1498 601 1646 637 proditori
1669 600 1708 626 ir-

1436 638 1557 669 rogata,
1583 636 1709 669 eiusque

101 664 235 716 Ξτούς
252 664 385 721 ταύτῃ
415 664 734 722 ὑπομείναντας
747 663 975 720 Ἑλλήνων.
1008 663 1192 718 ὕστερον
1223 665 1268 707 ὁὲ
1300 665 1379 708 del—
1437 669 1555 697 caedes-

130 746 208 784 σας
237 735 632 789 Λακεδαιμονίους,
675 735 806 789 ἔφυγε
846 733 888 784 ἐς
922 733 1180 787 Θεσσαλίην·
1223 733 1297 774 καί
1338 732 1382 775 οἱ

130 798 336 857 φυγόντι,
377 800 464 845 ’ὑπὸ
505 805 592 845 τῶν
623 800 910 858 Πυλαγόρων,
940 803 1028 843 τῶν
1051 798 1381 855 Ἀμφικτυόνων

77 1018 218 1058 Herod.
288 1019 409 1056 Paulo
449 1026 537 1057 ante
575 1015 730 1069 οἷλλοῖος

76 1077 216 1113 malam
235 1076 274 1111 in
295 1083 455 1127 partem.

259 1164 352 1216 oap.
375 1165 541 1202 ccxiii.

130 1239 155 1283 ὅ
183 1258 220 1282 τι
251 1239 434 1295 χρήσεται
463 1244 519 1297 τῷ
540 1239 727 1294 παρεόντι

74 1296 300 1351 πρήγματι]
344 1302 401 1336 De
426 1300 617 1336 locutione
640 1299 727 1337 vide

75 1358 124 1393 sis
142 1363 235 1395 nott.
258 1356 306 1393 ad
323 1357 369 1404 V,
394 1360 458 1396 12.
515 1358 590 1393 Pro
614 1358 730 1408 βασι-

47 1412 54 1416 ’
76 1415 172 1463 λῆος
197 1411 283 1449 dedi
304 1412 497 1464 βασιλέος.
536 1415 593 1449 De
614 1413 730 1463 Ephi-

77 1469 149 1506 alte
167 1468 350 1506 Valcken.
377 1470 522 1506 consuli
550 1471 631 1506 vult
651 1470 732 1507 Ou-

77 1524 261 1576 dendorp.
284 1525 331 1562 ad
347 1527 516 1562 Frontin.
537 1527 583 1571 II,
605 1529 642 1571 2,
666 1529 732 1566 13.

75 1582 190 1619 Cuius
211 1583 355 1619 facinus
371 1582 534 1619 Callz'clae
554 1589 590 1619 et
606 1581 641 1618 Τ
640 1583 733 1618 ima-

68 1638 196 1689 phernz'
233 1638 447 1675 Trachiniis
487 1639 573 1675 viris
619 1645 733 1689 atque

76 1696 319 1746 optimatibus
370 1694 547 1731 adscribit
594 1694 734 1731 Ctesias

76 1753 198 1788 Perss.
211 1753 248 1797 ξ.
263 1751 329 1792 24.
364 1751 593 1788 ΤταεΙιίνιῖμηι
611 1764 736 1802 quen-

77 1807 169 1846 dam
188 1808 322 1855 fuisse,
343 1820 540 1858 suppresso
560 1809 731 1855 nomine,

77 1864 219 1901 indicat
247 1863 434 1900 Diodorus
462 1865 530 1910 XI,
551 1866 590 1904 8.
619 1863 736 1914 Ephi-

78 1921 173 1959 alten
192 1927 320 1957 tamen
340 1921 381 1956 in
410 1927 541 1957 mente
560 1919 735 1957 habuisse

79 1977 229 2015 videtur
256 1977 460 2013 Pausanias
488 1978 553 2024 III,
578 1975 604 2015 4
626 1978 662 2022 §.
694 1980 733 2018 6.

82 2034 284 2071 Caeterum
306 2040 349 2070 ut
369 2034 461 2070 olim
475 2034 596 2070 Xerxi
611 2032 736 2084 Ephi-

83 2091 174 2127 altes
212 2091 435 2127 monstravit
473 2091 648 2127 semitam
677 2089 737 2138 (ἕ-

84 2158 211 2197 φρασε
230 2143 303 2196 τὴν
319 2141 538 2198 ἄτραπόν),
568 2148 620 2183 ita
642 2147 737 2183 Ale-

82 2201 230 2239 xandro
258 2205 399 2253 Magno
432 2205 607 2240 semitam
633 2203 738 2240 indi-

84 2259 182 2296 cavit
219 2259 388 2310 proditor
434 2259 536 2310 apud
582 2259 741 2301 D10dor.

85 2317 205 2362 XV11,
238 2318 293 2357 67
327 2323 364 2352 et
395 2317 578 2368 Polyaen.
606 2317 669 2364 IV,
701 2320 739 2364 3,

86 2373 140 2412 27
172 2378 243 2409 etc.
309 2373 436 2424 Atque
470 2387 538 2424 per
576 2373 740 2410 eandem

86 2428 258 2465 semitam
275 2436 403 2479 postea
413 2431 564 2466 Brenno
577 2431 741 2468 Galatis-

89 2497 164 2536 que
184 2484 283 2521 viam
303 2485 342 2520 in
362 2487 559 2526 Graeciam
592 2487 740 2538 patefe-

88 2547 221 2578 cerunt
246 2542 489 2579 Heracleotae
519 2550 632 2595 atque
659 2546 741 2580 Ae-

86 2598 230 2645 nianes,
259 2603 352 2633 teste
372 2599 534 2636 Pausan.
557 2601 607 2648 X,
628 2604 683 2642 22
704 2602 741 2646 ξ.

90 2652 115 2694 5
136 2654 221 2691 coll.
242 2654 404 2704 Appian.
426 2654 513 2705 Syr.
537 2658 601 2697 18.
667 2658 741 2694 At-

89 2710 174 2747 tulit
194 2707 287 2746 haec
307 2708 490 2747 Valcken.

146 2764 212 2804 καὶ
243 2765 445 2817 διέφθειρε
483 2763 577 2813 τούς
617 2763 740 2821 ταύτῃ

91 2819 383 2874 ὑπομείναντας
404 2818 624 2875 Ἑλλήνων]
659 2824 685 2862 i.
705 2837 738 2862 e.

784 1017 917 1056 semita
937 1019 1059 1056 Persis
1083 1025 1289 1056 monstrata
1309 1016 1439 1068 perdi-

786 1075 840 1112 dit
866 1075 1095 1126 (Ephialtes)
1118 1077 1280 1112 Graecos
1300 1076 1352 1111 ibi
1369 1074 1437 1123 (in

784 1131 1080 1183 Thermopylis)
1124 1133 1272 1170 relictos
1310 1138 1438 1168 custo-

784 1188 964 1240 diamque
984 1186 1151 1239 agentes.

839 1243 919 1284 ἰῗπό
938 1243 1020 1283 ’ἐῶν
1045 1238 1439 1296 Πυλαγόρων--οἷρ-

783 1297 926 1353 γύριον
961 1296 1241 1352 ἐπεκηρύχθη]
1293 1301 1318 1335 i.
1353 1313 1385 1336 e.
1416 1311 1440 1335 a

784 1357 979 1407 Pylagorz's
1005 1358 1144 1408 publice
1170 1358 1361 1393 constituta
1390 1358 1441 1392 est

787 1416 932 1463 argenti
960 1426 1093 1451 summa
1121 1415 1157 1451 in
1184 1413 1284 1450 illius
1321 1415 1442 1462 caput,

782 1472 963 1520 proposita
984 1472 1034 1517 ei,
1063 1472 1125 1519 qui
1141 1470 1252 1516 illum,
1287 1469 1444 1506 Graeco-

789 1539 866 1563 rum
895 1529 973 1563 iure
1014 1528 1248 1576 proscriptum
1285 1527 1444 1574 omnique

791 1583 911 1619 divino
934 1586 1038 1632 atque
1063 1583 1212 1619 humano
1236 1583 1311 1618 iure
1332 1593 1444 1618 exem-

790 1642 875 1686 tum,
901 1639 1048 1675 tolleret.
1104 1639 1275 1675 Verbum
1312 1636 1447 1687 ἐπικη-

790 1690 945 1746 ρύττειν
983 1693 1056 1731 hoc
1104 1708 1216 1732 sensu
1254 1695 1446 1731 invenitur

791 1751 893 1802 apud
913 1750 1096 1790 Herodot.
1117 1751 1199 1799 VII,
1231 1750 1326 1791 214.
1365 1752 1446 1786 De-

788 1806 978 1846 mosthen.
1009 1809 1066 1843 De
1092 1808 1174 1845 fals.
1200 1809 1334 1857 Legat.
1356 1819 1445 1857 pag.

791 1863 884 1911 347,
901 1863 954 1904 25
988 1863 1115 1903 Reisk.
1131 1864 1277 1915 Lys.de
1296 1865 1442 1913 impiet.

790 1919 876 1957 adv.
906 1919 1093 1959 Andocid.
1122 1934 1160 1971 p.
1186 1919 1267 1961 214
1315 1919 1444 1957 Reisk.

789 1978 918 2028 ibique
954 1976 1170 2015 Markland.
1213 1977 1445 2026 WVesseling.

791 2033 839 2069 ad
858 2033 1015 2071 Diodor.
1033 2034 1108 2071 Sic.
1121 2035 1225 2081 XIII,
1240 2036 1264 2073 6
1276 2033 1354 2081 fin„
1369 2045 1445 2084 quo

792 2089 952 2126 docente
972 2086 1245 2142 ἐπικηρύττειν
1270 2090 1347 2129 τινὶ
1373 2086 1446 2139 οἷρ-

790 2143 933 2199 γύριον
966 2146 1118 2194 dicunt,
1158 2159 1247 2184 cum
1284 2147 1448 2197 pecunia

794 2204 945 2254 publice
965 2217 1032 2254 per
1043 2216 1270 2254 praeconem
1289 2203 1448 2254 praemii

794 2261 879 2296 loco
899 2261 970 2297 illis
991 2261 1248 2308 constituitur,
1271 2263 1336 2312 qui
1355 2272 1448 2311 pro-

794 2317 974 2367 scriptum
996 2318 1235 2354 obtruncant.
1254 2339 1310 2343 —
1370 2315 1449 2366 Py-

795 2373 938 2422 lagoras
958 2386 1035 2410 una
1055 2387 1143 2410 cum
1153 2376 1448 2410 Hieromnemo-

793 2431 904 2467 nibus
924 2431 1067 2481 legatos
1093 2444 1122 2467 s.
1144 2437 1308 2466 oratores
1336 2429 1450 2465 fuisse

794 2488 971 2524 novimus
992 2500 1012 2523 a
1032 2487 1187 2536 singulis
1216 2488 1450 2523 Graecorum

794 2545 1004 2580 civitatibus
1040 2545 1172 2580 missos
1206 2542 1254 2580 ad
1283 2541 1450 2593 Amphi-

795 2601 992 2651 ctyonium
1019 2601 1245 2647 concilium,
1285 2611 1450 2651 quorum

796 2669 894 2708 quae
914 2656 1026 2692 fuerit
1055 2657 1253 2693 auctoritas
1285 2667 1449 2702 summa,

796 2726 984 2765 quaenam
1001 2713 1144 2760 munia,
1172 2713 1340 2763 pluribus
1361 2724 1450 2762 per-

794 2770 964 2821 sequitui·
991 2769 1204 2807 Tittmann.
1246 2769 1372 2805 Ueber
1410 2766 1449 2806 d.

794 2824 910 2863 Bund
930 2824 966 2866 d.
987 2823 1209 2878 Amphicty.
1239 2838 1322 2878 cap.
1341 2825 1393 2863 1V
1412 2825 1449 2870 §.
