1870 3249
376 201 1036 242 TERPSICHORE.
1095 200 1142 237 V.

1336 200 1393 241 93

139 316 322 365 ἅπαντες
357 313 568 370 χρέωνται
611 312 834 362 Φοίνικες’
863 310 969 367 μετὰ
999 310 1067 364 δὲ,
1093 308 1258 366 χρόνου
1277 324 1379 365 προ·

79 503 164 541 beat
181 499 283 547 veri,
314 496 361 535 de
388 496 510 548 figura
535 497 731 533 literarum

79 558 282 608 accipiatur
291 557 440 592 inversa
461 554 507 590 ab
527 555 675 590 sinistra
690 554 740 589 iu‘

77 614 248 652 dextram
266 625 372 650 secus
393 624 510 663 quam
529 617 733 647 exarantur

75 672 204 709 literae
212 668 442 707 Phoeniciae
454 696 463 715 ,
483 680 599 719 quam
610 668 732 704 solam

75 729 115 764 in
151 728 266 764 literis
297 740 318 763 e
355 724 564 761 Phoenicia
613 725 733 761 allatis

74 786 327 822 mutationem
357 795 379 818 a
409 782 563 818 Graecis
592 782 733 818 factam

76 854 155 878 esse
176 840 318 877 iudicat
336 840 570 876 Perizonius.
603 839 732 890 Atque

75 896 180 935 haud
209 899 286 934 scio
314 910 363 933 an
390 909 434 932 eo
456 902 628 946 spectent
651 897 733 931 No-

73 955 139 992 stri
168 955 283 991 verba
297 965 316 998 z,
339 950 554 1004 μετέβαλον
576 950 643 990 fai
661 948 731 991 τόν

75 1008 233 1062 ῥυθμὸν
283 1011 362 1049 τῶν
411 1004 650 1061 γραμμάτων
694 1015 732 1045 et

74 1068 189 1118 paulo
208 1073 314 1118 post:
341 1063 732 1118 μεταῤῥυθμίσαντές

75 1136 210 1174 σφεων
243 1119 358 1175 ὀλίγα
387 1138 423 1161 κ.
455 1138 488 1161 τ.
516 1125 550 1161 λ.
621 1122 728 1167 Quae

74 1179 162 1218 dein
183 1179 231 1217 de
251 1181 451 1230 Pelasgicis
471 1180 585 1216 literis
606 1178 732 1216 adiicit

36 1265 44 1270 2
73 1236 261 1274 Diodorus
298 1238 324 1274 l.
364 1237 403 1284 l.,
432 1238 472 1272 in
511 1237 556 1273 iis
592 1236 731 1272 falsum

75 1307 154 1331 esse
183 1301 248 1330 aut
275 1293 488 1331 Diodorum
521 1300 585 1330 aut
614 1306 732 1345 quem

74 1352 243 1402 sequitur
280 1352 525 1402 Dionysium,
575 1357 732 1387 annotat

74 1408 364 1458 Wesselingins.
410 1406 472 1443 Ad
493 1406 732 1444 Herodotum

74 1470 116 1501 ut
135 1471 311 1511 revertar,
330 1464 452 1501 verbis
474 1462 528 1511 ὥς
549 1462 636 1514 ἐμοὶ
664 1464 734 1503 δο-

73 1519 177 1560 κέειν
215 1520 367 1558 adiectis
405 1520 596 1558 Nitzschio
633 1534 733 1573 quo-

74 1590 149 1629 que
177 1576 263 1627 (De
287 1579 451 1615 Historia
478 1579 635 1615 Homer.
655 1580 673 1615 I
692 1592 731 1629 p.

73 1635 126 1674 78
157 1647 236 1686 seq.
268 1635 340 1685 80)
376 1635 440 1670 ille
469 1634 621 1671 videtur
649 1648 731 1672 non

72 1690 152 1741 ipse
168 1690 451 1728 dubitabundus
471 1691 730 1740 iudicare,sed

74 1754 204 1784 contra
229 1749 320 1785 alios
351 1748 538 1801 quosdam
568 1756 730 1786 conten—

75 1801 176 1851 dei-e,
212 1806 347 1856 quibus
368 1806 504 1842 Graeci
530 1807 610 1842 iam
640 1813 729 1842 ante

74 1872 192 1911 quam
223 1860 387 1898 Cadmus
415 1861 626 1899 Phoenices
661 1862 734 1899 ad-

75 1915 254 1963 duxisset,
284 1919 408 1954 literas
430 1917 602 1955 didicisse
622 1918 731 1955 vide—

74 1972 221 2021 bantur,
233 1975 460 2025 Dionysium
470 1976 655 2026 imprimis
672 1982 731 2012 at—

71 2042 146 2080 que
161 2031 408 2078 Hecataeum,
429 2039 635 2084 utriunque
654 2033 730 2068 Mi-

68 2085 217 2133 lesium,
240 2088 304 2138 qui
324 2100 345 2124 a
364 2089 497 2125 Danao
519 2096 607 2125 ante
628 2087 730 2126 Cad-

68 2154 179 2179 mum
207 2144 331 2181 literas
357 2145 485 2181 allatas
514 2145 629 2183 fuisse
649 2153 730 2183 tra-

70 2197 261 2248 diderant,
311 2200 517 2240 Phoenicias
554 2210 592 2239 et
630 2203 728 2254 ipsas

71 2254 189 2293 dictas
219 2270 238 2293 a
271 2256 491 2307 Phoenice,
538 2260 727 2310 Agenoris

70 2311 162 2350 filio.
199 2314 235 2349 A
259 2315 395 2366 quibus
416 2315 638 2353 dissentiens
647 2319 730 2353 He-

70 2368 225 2407 rodotus
244 2373 410 2409 nominis
431 2386 584 2425 quoque
610 2375 730 2411 ratio—

70 2439 162 2462 nem
210 2429 399 2466 veriorem
444 2429 728 2478 demonstravit,

71 2481 296 2521 Phoenicias
323 2486 448 2523 literas
473 2499 494 2523 a
522 2486 730 2524 Phoenici-

70 2539 153 2587 bus,
184 2541 249 2592 qui
269 2554 330 2595 eas
349 2543 389 2578 in
410 2544 610 2581 Graeciam
625 2545 731 2581 intu—

71 2596 196 2643 lerint,
228 2596 344 2635 dictas
368 2612 447 2636 esse
469 2607 648 2649 statuens,
678 2602 731 2638 ita

71 2659 113 2689 ut
132 2651 295 2690 dubitari
321 2664 508 2708 nequeat,
539 2658 631 2709 quin
651 2659 731 2709 ipse

70 2709 267 2747 literarum
298 2724 411 2765 usum
440 2712 732 2752 aPhoenicibus

76 2765 255 2804 traditum
292 2782 370 2805 esse
409 2769 622 2809 crediderit.
658 2773 732 2809 At-

75 2834 149 2874 que
175 2823 215 2860 id
233 2826 313 2875 Ipsa
338 2827 431 2863 ratio
453 2828 604 2865 evincit.
661 2829 731 2865 Ni-

789 494 844 532 hil
874 495 979 532 enim
1008 493 1186 545 dubium,
1218 496 1311 548 quin
1336 495 1449 534 sede-

788 553 864 590 cim
883 553 1026 600 literae,
1046 552 1183 604 quibus
1204 553 1295 591 olim
1315 553 1451 591 Graeci

792 611 867 647 sint
900 610 969 657 usi,
1020 617 1216 647 auctorem
1246 609 1450 648 habuerint

788 667 867 704 sive
892 665 1083 703 Cadmum
1114 668 1193 705 sive
1223 666 1449 717 Phoenices,

790 725 856 776 qui
871 724 970 760 inter
980 722 1150 761 rudiores
1161 726 1342 762 Graeciae
1351 737 1449 775 gen-

788 787 843 818 tes
863 781 1059 817 literarmn
1079 783 1253 818 omnium
1275 789 1450 833 expertes

787 838 1034 888 propagarint
1061 839 1149 875 istas
1179 852 1199 875 a
1220 852 1260 876 se
1278 841 1448 890 primum

789 896 932 935 allatas.
980 896 1045 932 Tu
1066 896 1167 932 cons.
1181 926 1190 944 ,
1210 910 1261 933 ne
1279 897 1389 947 plura
1407 897 1449 932 in

788 965 828 988 re
852 950 1063 988 admodum
1084 951 1291 1003 disceptata
1312 960 1348 990 et
1365 954 1449 1004 agi-

785 1016 883 1056 tata,
914 1007 1081 1045 Fischer.
1110 1008 1158 1046 ad
1185 1011 1348 1047 Weller.
1373 1011 1392 1046 I
1410 1024 1451 1061 p.

789 1068 814 1106 7
843 1066 930 1102 coll.
973 1065 1148 1102 Boeckh.
1187 1066 1450 1104 Staatshaush.

789 1121 826 1159 d.
856 1121 949 1159 Ath.
981 1124 1017 1158 II
1044 1136 1132 1173 pag.
1157 1125 1252 1164 387.
1291 1125 1390 1161 Rose
1409 1125 1451 1160 in

788 1181 977 1229 Inscriptt.
1012 1192 1099 1230 pag.
1138 1180 1209 1216 VII
1236 1194 1343 1233 seqq.
1376 1180 1450 1218 Cr.

789 1235 838 1273 ad
867 1235 1053 1273 Herodoti
1090 1237 1221 1274 locum
1253 1244 1451 1288 praeterea

788 1294 950 1330 conferri
989 1294 1070 1331 vult
1100 1293 1451 1332 Raoul-Rochette

787 1352 902 1387 Deux
932 1352 1079 1388 Lettres
1100 1350 1122 1387 a
1143 1351 1297 1403 Mylord
1323 1352 1451 1388 Aber-

790 1407 901 1444 deen.
931 1409 1037 1444 Paris
1071 1410 1177 1449 1816
1205 1421 1295 1459 pag.
1325 1408 1390 1456 65,
1412 1415 1452 1445 et

788 1466 891 1515 Hug.
913 1466 1089 1501 Grotium
1108 1467 1166 1501 De
1194 1468 1351 1503 veritate
1371 1467 1451 1502 Re-

788 1523 854 1572 lig.
885 1521 1022 1560 Christ.
1051 1522 1137 1559 Lib.
1165 1524 1183 1558 I
1207 1524 1245 1568 §.
1278 1524 1328 1563 15
1359 1535 1450 1572 pag.

787 1582 841 1620 26
885 1593 992 1632 seqq.
1031 1578 1092 1616 ed.
1132 1580 1287 1617 Halens.
1330 1577 1452 1620 1734.

788 1636 889 1681 Quin
909 1638 989 1688 ipse
1006 1637 1048 1674 C.
1071 1637 1116 1673 Ο.
1131 1638 1279 1673 Miiller.
1301 1634 1451 1674 Orcho-

785 1706 890 1731 men.
909 1707 998 1744 pag.
1022 1693 1100 1734 115
1123 1701 1160 1730 et
1181 1694 1449 1743 Gotting.A11-

786 1745 881 1801 zeig.
916 1753 1019 1791 1831
1052 1763 1111 1787 nr.
1145 1753 1194 1790 31
1218 1765 1257 1801 p.
1274 1752 1357 1790 299
1375 1749 1449 1786 hoc

787 1807 828 1842 in
854 1807 1015 1844 dubium
1033 1820 1171 1844 vocare
1197 1809 1357 1843 minime
1379 1819 1451 1842 au-

788 1876 849 1900 sus
881 1870 960 1909 est,
1003 1864 1168 1900 Graecos
1200 1876 1222 1900 a
1241 1862 1449 1899 Phoenici-

787 1920 857 1956 bus
880 1919 1054 1956 didicisse
1083 1920 1228 1968 literas,
1258 1919 1325 1956 sed
1346 1918 1449 1956 Cad-

785 1988 896 2012 mum
933 1989 994 2013 eas
1035 1977 1200 2013 attulisse
1239 1989 1449 2028 earumque

788 2033 933 2068 censeri
985 2039 1182 2069 auctorem
1216 2034 1280 2069 ille
1318 2040 1448 2084 negat,

787 2103 877 2126 cum
907 2090 1047 2126 Ionum
1066 2091 1191 2140 potius
1213 2091 1447 2127 commercio

785 2147 982 2183 literarum
998 2147 1234 2183 Punicarum
1255 2148 1447 2198 cognitio-

784 2216 877 2240 nem
897 2203 1033 2240 Graeci
1050 2202 1264 2241 debuerint.
1313 2205 1365 2241 At
1384 2204 1447 2241 vel

784 2267 873 2297 ante
900 2262 1012 2297 Iones
1041 2262 1273 2298 commercio
1303 2261 1446 2298 floreu-

782 2324 838 2354 tes
857 2318 988 2353 literae
1009 2318 1162 2355 Graecis
1173 2319 1348 2368 cognitae
1359 2318 1446 2354 fue-

785 2381 886 2411 runt.
935 2375 1067 2426 Itaque
1089 2375 1127 2410 in
1149 2374 1335 2412 Herodoti
1353 2387 1447 2411 nar-

785 2432 931 2467 ratione
951 2431 1272 2483 acquiescendum
1286 2462 1296 2479 ,
1327 2444 1445 2484 quam

786 2489 893 2524 omni
912 2487 987 2524 fide
1008 2487 1167 2538 dignam
1185 2489 1321 2525 merito
1342 2487 1446 2525 iudi-

785 2545 884 2581 cavit
893 2546 994 2595 Hug.
1006 2544 1252 2596 (Erfindung.
1265 2544 1302 2582 d.
1312 2543 1446 2581 Buch-

785 2601 1050 2638 stabenschrift
1079 2614 1168 2652 pag.
1192 2601 1444 2651 135—142),

785 2671 857 2694 nec
876 2658 1013 2695 Wolfii
1042 2658 1239 2710 probanda
1260 2660 1446 2696 sententia

786 2716 826 2751 in
838 2716 1016 2765 Prolegg.
1038 2715 1086 2753 ad
1104 2717 1262 2752 Homer.
1277 2729 1315 2766 p.
1336 2716 1443 2751 LIII:

786 2771 1052 2819 „Herodotum
1099 2774 1178 2809 veri
1232 2772 1446 2809 amantissi-

785 2841 895 2865 mum
925 2830 1063 2879 pariter
1095 2835 1132 2865 et
1172 2828 1347 2866 fictorum
1375 2841 1446 2866 cu—
