1870 3249
402 177 1057 216 TERPSICHORE.
1116 176 1162 213 V.

1357 175 1414 215 25

157 288 347 345 καλύβης
375 303 419 330 τε
449 287 495 330 ἐν
524 282 553 344 ᾗ
582 288 822 338 διαιτᾶται,
859 286 931 329 καὶ
970 284 1112 341 θύρης
1139 287 1412 339 καταπακτῆς

157 358 229 402 διοὶ
258 361 347 400 τῶν
379 357 530 410 ἰκρίων
560 353 675 398 κάτω
707 353 927 411 φερούσης
966 355 1009 406 ἐς
1038 353 1118 409 τὴν
1148 355 1314 410 λίμνην.
1358 352 1466 395 τοὶ95

157 425 202 468 δὲ
231 423 365 479 νήπια
395 425 548 466 παιδία
578 422 727 466 δέουσι
746 426 826 466 τοῦ
854 422 992 474 ποδὸς
1022 421 1216 478 σπάρτῳ,
1251 419 1307 477 μή
1339 437 1412 464 κα-

126 495 398 549 6τακυλισθῇ
429 493 734 547 δειμαίνοντες.
780 495 909 533 τοῖσν
925 491 971 533 δὲ
1001 492 1168 533 ἵπποισι
1199 489 1272 531 καὶ
1301 492 1414 530 τοῖσι

154 558 428 614 ὑποζυγίοισι
455 559 694 615 παρέχουσι
731 559 890 615 χόρτου
920 560 1055 613 ἰχθῦς.
1112 561 1200 600 τῶν
1231 557 1276 599 δὲ
1309 559 1413 610 πλῆ-

152 626 237 678 θός
269 628 357 671 ἐστι
385 632 617 680 τοσοῦτον,
657 626 765 670 ὥστε
805 626 912 670 ὅταν
940 626 1020 681 τήν
1048 625 1196 681 θύρην
1228 625 1307 681 τὴν
1336 640 1414 667 κα-

153 694 376 752 ταπακτὴν
416 694 649 753 ἀνακλίνῃ,
692 696 828 739 κατίει
858 697 1016 751 σχοίνῳ
1046 695 1236 748 σπυρίδα
1265 690 1413 748 κεινὴν

97 867 191 906 dans
227 869 331 906 lacus
370 869 538 920 speciem
570 882 661 907 sane
690 882 753 905 re-

95 926 193 962 ferre
213 925 398 963 videatur.

152 978 287 1034 θύρης
316 982 594 1033 καταπακτῆς]
644 981 754 1018 Reis-

97 1037 184 1076 kius
222 1040 334 1076 scribi
378 1040 526 1075 mavult
555 1037 755 1089 καταῤῥα-

96 1098 194 1146 κτῆς
207 1103 243 1132 et
252 1109 359 1143 mox,
379 1096 446 1132 ubi
455 1094 560 1132 idem
575 1094 672 1132 redit
684 1108 755 1131 vo-

97 1153 299 1198 cabulum‚
321 1148 610 1203 καταῤῥακτήν,
637 1159 679 1188 ut
699 1153 756 1189 ia-

35 1259 43 1264 r
95 1222 168 1247 τινα
184 1210 417 1260 intelligatur
437 1209 635 1254 demissilis,
657 1221 756 1261 quae

98 1267 218 1303 attolli
246 1280 289 1303 ac
328 1266 477 1303 demitti
515 1273 640 1318 queat.
705 1266 757 1302 At

96 1324 373 1374 Wesselingius
401 1319 656 1374 καταπακτήν
677 1318 756 1360 θύ-
805 1343 808 1344 ’

99 1395 175 1431 ρην
217 1380 380 1417 eandem
408 1380 483 1417 dici
520 1381 603 1417 vult
643 1386 756 1431 atque

96 1433 366 1487 καταπηκτήν.
424 1437 533 1473 Valla
552 1450 596 1474 ac
617 1437 753 1473 Portus

96 1494 392 1544 interpretantur
410 1496 553 1531 ianuam
569 1495 648 1531 bene
664 1506 755 1530 com—

92 1554 238 1600 pactam
283 1558 320 1588 et
350 1552 505 1602 firmiter
549 1551 754 1597 obseratam,

96 1608 333 1644 Gronovius:
373 1608 557 1658 depactam
595 1609 753 1655 ianuam,

97 1662 504 1715 Schweighaeuserus:
546 1664 753 1714 plicatilem.

95 1721 136 1757 in
146 1723 288 1759 Lexico
299 1721 516 1758 Herodoteo
529 1720 672 1758 reddit:
696 1722 754 1758 ia-

95 1791 204 1815 nuam
220 1792 287 1816 non
304 1783 451 1816 erectam
461 1777 528 1815 sed
548 1778 646 1816 humi
659 1781 755 1815 stra-

97 1837 172 1872 tam
211 1842 248 1872 et
291 1836 344 1872 ita
382 1842 641 1886 compactam,
698 1841 754 1881 ut,

99 1890 252 1942 quando
275 1892 400 1928 clausa
421 1899 500 1928 erat
514 1921 523 1939 ,
555 1905 644 1928 cum
665 1892 757 1927 reli-

100 1960 177 1999 quo
214 1948 382 1984 tabulato
413 1949 453 1984 in
484 1947 635 1984 eodem'
662 1953 758 1983 esset

99 2004 228 2056 plano.
267 2005 366 2040 Hinc
387 2005 520 2055 procul
541 2004 656 2040 dubio
677 2005 759 2039 No-

99 2067 239 2097 strum:
291 2060 502 2108 Falltltiire,
554 2060 758 2109 Zugtlnire.

100 2117 275 2162 Quocum
307 2119 422 2154 etiam
453 2118 550 2154 bene
580 2117 760 2153 convenit

98 2174 261 2210 verbum
273 2169 502 2212 οἷνακλίνειν
514 2173 561 2210 de
571 2172 758 2210 eiusmodi

98 2230 242 2267 foribus
263 2231 402 2281 quando
421 2232 642 2282 aperiuntur,
658 2231 757 2267 bene

99 2286 324 2335 adhibitum,
360 2301 450 2324 cum
469 2289 619 2339 proprie
639 2289 686 2324 sit
704 2300 759 2324 re-

92 2345 250 2395 flectere,
279 2347 504 2394 resupinare,
531 2348 757 2394 retroponere,

100 2400 206 2452 quod
238 2400 343 2438 idem
372 2408 426 2438 est
455 2409 567 2452 atque
606 2404 756 2452 aperire,

100 2464 143 2494 ut
181 2457 283 2508 apud
312 2460 470 2495 Homer.
503 2459 548 2495 Il.
584 2458 630 2505 V,
662 2458 757 2499 751.

99 2515 169 2560 IX,
203 2515 298 2556 395.
339 2515 472 2567 Odyss.
505 2516 630 2562 XXII,
664 2515 757 2556 156.

103 2570 196 2611 157.
217 2572 285 2618 XI,
306 2571 400 2613 525.
419 2594 476 2599 -—
495 2571 558 2608 Ad
577 2572 691 2609 verba
711 2567 760 2610 τά

101 2624 145 2666 δὲ
175 2622 303 2678 νήπια
328 2629 469 2667 παιδία
517 2627 651 2667 δέουσι
683 2629 758 2667 τοῦ

101 2681 222 2730 ποδὸς
234 2680 393 2738 σπάρτῳ
403 2686 636 2736 Wesseling.
649 2698 759 2722 com-

102 2747 209 2791 parat
247 2741 444 2778 Heliodori
482 2740 688 2793 Aethiopp.
741 2744 759 2778 1

105 2797 219 2849 [cap.
242 2797 294 2847 5]
327 2811 365 2850 p.
401 2800 464 2839 11.
513 2799 759 2836 Homericam

809 881 947 905 vocem
977 864 1146 919 νήπιος,
1178 867 1225 904 de
1255 881 1330 920 qua
1359 867 1467 917 plura

809 926 850 961 in
888 927 1038 962 Lexicis
1076 924 1278 961 traduntur
1293 954 1302 971 ,
1350 936 1467 960 nemo

809 983 974 1031 ignorat.
1032 983 1118 1018 Huc
1149 983 1390 1032 potissimum
1409 980 1469 1016 fa-

811 1040 916 1075 ciunt
932 1038 973 1075 hi
982 1039 1061 1075 fere
1081 1039 1173 1075 loci:
1201 1033 1346 1089 νήπιος
1366 1034 1468 1085 υἷός,

811 1095 858 1132 de
869 1096 953 1146 filio
975 1095 1115 1145 infante
1133 1096 1178 1132 Il.
1200 1096 1246 1142 V,
1267 1095 1469 1135 480688.

811 1153 875 1200 VI,
897 1155 993 1193 366.
1013 1151 1110 1193 400·
1141 1147 1267 1202 νήπια
1288 1149 1405 1189 τέκνα
1425 1151 1469 1186 Il.

811 1211 860 1256 Π,
903 1212 982 1250 136
1015 1209 1102 1246 οοΠ.
1140 1211 1234 1249 311.
1279 1209 1343 1256 IV,
1374 1209 1469 1248 238.

812 1267 875 1314 VI,
898 1265 951 1307 95
974 1273 1046 1303 etc.

869 1326 970 1362 τοῖσι
1010 1320 1053 1361 δὲ
1093 1321 1251 1361 ἵπποισι
1273 1342 1330 1350 ·-
1349 1317 1467 1369 παρέ-

813 1392 926 1431 χουσι
947 1375 1089 1431 χόρτον
1114 1379 1249 1430 ἰχθῦς]
1273 1377 1386 1414 Haud
1406 1378 1469 1413 in-

811 1438 936 1474 solens
965 1438 1144 1473 iumentis
1174 1435 1360 1487 pabulum
1391 1447 1470 1471 esse

811 1494 930 1544 pisces
965 1495 1243 1543 Wesselingius
1288 1504 1470 1542 compro-

812 1552 901 1587 bare
921 1550 1076 1599 studuit,
1097 1550 1296 1587 Athenaeo
1317 1547 1471 1585 laudato

810 1609 911 1655 VIII,
944 1608 996 1649 35
1017 1621 1054 1659 p.
1079 1606 1158 1648 345
1186 1608 1233 1643 E.
1264 1605 1310 1643 de
1341 1604 1472 1642 Thra-

813 1666 893 1702 ciae
914 1665 1047 1713 bobus,
1081 1678 1179 1716 quae
1212 1663 1375 1715 piscibus
1402 1676 1472 1699 ve-

811 1728 975 1769 scantur,
999 1729 1210 1768 enarrante,
1233 1720 1412 1757 adiiciens
1433 1720 1473 1755 in

810 1778 955 1829 frigidis
993 1786 1030 1815 et
1068 1779 1267 1815 maritimis
1295 1778 1473 1826 Europae

811 1837 992 1872 tractibus
1012 1836 1131 1886 pisces
1163 1835 1340 1870 iumentis
1362 1845 1474 1883 saepe

815 1894 894 1928 esui
915 1905 1006 1928 esse.
1068 1893 1150 1936 Quo
1175 1892 1290 1927 etiam
1310 1891 1474 1940 pertinet

813 1949 964 1985 Aeliani
973 1949 1078 1984 locus
1090 1950 1147 1984 De
1157 1949 1203 1984 N.
1214 1948 1261 1984 A.
1274 1947 1394 1993 XVII,
1407 1948 1476 1986 30.

870 2006 994 2043 κατίει
1017 2006 1161 2056 σχοίνῳ
1182 2003 1382 2055 σπυρίδα]
1405 2018 1474 2040 κα-

813 2060 887 2099 τίει
909 2062 952 2110 (i.
966 2075 999 2098 e.
1022 2061 1192 2110 demittit)
1215 2074 1304 2097 cum
1315 2066 1473 2096 recentt.

815 2117 904 2154 edd.
938 2116 1116 2165 exhibui,
1148 2116 1342 2156 Schaefer.
1373 2117 1474 2153 male

814 2179 953 2213 κατιεῖ.
997 2176 1063 2212 Tu
1095 2174 1174 2212 vid.
1195 2182 1293 2212 nott.
1316 2173 1363 2211 ad
1382 2175 1411 2220 I,
1435 2176 1474 2214 6.

818 2234 909 2272 180.
947 2233 1013 2279 ΙΙΙ,
1053 2235 1146 2273 109.
1195 2234 1253 2268 De
1292 2232 1473 2277 subiecto,

814 2287 918 2339 quod
938 2296 1089 2335 vocant,
1110 2290 1149 2325 in
1172 2287 1229 2326 his
1246 2290 1383 2325 omisso
1396 2286 1472 2324 vid.

812 2343 948 2383 Matth.
969 2346 1036 2383 Gr.
1058 2347 1124 2383 Gr.
1147 2347 1169 2392 ξ
1191 2345 1286 2391 295,
1317 2346 1384 2382 ubi
1403 2357 1473 2396 pro

811 2402 857 2449 V,
883 2405 902 2442 1
918 2402 942 2443 5
962 2404 1037 2453 leg.
1058 2403 1104 2450 V,
1120 2406 1137 2443 1
1155 2405 1192 2443 6.
1206 2425 1261 2429 —ss
1280 2405 1355 2440 Pro
1367 2401 1474 2454 σχοί-

813 2473 869 2511 νῳ
901 2460 941 2495 in
971 2459 1119 2497 duobus
1157 2460 1259 2496 libris
1299 2461 1473 2511 σχοινίῳ,

814 2528 913 2568 quae
944 2516 1068 2553 forma
1089 2518 1274 2568 reperitur
1293 2518 1356 2564 IV,
1381 2517 1473 2557 154.

814 2594 870 2599 ——
911 2574 1085 2626 σπυρίδα
1122 2574 1292 2624 intelligo
1332 2574 1473 2619 corbem,

814 2630 1005 2667 canestrum
1026 2644 1046 2667 e
1066 2631 1271 2668 viminibus
1292 2633 1423 2667 textum
1441 2643 1471 2666 s.

809 2686 964 2736 plexum.
995 2687 1053 2725 Cf.
1074 2688 1223 2724 Arrian.
1235 2687 1396 2737 Epictet.
1408 2687 1472 2733 IV,

818 2745 882 2783 10.
939 2745 1042 2781 Inter
1072 2745 1302 2795 piscatorum
1332 2744 1473 2781 instru-

814 2807 967 2848 menta,
1017 2807 1173 2838 notante
1202 2800 1472 2851 Wesselingio,
