1870 3249
353 230 1007 268 TERPSICHORE.
1066 231 1112 269 V.

1317 234 1374 273 99

83 343 251 383 3ταῦτα
292 339 464 395 ἡλικίην
510 340 576 395 εἴη
619 338 676 381 ἂν
715 338 823 382 κατὰ
855 336 996 382 Λάϊον
1024 338 1102 382 τὸν
1131 338 1372 396 Λαβδάκου

0 419 56 465 50
109 411 192 451 τοῦ
222 408 499 462 Πολυδώρου
536 410 620 450 τοῦ
649 404 850 462 Κάδμου.
897 405 1074 462 ’Έτερος
1113 408 1160 452 δὲ
1189 409 1429 462 τρίπουςέο

111 475 157 518 ἐν
174 473 387 534 ἑξαμέτρῳ
417 473 535 533 τόνῳ
566 474 694 530 λέγει,

294 554 436 594 Σκαῖος
457 552 679 598 πυγμαχέων
698 564 746 597 με
772 550 935 600 ἑκηβόλῳ
962 551 1158 589 Ἀπόλλωνι

291 609 444 656 νικήσας
470 609 633 656 ἀνέθηκε
657 609 735 645 τεῒν
759 609 972 654 περικαλλὲς
994 610 1154 656 ἄγαλμα.

53 807 122 843 ubi
142 807 190 845 ob
215 809 426 858 piraticam,
465 821 582 860 quam
601 821 714 844 exer-

54 864 210 912 cebant,
257 865 532 917 latrociniaque
572 865 715 902 atrocia

53 920 164 958 valde
193 929 298 957 erant
318 923 492 958 infames.
550 920 714 959 Posthac

55 979 177 1027 gentis
197 985 345 1028 partem
367 980 407 1014 in
435 980 583 1015 Italiam
605 991 715 1015 com—

53 1036 235 1084 migrasse
256 1037 488 1085 accepimus.
525 1034 613 1072 vid.
627 1036 714 1071 Vir-

54 1091 119 1141 gil.
138 1092 237 1127 Aen.
257 1092 338 1139 VII,
360 1093 455 1132 735.
485 1093 610 1128 Tacit.
631 1091 717 1127 An-

53 1148 144 1184 nall.
164 1148 228 1194 IV,
261 1150 313 1189 67
341 1148 471 1201 ibique
497 1149 601 1199 Lips.
632 1149 717 1184 Ηο-

51 1217 146 1241 mer.
181 1203 314 1255 Odyss.
345 1205 437 1252 XV,
467 1203 562 1246 426.
611 1205 715 1252 XVI,

36 1259 148 1301 1426.
206 1262 323 1297 Plura
352 1263 474 1298 Kruse
512 1263 553 1298 in
585 1262 715 1298 Hellas

52 1318 100 1365 Π,
130 1319 156 1356 2
183 1330 271 1368 pag.
307 1320 387 1358 273
431 1331 538 1370 seqq.
561 1318 717 1356 Creuz.

55 1373 202 1410 confert
232 1376 346 1410 etlam
365 1376 485 1411 Lanzi
506 1376 649 1426 Saggio
679 1374 718 1411 di

56 1431 168 1480 Ling.
198 1431 346 1467 Etrusc.
365 1432 384 1467 I
399 1445 438 1482 p.
462 1434 554 1473 103.

111 1488 239 1525 ταῦτα
264 1485 427 1538 ἡλικίην
457 1487 518 1539 εἴη
544 1484 595 1527 ἂν
614 1485 715 1527 κατὰ

55 1538 213 1592 Λάϊον]
247 1543 307 1594 εἴη
339 1539 390 1583 ἂν
420 1545 524 1581 libris
544 1545 715 1582 iubenti-

55 1599 126 1636 bus
146 1602 298 1651 reposui
315 1613 385 1650 pro
417 1597 468 1640 ἂν
493 1600 573 1652 εἴη,
610 1600 716 1654 quod

55 1656 211 1693 retinuit
229 1656 364 1694 Matth.
398 1657 462 1694 Ad
479 1658 716 1696 locutionem

56 1713 158 1750 conf.
191 1714 230 1761 1,
259 1716 305 1754 2:
359 1714 548 1766 εἴησαν
577 1711 623 1755 δ’
657 1711 716 1754 ἂν

54 1763 170 1809 οὗτοι
210 1772 375 1822 Κρῆτες.
455 1770 568 1817 Quod
625 1784 716 1810 vero

56 1832 143 1876 post
187 1823 351 1877 ἡλικίην
403 1828 565 1865 infertur
617 1825 718 1867 κατοὶ

57 1878 192 1920 Λάϊον
204 1912 215 1930 ,
252 1883 332 1919 noli
354 1884 507 1933 mirari3
526 1897 619 1921 nam
637 1886 718 1936 ipse

57 1938 193 1974 Noster
211 1939 241 1985 l,
263 1942 336 1979 67:
366 1938 494 1979 κατὰ
523 1938 608 1980 τὸν
637 1955 720 1979 κα-

57 1989 120 2033 τοῖ
151 1996 327 2045 Κροῖσον
345 1991 503 2047 χρόνον.
560 1995 623 2033 Ad
642 1997 718 2034 loci

58 2057 327 2101 argumentum
356 2052 530 2090 observat
557 2049 719 2091 wesse-

58 2107 154 2157 ling.
174 2114 277 2143 recte
296 2106 391 2145 haec
413 2110 465 2145 ita
485 2111 651 2146 enarrari
670 2109 718 2146 ab

56 2161 236 2200 historiae
255 2170 383 2214 patre,
408 2178 530 2216 quum
549 2165 719 2217 Amphi-

56 2226 236 2271 tryouem
260 2221 375 2268 Laio,
405 2223 612 2259 Herculem
643 2223 721 2260 Oe-

0 2297 5 2310 t
57 2275 189 2327 dipodi
220 2277 421 2329 aequalem
466 2280 586 2330 egisse
613 2286 721 2316 aeta-

56 2339 155 2381 tem,
187 2347 236 2370 ex
255 2336 546 2385 generationum
565 2337 661 2374 serie
679 2336 721 2373 in

57 2389 238 2440 Apollod.
261 2390 443 2429 Biblioth.
476 2393 542 2441 [11,
572 2391 599 2432 4
620 2394 658 2439 §.
680 2396 719 2442 6,

57 2446 125 2482 ubi
152 2445 230 2483 vid.
252 2448 377 2499 Heyn.
400 2449 610 2488 Observatt.
629 2462 719 2500 pag.

61 2503 160 2551 130]
181 2504 268 2540 satis
287 2511 426 2555 pateat.
483 2504 720 2543 Larcherum

58 2559 90 2596 si
109 2572 326 2611 sequamur,
354 2562 468 2599 Laius
489 2562 538 2600 ad
558 2561 718 2599 Theba-

59 2627 146 2652 rum
166 2629 342 2667 regnum,
361 2626 513 2656 mortuo
527 2617 718 2671 Amphio-

61 2683 112 2708 ne
132 2680 282 2710 evectus
311 2686 413 2711 anno
438 2678 544 2717 1390
565 2689 600 2712 a.
627 2675 719 2713 Chr.

59 2739 113 2776 n.,
151 2730 332 2768 Hercules
361 2731 408 2768 ab
439 2730 720 2784 Amphitryone

63 2788 282 2836 progenitus
312 2799 413 2824 anno
437 2787 543 2829 1354
574 2801 609 2826 a.
630 2787 720 2826 Chr.

63 2851 117 2887 n.,
141 2843 207 2893 qui
245 2844 362 2893 igitur
391 2843 598 2895 Oedipodis
637 2842 722 2897 (qui

768 807 852 844 Laii
870 807 969 844 filius
989 808 1087 859 erat)
1108 807 1275 860 aequalis
1296 806 1433 845 eodem

770 863 845 901 dici
864 866 988 915 potuit
1006 866 1100 912 iure,
1123 878 1200 918 quo
1221 867 1300 916 ipse
1318 866 1433 902 Laius

768 921 1061 973 Amphitryonis
1083 929 1162 959 erat
1188 923 1267 958 fere
1288 935 1432 974 aequa-

769 979 825 1016 lis.
864 979 997 1028 Ipsmn
1015 981 1153 1015 Laium
1183 986 1333 1028 ponunt
1360 991 1434 1015 na·-

770 1041 855 1072 tmn
887 1047 986 1071 anno
1015 1035 1142 1081 1417,
1180 1035 1433 1087 Polydorum,

773 1089 910 1128 Cadmi
918 1091 1054 1138 filium,
1076 1091 1124 1128 ad
1137 1089 1363 1128 Thebarum
1372 1105 1436 1128 re-

771 1160 895 1198 gnum
927 1154 1103 1185 evectum
1133 1161 1234 1184 anno
1271 1147 1377 1189 1497
1400 1161 1436 1186 a.

773 1202 864 1242 Chr.
897 1217 951 1252 n.,
993 1211 1086 1241 teste
1114 1203 1339 1255 Apollodor.
1369 1205 1436 1253 111,

774 1260 800 1302 5
833 1262 870 1307 ξ.
893 1261 932 1310 5,
971 1261 1038 1298 ubi
1064 1262 1166 1298 conf.
1196 1263 1324 1313 Heyn.
1356 1262 1438 1299 Ob-

772 1330 896 1358 servv.
954 1319 1005 1354 Et
1036 1319 1168 1355 confer
1197 1331 1311 1370 supra
1339 1325 1436 1356 nott.

773 1373 823 1411 ad
840 1374 905 1422 lv,
928 1373 1021 1416 147.

1002 1464 1095 1516 Cap.
1115 1465 1202 1502 LX.

829 1537 1005 1593 ἐνέθηκε
1023 1544 1136 1593 τεῒν]
1178 1543 1278 1581 citat
1297 1542 1436 1581 suidas

771 1600 813 1636 in
832 1612 918 1637 voc.
939 1600 1023 1640 τεῒν
1055 1601 1106 1637 Τ.
1136 1601 1192 1637 ΠΙ
1218 1613 1307 1651 pag.
1340 1599 1434 1642 440.

773 1656 873 1694 Satis
893 1662 1031 1693 notum
1060 1664 1116 1694 est
1134 1658 1217 1697 τεῒν
1236 1658 1357 1694 Dores
1377 1663 1437 1694 at-

774 1726 850 1765 que
869 1713 1007 1751 Aeoles
1028 1713 1166 1751 dixisse
1185 1726 1255 1765 pro
1276 1713 1351 1754 σοί.
1381 1735 1437 1742 ·-

772 1770 912 1821 Apollo
964 1767 1152 1822 ἑκηβόλος
1189 1770 1276 1823 (qui
1305 1772 1438 1808 eminus

773 1829 806 1863 et
827 1825 954 1876 procul
999 1829 1105 1865 iactis
1132 1828 1264 1864 iaculis
1290 1827 1348 1864 vel
1373 1840 1437 1871 sa-

772 1883 879 1931 gittis
904 1883 1072 1933 configit)
1093 1896 1142 1920 ex
1159 1882 1279 1920 Iliade
1297 1889 1435 1920 notus:

775 1939 917 1990 quippe
964 1940 1071 1976 cuius
1109 1940 1253 1990 sagittis
1290 1940 1438 1977 subitae

773 2001 916 2031 mortes
928 1995 1097 2032 virorum
1108 1997 1290 2033 eveniunt
1310 2002 1348 2033 et
1366 2009 1437 2048 pe-

774 2051 981 2099 stilentiae3
1011 2053 1146 2104 quibus
1164 2054 1253 2104 ipsis
1272 2053 1353 2091 vim
1372 2065 1437 2090 so-

774 2108 819 2144 lis
840 2107 1023 2145 declarari
1051 2121 1168 2146 nemo
1188 2123 1269 2147 non
1292 2110 1436 2147 intelli-

776 2165 845 2215 git.
903 2163 983 2201 Sed
1001 2166 1113 2214 talia,
1146 2179 1244 2218 quae
1263 2173 1353 2204 sunt
1372 2179 1437 2203 re-

778 2219 990 2258 conditiora
1039 2229 1076 2260 et
1123 2222 1174 2260 ad
1212 2224 1435 2260 interiorem

777 2278 1013 2315 Graecorum
1051 2281 1259 2317 numinum
1306 2281 1437 2317 notio-

774 2347 868 2371 nem
900 2337 1115 2386 pertinent,
1166 2335 1229 2373 hic
1273 2337 1437 2387 amplius

774 2392 953 2444 persequi
966 2405 1046 2429 non
1059 2400 1182 2430 vacat.
1203 2394 1268 2430 Tu
1279 2393 1380 2430 conf.
1389 2393 1436 2430 11.

775 2450 806 2496 I,
824 2450 889 2489 18.
899 2450 966 2489 21.
979 2447 1075 2490 438.
1088 2450 1172 2497 XV,
1185 2448 1280 2490 513.
1290 2450 1435 2497 XXIII,

776 2506 873 2546 872.
904 2504 1006 2550 Quin
1023 2506 1141 2557 ipsius
1161 2506 1351 2557 Apollinis
1374 2507 1436 2543 lo·-

775 2574 821 2598 co
851 2561 1073 2612 simpliciter
1091 2563 1248 2614 ponitur
1271 2558 1437 2613 Ἑκηβό-

775 2620 842 2664 λος
860 2618 946 2665 11.1‚
975 2620 1043 2660 96.
1061 2622 1156 2660 110.
1180 2620 1308 2667 XXII,
1338 2622 1435 2660 302.

775 2674 860 2720 Quo
883 2673 1019 2712 eodem
1039 2689 1152 2712 sensu
1171 2675 1275 2712 idem
1293 2674 1435 2726 Apollo

776 2730 919 2770 Herod.
952 2732 998 2779 V,
1028 2734 1076 2772 61
1110 2738 1268 2769 vocatur
1293 2729 1435 2771 εὕσκο-

776 2802 872 2835 πος,
895 2787 998 2839 quod
1019 2786 1215 2838 epitheton
1234 2789 1436 2836 Mercurio,

776 2844 936 2893 Dianae,
968 2845 1048 2881 aliis
1068 2845 1245 2882 tribuitur
1263 2846 1435 2882 numini-

1082 2897 1156 2941 7st
