1806 3181
282 163 366 203 798
790 160 1194 198 EXCURSUS
1242 162 1259 197 1

283 273 413 312 bendi.
469 271 662 324 Equidem
690 270 796 309 haud
821 274 898 311 scio
927 286 976 310 an
1003 272 1045 310 hi
1064 274 1136 325 ipsi
1156 275 1334 312 Geleontes
1353 275 1432 312 sive
1457 274 1633 313 Teleontes
1654 274 1772 314 ditio-

283 356 370 380 rum
391 342 532 379 civitun
553 353 595 376 ac
616 340 908 391 locupletiorum
929 343 1158 379 constituant
1176 343 1341 390 tribum,
1371 343 1438 394 qui
1466 344 1608 380 scilicet
1635 345 1771 381 maiori

284 422 465 461 agrorum
498 409 729 460 possessione
763 409 958 459 gaudeant
987 409 1192 462 fundisque
1221 410 1414 447 latioribus
1447 424 1489 447 ac
1509 412 1687 462 gregibus
1707 425 1771 450 co-

280 478 527 530 piosioribus3
547 488 639 512 nam
656 477 697 512 in
716 475 819 514 hisce
840 480 1080 530 potissimum
1099 479 1164 514 illa
1184 481 1305 515 aetate
1326 491 1408 514 rem
1427 479 1655 517 familiarem
1675 493 1771 518 con-

279 547 440 585 stituisse
469 557 628 582 omnem
653 545 853 595 novimu53
888 553 932 584 ut
961 559 1051 584 sane
1081 545 1201 583 iidem
1220 546 1342 582 ferme
1373 559 1452 584 esse
1479 547 1680 586 videantur
1699 550 1770 587 Ge-

280 616 408 653 leontes
428 621 542 666 atque
562 612 794 662 Eupatridae
812 615 839 652 i.
860 627 894 651 e.
915 614 1115 652 illustribus
1135 615 1324 651 maioribus
1345 616 1424 661 orti,
1438 615 1581 653 nobiles.
1611 615 1771 653 Accedit

281 684 361 734 ipsa
387 682 554 719 nominis
583 681 699 730 ratio,
739 680 788 718 de
820 682 895 734 qua
923 682 1057 720 itidem
1087 684 1185 719 inter
1224 680 1353 718 doctos
1379 683 1479 719 viros
1507 685 1771 735 maximopere

283 750 535 801 disceptatum
570 755 645 797 est,
685 749 766 799 ipsa
794 752 896 788 vocis
926 752 1110 802 scriptura
1129 751 1299 787 maxime
1317 750 1538 787 fluctuante.
1595 752 1647 787 Ut
1667 752 1770 787 enim

282 820 456 856 omittam
476 830 655 869 pravam,
687 831 784 869 quae
810 818 913 869 apud
941 817 1191 856 Plutarchum
1211 819 1423 866 invenitur,
1468 819 1672 855 lectionem
1697 822 1737 858 Γ
1732 834 1770 858 ε-

283 885 459 933 δέοντες,
491 887 531 922 in
555 884 750 922 Herodoto
781 888 946 937 optimus
975 889 1070 924 liber
1096 887 1335 923 Florentinus
1356 899 1445 923 cum
1465 887 1545 923 aliis
1565 885 1677 926 codd.
1700 900 1771 924 ex-

280 953 387 991 hibet
408 952 634 1001 Γελέοντος,
671 956 777 991 cuius
797 955 881 992 loco
902 957 942 992 in
963 957 1042 993 aliis
1063 953 1292 1008 quibusdam
1312 953 1424 991 codd.
1454 961 1575 991 exstat
1609 955 1769 995 Τελέον-

278 1037 363 1070 τος,
395 1020 500 1074 quod
526 1020 632 1058 idem
661 1021 815 1059 exhibet
845 1025 986 1061 Pollux
1019 1025 1046 1061 l.
1076 1024 1102 1060 l.
1134 1024 1302 1074 itemque
1329 1021 1528 1073 Euripides
1546 1024 1629 1060 Ion.
1649 1022 1769 1071 1599,

279 1090 346 1125 ubi
375 1102 507 1126 omnes
534 1090 619 1126 libri
649 1091 776 1141 scripti
803 1090 964 1130 Τελέων.
1022 1090 1133 1137 Quod
1162 1092 1227 1142 qui
1257 1090 1426 1141 amplexi
1457 1098 1546 1128 sunt
1564 1092 1634 1129 viri
1655 1090 1768 1139 docti,

281 1170 415 1194 eorum
436 1158 498 1193 alii
513 1157 690 1196 Teleontes
708 1159 822 1195 fuisse
849 1166 1022 1196 statuunt
1046 1159 1228 1208 agricolas
1254 1159 1479 1195 mercenarios
1502 1159 1768 1209 vectigalemque,

281 1226 412 1277 quales
445 1225 647 1276 postmodo
677 1225 855 1263 dicuntur
880 1229 1023 1277 θῆτες,
1055 1226 1317 1276 zinspfliclztz’ge
1345 1224 1512 1274 Bauern,
1555 1227 1620 1277 qui
1648 1227 1711 1264 vel
1727 1227 1769 1262 in

281 1293 446 1329 aliorum
466 1295 564 1343 agris
592 1293 772 1330 mercede
803 1307 897 1345 opus
927 1295 1071 1331 faciunt
1104 1294 1166 1331 vel
1187 1306 1341 1341 eorum,
1384 1306 1482 1344 quae
1509 1307 1558 1330 ex
1577 1295 1674 1344 agris
1693 1295 1769 1332 suis

277 1361 529 1411 proveniunt,
560 1369 708 1399 sextam
727 1361 896 1413 pendere
917 1363 1038 1399 coacti
1055 1368 1142 1398 sunt
1162 1368 1311 1411 partem
1324 1391 1333 1409 ‚
1366 1361 1407 1400 οἱ
1434 1359 1525 1400 ἕκτα
1544 1363 1626 1400 τῶν
1653 1376 1767 1415 γενο-

279 1426 410 1479 μένων
439 1431 664 1478 τελοῦντεςς
711 1431 774 1466 alii
803 1430 1000 1467 sacerdotes
1031 1429 1269 1478 intelligunt,
1299 1429 1495 1466 initiorum
1515 1435 1552 1466 et
1575 1442 1767 1466 sacrorum

279 1496 386 1547 quasi
413 1504 675 1546 procuratores
704 1511 748 1534 ac
768 1499 983 1546 ministros,
1024 1495 1298 1546 Wez'lzepriester.
1353 1495 1450 1533 Mihi
1475 1503 1656 1534 neutrum
1683 1498 1768 1548 pla-

276 1570 349 1602 cet.
407 1564 508 1600 Nam
527 1577 649 1602 unum
665 1579 802 1604 verum
820 1564 971 1603 videtur
1001 1567 1039 1603 Γ
1034 1563 1217 1611 ελέοντες,
1247 1571 1333 1601 tum
1362 1565 1410 1601 ob
1430 1566 1635 1602 meliorum
1651 1566 1768 1602 libro-

276 1644 363 1668 rum
382 1630 690 1670 Herodoteorum
710 1635 994 1680 auctoritatem,
1023 1639 1107 1669 tum
1128 1633 1176 1669 ob
1199 1631 1292 1669 duas
1320 1633 1582 1683 inscriptiones
1609 1634 1725 1670 Teias
1744 1645 1767 1670 a

275 1698 475 1737 Boeckhio
496 1701 625 1738 citatas
656 1715 676 1737 e
697 1700 783 1743 cod.
805 1700 1049 1739 Sherardian.
1068 1701 1109 1736 in
1130 1701 1309 1736 Prooem.
1338 1699 1424 1737 Iud.
1448 1702 1569 1739 Lectt.
1597 1702 1765 1740 Berolin.
1805 1698 1806 1743 ἑ

277 1770 387 1810 1812
407 1764 466 1819 ²⁸⁶⁹),
497 1769 563 1804 ubi
585 1765 693 1820 φυλή
714 1776 1037 1806 commemoratur
1066 1763 1301 1808 Γελεόντων.
1360 1769 1522 1805 Conficit
1548 1782 1633 1805 rem
1660 1781 1766 1805 mar·
1805 1793 1806 1814 3

275 1849 362 1873 mor
394 1835 491 1873 illud
520 1837 756 1889 Cyzicenum
782 1850 805 1874 a
834 1838 951 1890 Caylo
983 1837 1176 1888 prolatum
1220 1837 1260 1872 in
1289 1837 1447 1873 Recueil
1477 1836 1704 1888 d’Antiquit.
1729 1838 1767 1874 Π

275 1904 353 1941 tab.
388 1905 441 1945 59
470 1918 551 1956 seq.
582 1908 635 1946 69
659 1919 761 1958 seq.;
790 1907 832 1942 in
859 1919 935 1958 quo
956 1906 1035 1943 scil.
1055 1916 1247 1941 marmore
1268 1911 1430 1956 quatuor
1449 1905 1568 1942 tribus
1591 1906 1679 1941 illae
1697 1903 1766 1942 eii-

276 1970 366 2009 dem
388 1971 463 2024 quit
484 1971 586 2023 apud
605 1972 845 2010 Herodotum
866 1981 903 2011 et
920 1975 1120 2017 Pollucem
1147 1972 1365 2010 indicantur
1392 1973 1507 2010 serie:
1548 1974 1587 2011 Γ
1582 1970 1765 2020 ελὲοντες,

274 2035 501 2092 Ἀργάδεις,
531 2039 786 2092 Αἰγικορεῖς,
813 2039 1030 2092 ”Ὀπλητες.
1095 2043 1219 2078 Nemo
1250 2048 1380 2078 autem
1406 2041 1527 2077 nescit
1557 2040 1766 2092 Cyzicenos

275 2108 397 2145 Mileti
424 2109 539 2145 fuisse
568 2109 734 2157 colonos,
763 2111 893 2147 Ionica
922 2112 1039 2161 igitur
1057 2110 1172 2160 stirpe
1191 2111 1269 2147 sive
1289 2110 1415 2147 Attica
1435 2106 1629 2148 oriundos.
1686 2110 1766 2145 Ita-

276 2187 352 2227 que
384 2177 431 2213 G.
452 2178 664 2217 Hermann.
686 2179 726 2214 in
745 2179 910 2218 Praefat.
933 2178 982 2216 ad
1001 2178 1174 2229 Euripid.
1194 2180 1277 2217 Ion.
1298 2192 1335 2229 p.
1355 2178 1471 2214 XXII
1491 2189 1597 2228 seqq.
1620 2177 1763 2223 XXVI,

275 2245 343 2281 ubi
361 2243 457 2282 haec
479 2245 629 2282 uberius
649 2252 803 2294 tractat,
834 2246 937 2298 apud
955 2246 1179 2297 Euripidem
1199 2248 1226 2284 l.
1251 2259 1364 2297 supra
1382 2246 1409 2282 l.
1429 2245 1491 2281 vel
1508 2244 1635 2280 invitis
1654 2242 1763 2282 codi-

273 2313 379 2350 cibus
407 2313 540 2363 reponi
567 2314 673 2349 iussit
702 2311 853 2351 Γελέων
878 2327 948 2364 pro
979 2315 1135 2365 vulgata
1169 2312 1333 2353 Τελέων.
1389 2312 1501 2349 Vocis
1525 2312 1713 2362 originem
1730 2313 1763 2350 si

275 2393 513 2432 quaeramus,
542 2387 643 2417 recte
662 2380 767 2416 illam
782 2389 950 2432 repetere
969 2381 1120 2420 videtur
1138 2381 1414 2431 VVesseliugius
1435 2393 1457 2416 a
1484 2379 1602 2418 verbo
1621 2382 1760 2432 γελεῖν,

275 2448 379 2500 quod
401 2455 493 2486 teste
513 2447 704 2501 Hesychio
722 2450 740 2485 I
758 2462 797 2499 p.
819 2452 897 2491 811
920 2449 1025 2487 idem
1045 2456 1100 2487 est
1120 2456 1233 2501 atque
1253 2444 1438 2500 λάμπειν,
1458 2443 1615 2496 ἀνθεῖν,
1634 2446 1761 2485 idem-

275 2530 351 2569 que
382 2518 555 2555 observat
584 2517 862 2568 VVesselingius
889 2518 1050 2555 verbum
1077 2519 1195 2569 γελᾶν
1214 2518 1255 2554 iu
1275 2515 1484 2568 splendendo
1510 2527 1554 2553 ac
1572 2516 1761 2556 renidendo

322 2718 361 2761 *)
387 2717 467 2752 vid.
480 2717 638 2752 Seebode
654 2717 755 2752 Arch.
771 2717 796 2751 f.
818 2716 907 2753 Phil.
926 2717 994 2752 und
1014 2716 1165 2762 Paedag.
1183 2717 1247 2759 111,
1267 2717 1289 2752 3
1300 2727 1334 2762 p.
1351 2717 1397 2751 52
1414 2718 1484 2750 not.
1501 2718 1535 2753 9.
1553 2713 1755 2750 Grotefend.

391 2773 443 2808 De
465 2774 550 2809 dem.
570 2778 605 2809 et
624 2774 724 2819 pagis
744 2774 850 2810 Attio.
873 2786 907 2819 p.
931 2775 952 2808 8
971 2781 1041 2808 not.
1061 2775 1093 2809 3.
