1806 3181
239 653 338 698 168

70 716 236 757 Corcyraei
246 718 343 745 Grae-

67 751 110 778 cis
135 746 247 779 auxilia
273 760 341 778 col-1

66 788 117 811 tra
135 786 266 812 Xerxem
275 786 339 821 pol

66 818 160 852 liciti,
181 828 239 854 qua
257 819 337 847 frau-

67 851 105 879 de
128 853 198 881 illos
225 852 347 883 deluse-

67 886 136 915 rint.

399 126 484 165 698

374 241 395 274 Ξ
406 233 541 277 θέντα
578 231 894 288 ἀφανισθῆναι.

793 123 1259 162 HERODOTI

955 231 1242 288 ἀφανισθέντι
1279 235 1326 277 δὲ
1353 232 1528 290 Ἀμίλκᾳ
1562 234 1660 288 ‘coo'-
1725 288 1729 291 ἢ

401 317 468 358 πῳ
515 301 554 343 εἴ
588 314 632 342 τε
661 299 872 356 τοιούτῳ,
903 298 961 351 ὦς
995 302 1195 352 Φοίνικες
1223 301 1410 357 λέγουσι,
1438 304 1477 345 εἴ
1504 318 1548 345 τε
1578 300 1659 344 ἑτέ-

400 385 477 424 992²,

509 384 567 418 ως
590 365 906 424 Συρηκούσιοι,
929 368 1226 425 Καρχηδόνιοι
1255 373 1385 413 τοῦτο
1406 369 1485 424 μέν
1515 371 1558 413 οἱ
1575 366 1658 412 θύ-

400 447 527 487 ουσι,
572 438 701 478 τοῦτο
733 435 779 478 δὲ
814 436 1015 493 μνήματα
1044 437 1253 493 ἐποίησαν
1296 437 1344 481 έν
1371 437 1533 494 πάσῃσι
1561 441 1662 494 τῆσι

398 504 549 549 πόλισι
577 506 666 546 τῶν
696 501 951 557 ἀποικίδων,
982 505 1029 548 ἐν
1057 504 1170 562 αὐτη
1198 521 1242 548 τε
1262 505 1463 562 μέγιστον
1491 509 1660 562 Καρχη-
1669 510 1716 546 65
1782 496 1801 530 ξ

398 572 511 618 δόνι.

574 572 637 615 Τὰ
665 572 744 627 μὲν
774 571 860 618 ἀπο
890 575 1104 629 Σικελίης,
1133 577 1338 617 τοσαῦτα.

481 643 751 697 Κερκυραῖοι
779 641 849 695 δὲ,
896 641 997 685 τάδε
1026 640 1370 698 ὑποκρινάμενοι
1399 647 1512 686 τοῖσι
1540 639 1659 696 ἀγγέ-

400 713 535 762 λοισι,
567 711 710 754 τοιάδε
741 710 974 766 ἐποίησαν·
1013 710 1087 753 καὶ
1115 710 1199 766 γὰρ
1230 710 1415 762 τούτους
1444 707 1663 763 παρελάμ-

398 780 540 834 βανον
569 780 613 822 οἱ
637 778 763 822 αὐτοὶ
797 780 919 833 οἵπερ
949 779 1022 822 καὶ
1052 779 1094 830 ές
1122 781 1330 836 Σικελίην
1360 777 1568 830 ἀπίκατο,
1597 775 1718 820 Ast-70

403 862 554 901 γοντες
583 846 688 898 τούς
716 844 878 898 αὐτούς
915 847 1075 901 λόγους
1111 847 1216 898 τούς
1244 848 1317 891 καὶ
1346 845 1456 902 πρὸς
1486 847 1664 889 Γέλωνα

371 920 393 953 2
406 912 565 970 ἔλεγον.

399 982 474 1026 καὶ
511 981 715 1039 ἀμυνέειν
726 1016 736 1035 ,

623 916 666 959 οἱ
694 914 741 958 δὲ
768 916 1014 968 παραυτίκα
1043 914 1122 970 μὲν
1149 915 1385 971 ὑπίσχοντο
1407 915 1589 970 πέμψειν
1617 928 1663 956 τε

796 982 1035 1038 φράζοντες
1075 981 1134 1034 ὥς
1172 983 1259 1034 ,,οὐ’
1307 996 1388 1039 σφι
1429 979 1661 1037 περιοπτέη

400 1051 516 1102 ,,έστὶ
545 1049 571 1107 ἡ
597 1049 746 1102 Ἑλλὰς
776 1048 1075 1107 ἀπολλυμένη·
1107 1051 1162 1109 ἢν
1190 1052 1275 1108 γὰρ
1313 1055 1485 1107 σφαλῇ,
1532 1054 1657 1106 σφεῖς
1672 1055 1717 1089 75

401 1135 475 1175 „ys
496 1117 628 1164 οὐδὲν
657 1119 763 1163 ἄλλο
793 1119 820 1176 ἢ
865 1118 1155 1164 δουλεύσουσι
1183 1123 1237 1176 τῇ
1266 1118 1417 1176 πρώτῃ
1441 1122 1532 1163 τῶν
1560 1117 1660 1174 ἡμε-

345 1282 443 1321 quae
468 1271 591 1306 attulit
615 1271 760 1308 Iacobs.
783 1269 832 1307 ad
852 1271 1003 1308 Aelian-

349 1328 395 1363 N.
418 1328 468 1364 A.
491 1329 540 1374 X,
563 1326 626 1367 34.

402 1385 536 1438 τρόπῳ
551 1383 588 1422 εἴ
600 1399 639 1422 τε
653 1382 820 1437 τοιούτῳ
834 1382 888 1430 οἷς
905 1383 1005 1422 Φοί-

346 1455 452 1486 νικες
473 1455 508 1478 κ.
534 1456 565 1478 τ.
580 1441 633 1489 λ.]
657 1441 781 1491 Vulgo
803 1441 907 1476 abest
926 1453 1005 1477 vox

346 1493 632 1547 Συρηκούσιοι,
655 1499 707 1533 ita
728 1504 770 1533 ut
791 1496 933 1547 duplex
952 1498 1005 1534 is—

347 1567 422 1605 que
446 1553 614 1590 diversus
645 1552 684 1590 h.
706 1554 732 1595 l.
764 1566 1005 1590 commemo-

346 1617 451 1646 retur
477 1624 601 1647 sermo
631 1617 667 1646 et
696 1608 938 1647 Phoenicum
968 1616 1004 1646 et

347 1666 730 1717 Carthaginiensium,
754 1680 846 1719 quos
871 1674 1004 1703 tamen

348 1731 385 1761 et
405 1725 505 1774 ipsos
534 1722 746 1760 Phoenices
780 1737 858 1760 esse
886 1730 1003 1773 patet,

348 1794 439 1819 cum
459 1782 574 1817 etiam
589 1793 699 1831 supra
711 1779 1005 1830 Carthaginien-

347 1852 404 1876 ses
441 1838 702 1889 intelligantur
733 1838 773 1874 in
800 1838 922 1875 verbis
951 1835 1003 1883 ὥς

353 1895 551 1940 Φοίνικες.
597 1896 647 1932 Et
668 1893 769 1932 conf.
789 1896 836 1942 ΙΙ,
851 1896 917 1934 32.
938 1894 1001 1942 IV,

349 1954 444 1992 197.
502 1950 597 1988 Inde
616 1952 794 1988 Pauwius
814 1951 929 1989 verba
950 1949 1004 1997 ὦς

351 2009 537 2055 Φοίνικες
558 2015 622 2045 aut
641 2009 756 2045 verba
779 2006 831 2054 aig
845 2010 1005 2059 Καρχη-

350 2060 476 2104 δόνιοι
496 2079 516 2101 e
536 2064 678 2102 scholio
712 2066 751 2102 in
773 2072 922 2101 textum
952 2065 1005 2100 ir-

350 2122 506 2171 repsisse
527 2123 683 2171 putabat
696 2152 705 2168 ,
727 2121 908 2173 idemque
927 2121 1007 2157 fere

349 2178 544 2229 placuerat
563 2178 833 2227 VS'esselingio,
853 2179 917 2229 qui
932 2179 1008 2227 pri-

350 2236 466 2272 mitus
510 2235 692 2271 exstitisse
731 2235 902 2271 voluerat
933 2233 1008 2272 εἰτε

350 2287 518 2345 τοιούτῳ
540 2291 615 2330 εἰτε
636 2288 766 2342 ἑτέρῳ,
789 2290 829 2329 οἱ
849 2292 1008 2339 Καρχη-

351 2333 502 2387 δόνιοι
507 2350 622 2387 τοῦτο
642 2344 713 2398 μὲν
739 2361 775 2385 κ.
801 2361 835 2384 τ.
856 2348 912 2393 λ.,
942 2346 1008 2381 ubi

353 2405 530 2441 articulus
552 2404 593 2444 οἱ
611 2405 659 2441 ob
688 2415 825 2441 vocem
853 2409 1008 2439 antece-

355 2460 535 2498 dentem
526 2474 565 2497 111
587 2476 639 2507 ως
659 2461 772 2497 fuerit
792 2471 1007 2497 conversus.

352 2517 545 2570 Equidem
579 2531 669 2555 cum
710 2523 868 2554 recentt.
920 2514 1006 2551 edd.

352 2576 393 2611 in
409 2581 514 2611 textu
525 2573 790 2612 constituendo
802 2571 934 2611 Valck.
945 2585 1006 2608 se-

353 2632 420 2683 qui
430 2632 559 2678 malui,
578 2643 811 2683 quamquam
825 2627 1006 2679 Schwgh.

354 2687 466 2725 valde
486 2690 604 2726 arrisit
613 2688 859 2738 VVesseliugii
874 2699 1007 2723 emen-

355 2743 456 2783 datio
476 2744 677 2784 Bekkerus
698 2745 823 2783 omisit
841 2745 881 2782 iu
902 2749 1008 2781 textu

1058 1283 1196 1308 vocem
1214 1265 1498 1321 Καρχηδόνιοι.
1510 1290 1566 1296 ——
1585 1266 1647 1304 Ad
1658 1279 1720 1303 ar-

1060 1335 1290 1377 gumentum
1314 1328 1390 1364 loci
1410 1326 1512 1363 conf.
1534 1325 1721 1376 Polyaen-

1059 1386 1089 1431 I,
1120 1387 1173 1424 27
1192 1386 1232 1430 ἓ.
1254 1387 1294 1432 2,
1325 1384 1392 1420 ubi
1420 1382 1534 1420 tradit
1565 1381 1721 1419 Gelonis

1060 1448 1328 1491 strategemate
1368 1442 1546 1477 Poenum
1581 1438 1720 1476 ducem

1060 1497 1291 1535 Himilconem
1304 1528 1313 1546 ‚
1336 1505 1379 1534 ut
1399 1498 1586 1548 appellat,
1616 1495 1721 1532 occi-

1059 1567 1144 1590 sum
1169 1568 1270 1601 esse3
1295 1567 1391 1606 quae
1407 1567 1498 1591 sane
1518 1551 1623 1589 haud
1642 1552 1719 1589 scio

1061 1623 1109 1646 an
1131 1611 1461 1662 Syracusanorum
1499 1610 1613 1645 fuerit
1632 1621 1719 1644 nar-

1060 1668 1156 1704 ratio
1179 1681 1200 1703 a
1229 1668 1369 1704 Poenis
1391 1666 1550 1703 diversa.

1116 1726 1232 1763 τοῦτο
1256 1723 1327 1772 μέν
1345 1723 1385 1762 οἷ
1405 1719 1574 1770 θύουσι]
1605 1719 1719 1758 Unde

1060 1782 1197 1817 merito
1210 1779 1601 1830 colligas‚Hamilcaris
1611 1791 1719 1815 mor-

1060 1844 1141 1874 tem
1188 1851 1257 1888 pro
1308 1833 1510 1873 devotione
1547 1834 1718 1872 habitam

1058 1894 1172 1931 fuisse
1204 1896 1314 1946 eique
1342 1895 1413 1944 ipsi
1432 1899 1475 1930 ut
1512 1890 1621 1929 heroi
1639 1893 1718 1929 sive

1062 1950 1133 1987 deo
1151 1949 1240 1988 hinc
1266 1964 1371 1988 sacra
1390 1951 1559 1987 instituta
1578 1961 1718 1985 monu-

1060 2014 1268 2059 mentaque
1289 2009 1408 2058 posita
1437 2007 1563 2043 fuisse.
1606 2005 1718 2042 conf.

1064 2066 1232 2101 Heeren.
1252 2063 1384 2101 Ideen.
1403 2065 1452 2111 Il,
1471 2068 1490 2103 1
1514 2075 1602 2113 pag.
1622 2064 1719 2102 262.

1063 2120 1316 2159 Valckenaer.
1352 2121 1580 2157 excitaverat
1621 2119 1720 2154 Gre-

1065 2191 1146 2229 gor.
1160 2179 1342 2214 Nazianz.
1354 2177 1475 2214 Stelit.
1488 2177 1595 2225 11p.1
1605 2177 1655 2215 17
1671 2175 1717 2213 Β.

1233 2234 1324 2284 Cap.
1347 2232 1548 2269 CLXVIII.

1120 2286 1213 2328 τάδε
1235 2286 1550 2339 ὑποκρινάμενοι
1567 2301 1719 2326 -τοι-
1750 2306 1755 2311 ·

1065 2344 1135 2386 α’δε
1153 2345 1363 2395 ἐποίησαν]
1388 2346 1462 2382 Ubi
1481 2340 1574 2384 τάδε
1595 2356 1718 2396 aeque

1064 2416 1108 2440 ac
1129 2399 1261 2441 τοιάδε
1283 2402 1330 2439 ad
1350 2402 1547 2454 sequentia
1561 2406 1717 2452 spectat.

1066 2483 1115 2487 -
1139 2458 1200 2494 Ad
1213 2460 1327 2496 verba
1349 2457 1403 2505 ὥς
1425 2455 1475 2498 οὔ
1494 2470 1566 2507 σφι
1581 2471 1718 2508 περιο-

1064 2514 1160 2566 πτέη
1186 2514 1264 2554 ἐστὶ
1285 2515 1313 2567 ἦ
1330 2512 1475 2562 ‘EM-023
1505 2515 1554 2553 cf.
1579 2511 1717 2551 Matth.

1062 2574 1128 2609 Gr.
1161 2573 1228 2610 Gr.
1256 2574 1295 2618 ξ.
1324 2571 1420 2620 447,
1448 2575 1486 2613 3·
1508 2572 1546 2610 b.
1575 2585 1612 2622 p.
1634 2567 1715 2611 840

1062 2636 1100 2666 et
1120 2628 1168 2666 ad
1187 2630 1302 2667 verba
1324 2632 1438 2677 σφεῖς
1453 2643 1496 2680 γε
1516 2623 1635 2667 οὐδὲν
1645 2623 1716 2664 ἅλ-

1063 2689 1107 2725 λο
1129 2681 1157 2735 ἦ
1186 2693 1280 2725 nott.
1314 2684 1362 2723 ad
1390 2687 1420 2733 1,
1446 2686 1526 2726 109
1545 2691 1584 2720 et
1603 2680 1715 2720 Held.

1064 2741 1113 2780 ad
1124 2743 1367 2782 Plut.Aemil.
1379 2742 1491 2780 Paul.
1502 2754 1540 2791 p.
1549 2739 1626 2782 125
1635 2751 1714 2790 seq.

1716 371 1794 414 583
