1806 3181
242 814 341 860 128

104 879 219 907 Xerxes
235 879 340 907 invisit

103 913 199 940 Penei
217 914 301 941 ostia.

435 214 518 254 622

830 211 1293 249 HERODOTI

428 320 734 377 Ἁλιάκμονος,
774 322 817 364 οἳ
858 318 1084 376 οὐρίζουσι
1123 323 1206 376 γῆν
1244 320 1324 376 τὴν
1361 321 1614 364 Βοττιαιΐδα
1650 336 1695 364 τε

434 391 508 434 καὶ
538 391 845 442 Μακεδονίδα,
888 390 931 440 ἐς
958 387 1097 432 τώυτὸ
1124 389 1303 443 ῥέεθρον
1318 388 1366 432 τὸ
1395 388 1514 443 ὕδωρ
1543 390 1694 444 συμμί·

408 465 626 513 Ξσγοντες.
658 455 1079 511 ἐστρατοπεδεύοντο
1110 458 1188 512 μὲν
1207 460 1259 513 δη
1290 458 1337 500 ἐν
1358 456 1553 500 τούτοισι
1583 461 1698 500 τοῖσι

434 527 632 582 χωρίοισι
663 527 706 568 οἵ
734 525 960 581 βάρβαροι.

1019 528 1110 567 τῶν
1144 524 1189 567 δὲ
1219 525 1566 580 καταλεχθέντων
1595 523 1752 567 τού-35
1789 581 1794 586 Α

436 610 524 637 των
555 597 788 648 ποταμῶν,
829 593 876 636 ἐκ
915 594 1229 649 Κρηστωναιής
1283 593 1392 648 ῥέων
1443 591 1697 648 Ἐχείδωρος

434 666 600 718 μοῦνος
640 659 724 705 οὐκ
754 659 985 717 ἀντέχρησε
1023 664 1077 717 τῇ
1116 665 1294 717 στρατιῇ
1323 661 1576 718 πινόμενος,
1607 658 1696 704 ἀλλ’

434 730 618 774 ἐπέλιπε.

519 798 679 854 Ξέρξης
710 797 756 841 δὲ
786 795 925 851 ὁρέων
954 796 1002 840 ἐκ
1039 800 1114 852 τῆς
1149 796 1317 853 Θέρμης
1348 795 1482 852 οὔρεα
1511 795 1564 840 τοὶ
1596 799 1698 841 Θεσ-

378 1017 593 1064 miscuerit,
644 1015 738 1053 alter
756 1029 864 1061 vero,
887 1014 934 1052 de
964 1028 1038 1067 quo

380 1073 483 1124 apud
509 1072 749 1110 Herodotum
770 1074 832 1123 agi
852 1072 1038 1121 videatur,

379 1130 564 1168 Edessam
611 1130 724 1167 fuerit
765 1131 1040 1180 praeterlapsus

380 1195 446 1224 aut
459 1188 513 1224 ibi
533 1200 638 1225 orsus
658 1188 698 1223 in
726 1186 890 1238 Lydiam
919 1200 959 1223 se
977 1188 1041 1222 in-

379 1244 532 1282 fuderit.
603 1243 715 1288 Quod
734 1256 824 1280 vero
847 1244 893 1279 ab
913 1244 1040 1279 Hero—

382 1300 472 1339 doto
492 1308 654 1352 uterque
665 1300 802 1336 fluvius
817 1299 951 1336 dicitur
968 1294 1040 1338 ου’-

382 1358 504 1409 ρίζειν
524 1357 755 1396 Βοττιαιΐδα
788 1371 829 1396 τε
848 1355 917 1395 καὶ
939 1360 1040 1395 Μα-

378 1414 577 1462 κεδονίδα,
610 1413 650 1450 id
670 1414 816 1453 muller.
835 1414 861 1450 l.
881 1414 907 1452 l.
924 1426 963 1463 p.
990 1415 1036 1453 11

379 1471 578 1509 conferens
593 1484 682 1507 cum
703 1469 837 1507 eadem
847 1470 1041 1507 locutione

378 1529 460 1576 VII,
484 1531 561 1568 123
583 1528 714 1575 obvia,
742 1528 809 1564 ubi
838 1528 959 1563 Axius
981 1525 1041 1562 di-

380 1586 478 1622 citur
499 1579 672 1636 ου’ρίζειν
694 1579 831 1635 χώρην
845 1581 919 1634 τήν
942 1586 1041 1621 Μυ-

380 1642 547 1693 γδονίην
568 1655 609 1680 τε
630 1639 699 1679 καὶ
720 1641 962 1687 Βοττιαιΐδα,
993 1638 1042 1675 ad

382 1700 475 1735 ostia
513 1704 664 1734 tantum
700 1698 897 1748 utriusque
935 1696 1043 1733 fluvii

381 1755 511 1791 referri
529 1754 630 1802 vult,
655 1767 745 1791 cum
764 1755 802 1790 in
824 1753 1043 1803 regionibus

381 1811 634 1862 superioribus
663 1824 761 1847 unus
780 1809 920 1862 Lydias
945 1811 1042 1846 Bot-

381 1869 521 1905 tiaeam
542 1868 771 1904 terminarit.
829 1866 1042 1904 Macedonia

381 1932 511 1962 autem
540 1925 641 1975 ipsa,
673 1937 772 1976 quae
800 1921 841 1961 h.
868 1924 895 1960 l.
924 1936 1042 1961 voca-

380 1989 462 2030 tur,
489 1994 569 2018 non
590 1994 746 2018 omnem
781 1993 899 2032 quam
926 1981 1042 2030 vulgo

381 2039 434 2075 sic
464 2037 624 2075 dicimus
655 2045 796 2074 terram
816 2038 1042 2088 complecti-

381 2102 455 2142 tur,
476 2094 542 2132 sed
563 2095 712 2131 arctiori
731 2108 844 2131 sensu
864 2101 901 2131 et
919 2095 1041 2144 magis

382 2153 539 2203 antiquo
558 2150 815 2189 Macedonum
843 2153 1042 2201 regionem

383 2205 674 2258 comprehendit
694 2215 782 2244 ante
802 2208 839 2245 T
843 2207 1042 2244 emenida-

383 2277 470 2300 rum
500 2265 811 2313 occupationem,
843 2265 949 2301 cuius
971 2277 1043 2300 an-

382 2327 513 2372 gustus
546 2319 664 2356 modo
691 2325 830 2357 tractus
858 2319 907 2356 ad
934 2333 1040 2356 mare

382 2390 502 2429 usque
522 2378 705 2428 pertinet,
731 2389 905 2428 quaeque
925 2377 1040 2427 paulo

388 2434 510 2484 magis
543 2446 705 2484 superne
733 2445 799 2480 ea,
834 2445 932 2484 quae
952 2439 1040 2469 sunt

392 2491 490 2527 circa
509 2489 692 2527 Edessam
710 2503 752 2526 ac
773 2490 973 2535 Beroeam,
996 2502 1039 2525 ac

386 2560 498 2598 porro
518 2547 892 2598 Lyncestin,0restin
913 2546 1042 2581 etEli-

384 2616 514 2640 meam
528 2604 739 2654 complexa,
751 2604 797 2640 ab
812 2603 926 2639 altera
935 2610 1041 2652 parte

387 2662 550 2712 Olympo
566 2662 644 2697 sive
656 2661 847 2697 montibus
859 2658 1040 2696 Macedo-

387 2718 480 2754 nicis
492 2718 554 2769 qui
566 2716 654 2754 inde
666 2717 911 2763 vocantur,ab
924 2717 1039 2752 altera

386 2781 518 2810 monte
549 2775 694 2825 Dysoro
723 2774 922 2810 terminata
956 2774 1039 2810 suit.

387 2832 490 2868 Haec
517 2831 587 2867 fuit
619 2831 739 2882 prisca
784 2828 1039 2868 Macedonum

1094 1022 1205 1064 terra,
1256 1028 1373 1067 quam
1419 1015 1635 1054 Herodotus
1674 1029 1754 1054 una

1096 1086 1187 1110 cum
1198 1073 1416 1123 regionibus
1425 1074 1620 1110 Bottiaeae
1624 1075 1755 1125 ,Myg-

1105 1102 1264 1177 doniaeb,
1296 1131 1443 1165 Pieriae
1473 1137 1602 1178 vocat,
1641 1142 1755 1167 sensu

1095 1188 1216 1236 magis
1228 1184 1496 1236 geographico,
1518 1200 1634 1236 quam
1653 1187 1756 1238 poli-
1783 1180 1793 1238 ,Τ

1095 1245 1184 1290 ῒίοο,
1206 1250 1247 1279 ut
1267 1244 1318 1279 ait
1337 1242 1442 1279 idem
1461 1245 1610 1281 Miiuer.
1625 1244 1653 1281 l.
1672 1245 1754 1295 1.·p.

1095 1302 1148 1340 29
1169 1313 1250 1367 seq.
1281 1301 1367 1336 coll.
1388 1313 1426 1350 p.
1457 1302 1526 1340 22·

1152 1351 1227 1395 οὐκ
1258 1351 1470 1407 αντέχρησε
1489 1377 1546 1383 -·
1567 1350 1648 1395 ἄλλ’
1664 1352 1755 1395 ἐπέ-

1096 1415 1134 1451 λι
1136 1427 1184 1451 πε
1192 1414 1209 1461 ]
1245 1413 1395 1450 Similia
1415 1420 1564 1450 exstant
1583 1414 1664 1460 VR,
1685 1410 1754 1452 43-

1097 1469 1150 1510 58
1181 1470 1273 1517 (ubi
1305 1465 1502 1522 ἀντέσχε).
1534 1472 1627 1512 196.
1659 1470 1754 1522 187.

1096 1548 1154 1553 —
1186 1527 1308 1564 Paulo
1351 1533 1438 1564 ante
1478 1522 1632 1566 τούτων
1665 1524 1754 1563 dedi

1097 1595 1166 1633 pro
1187 1581 1371 1623 τουτέων.
1430 1583 1543 1629 Quod
1572 1596 1662 1621 vero
1691 1595 1755 1619 ar-
1804 1607 1806 1609 ·

1095 1641 1258 1676 ticulum
1279 1638 1300 1679 6
1328 1647 1416 1677 ante
1434 1636 1673 1692 Ἐχείδωρος
1691 1640 1755 1675 in-

1097 1697 1171 1732 seri
1203 1697 1284 1733 vult
1317 1695 1591 1744 Valckenaer.,
1622 1709 1667 1733 eo
1687 1697 1754 1733 vix

1098 1764 1193 1803 opus
1212 1752 1382 1800 videtur,
1413 1760 1456 1790 ut
1482 1761 1584 1790 recte
1605 1753 1754 1789 monuit

1098 1808 1451 1859 Schweighaeuser.
1481 1811 1539 1846 De
1559 1809 1752 1847 Echidoro

1097 1867 1179 1917 ipso
1198 1865 1276 1904 vid.
1295 1873 1391 1905 nott.
1413 1865 1461 1904 ad
1480 1867 1562 1915 VII,
1587 1865 1679 1908 124.

1258 1956 1352 2008 Cap.
1376 1957 1585 1995 cxxvm.

1156 2033 1300 2086 Ξέρξης
1312 2033 1354 2075 δὲ
1367 2033 1489 2087 ὁρέων
1508 2035 1551 2076 ἔκ
1569 2038 1640 2088 τῆς
1653 2034 1754 2087 Θέρ-
1779 2029 1784 2034 ’

1097 2108 1173 2143 μης
1183 2090 1305 2144 οὔρεα
1314 2090 1360 2131 τοὶ
1374 2089 1593 2132 Θεσσαλικά
1604 2108 1639 2131 κ.
1650 2107 1684 2132 τ.
1697 2093 1752 2142 λ.]
1791 2123 1795 2126 »

1095 2148 1204 2186 Idem
1234 2156 1418 2187 testantur
1456 2151 1755 2201 peregrinatores

1096 2207 1334 2253 recentiores,
1348 2207 1394 2243 ab
1406 2208 1500 2243 urbe
1511 2206 1755 2243 Thessaloni-

1097 2275 1157 2299 ces
1177 2276 1206 2299 s.
1230 2262 1426 2299 Salonichi
1456 2263 1754 2314 contemplanti-

1097 2319 1166 2355 bus
1191 2320 1243 2355 ita
1269 2332 1289 2354 e
1318 2319 1529 2371 longinquo
1570 2331 1754 2370 apparere

1096 2373 1165 2411 hos
1175 2382 1336 2423 montes
1346 2382 1389 2412 ut
1409 2388 1565 2412 omnem
1576 2375 1753 2414 occiden-

1094 2431 1212 2467 talem
1222 2430 1427 2468 Thermaei
1440 2434 1542 2470 sinus
1554 2445 1660 2470 oram
1680 2446 1752 2471 ex-
1770 2441 1772 2444 “

1095 2488 1176 2538 pler
1179 2501 1198 2523 e
1219 2495 1255 2525 et
1266 2490 1428 2526 nubibus
1442 2491 1662 2540 praesertim
1673 2489 1774 2536 dis-

1095 2546 1230 2594 pelsis‚
1267 2559 1501 2599 quamquam
1526 2545 1600 2584 hoc
1632 2540 1795 2584 rarius&

1094 2601 1264 2640 accidere
1284 2610 1448 2652 narrant,
1468 2604 1589 2654 magis
1607 2604 1752 2654 magis·
1788 2594 1799 2614 “⁵

1096 2671 1170 2710 que
1188 2659 1367 2697 accedeie
1388 2667 1425 2698 et
1447 2661 1792 2712 appropinquare'

1094 2714 1308 2756 videantur.
1331 2718 1512 2754 Observat
1525 2715 1672 2764 Clarke,
1683 2715 1788 2768 quis-1

1095 2785 1183 2808 cum
1205 2773 1414 2823 Hollando,
1434 2773 1506 2810 alio
1525 2773 1665 2823 Anglo,
1681 2771 1765 2809 has·

1095 2830 1267 2878 regiones
1277 2837 1527 2882 montemque
1541 2829 1747 2880 Olympum
