1870 3249
400 217 1059 264 TERPSICHORE.
1120 230 1164 267 V.
1360 235 1417 275 67

153 323 230 380 τὴν
249 323 296 367 ἐν
317 325 497 381 Σικελίῃ
517 327 699 382 κτίζειν,
731 331 819 387 φὰς
848 332 928 389 τὴν
946 333 1136 389 ’Ἐρυκος
1158 339 1306 396 χώρην
1329 346 1411 386 ποῖ-
1470 354 1652 416 &eracleam
1677 365 1743 390 ten.

151 401 234 434 σαν
260 389 371 434 εἶναι
395 390 741 451 Ἡρακληϊδέων,
774 397 914 445 αὐτοῦ
939 400 1175 458 Ἡρακλέος
1206 411 1414 467 κτησαμέ-
1469 395 1741 467 Ιῑῖιιέεᾶτὲἶιωιῗέἑ-

117 464 243 502 2νου.
297 457 348 502 ‘0
387 459 456 513 δὲ,
503 459 699 516 ἀκούσας
734 470 895 520 ταῦτα,
944 468 988 520 ἐς
1029 474 1234 527 Δελφούς
1271 478 1409 532 οἴχετο
1468 462 1527 492 ret,

138 524 406 581 χρησόμενος
433 532 495 585 τῷ
524 535 798 588 χρηστηρίῳ,
829 537 867 578 εἰ
897 537 1029 591 αἱρέει
1060 539 1131 582 ἐπ’
1160 541 1216 597 ἢν
1246 545 1406 589 στέλλε-

110 596 212 635 3ται
239 592 408 650 χώρην·
447 596 474 653 ἡ
508 598 555 642 δὲ
586 602 740 657 Πυθίη
769 603 812 644 οἱ
843 607 928 660 χρᾷ
958 605 1169 663 αἱρήσειν.
1215 617 1461 667 παραλα-55

135 659 230 715 βῶν
259 661 306 706 δὲ
334 661 358 707 ὁ
387 667 588 720 Δωριεὺς
617 668 697 712 τόν
728 669 909 721 στόλον,
949 673 1027 717 τὸν
1055 677 1130 719 καὶ
1158 676 1201 729 ἐς
1235 681 1405 739 Λιβύην

11 722 78 768 44
132 723 230 782 ἦγε,
262 730 477 786 ἐκομίζετο
506 737 625 792 παρὰ
661 736 741 794 τὴν
770 735 968 797 Ἰταλίην.
1032 745 1122 787 Τόν
1149 745 1312 802 χρόνον
1349 748 1396 795 δὲ

128 798 308 852 τοῦτον,
344 797 404 851 ὥς
445 800 622 858 λέγουσι
652 809 928 863 Συβαρῖται,
969 813 1107 872 σφέας
1145 830 1192 858 τε
1231 813 1396 870 αὐτούς

1455 771 1474 789 a
1494 763 1689 805 Crotoniatis‚

1459 800 1490 835 up
1507 798 1672 834 Sybaritae

1453 837 1550 867 amnt,
1576 842 1728 874 exoratus,

68 955 151 991 Laii
175 960 274 1009 regis
303 962 482 1002 vaticinia
500 966 562 1003 vel
580 966 732 1006 Bacidis
790 969 893 1020 quod
923 972 1004 1009 fere
1037 973 1143 1012 idem
1172 983 1228 1013 est
1256 985 1371 1031 atque
1401 994 1451 1019 an

68 1015 221 1051 oracula
245 1020 442 1058 servarint.
480 1024 581 1059 Nam
600 1026 730 1063 Boeo-

65 1069 135 1117 tia,
159 1078 203 1108 ut
222 1073 320 1110 bene
338 1079 491 1115 monuit
512 1080 553 1117 C.
568 1081 727 1119 O.Mu·1-
783 1082 828 1131 V,
854 1087 899 1124 11

62 1125 130 1162 ler.
159 1127 186 1164 l.
207 1129 247 1177 1.,
278 1143 365 1169 orac
434 1148 522 1172 rum
541 1140 724 1176 sortium-

61 1194 138 1233 que
166 1198 236 1235 per
267 1189 470 1228 Graemam
503 1193 610 1232 sedes
640 1197 721 1233 fere

50 1241 332 1293 antiquissima.
362 1249 498 1301 Neque
521 1264 612 1289 vero
622 1251 718 1291 haec

56 1295 111 1332 ita
135 1299 286 1350 valent,
302 1309 346 1340 ut
365 1317 388 1341 a
406 1307 562 1357 vulgata
582 1310 718 1348 lectio-

56 1364 128 1401 ne,
170 1356 355 1397 librorum
389 1364 619 1414 scriptorum
646 1381 717 1405 au-

55 1411 226 1449 ctoritate
234 1417 320 1453 satis
339 1421 487 1457 munita
508 1421 713 1471 discedam,

51 1471 272 1516 praesertim
302 1486 393 1511 cum
435 1479 572 1527 etlam,
615 1494 713 1533 quae

49 1523 230 1563 Larcheri
271 1536 309 1567 et
355 1531 712 1586 Schweighaeuseri

48 1587 103 1617 est
121 1587 319 1635 sententia,
339 1587 434 1636 τούς
454 1594 591 1633 Λαΐου
612 1610 709 1647 χρη-

47 1635 173 1687 σμούς
203 1644 373 1695 accipere
393 1647 528 1686 ficeat:
560 1646 708 1692 oracula

45 1691 140 1731 Laio
170 1697 272 1748 data,
304 1708 348 1738 ut
378 1704 480 1754 apud
521 1707 705 1759 Sophocl.

45 1749 139 1790 Oed.
149 1753 245 1806 Tyr.
257 1758 339 1799 907
352 1760 555 1813 [898Erfi]
569 1768 704 1807 Λαΐου

41 1808 193 1849 παλαιοὶ
218 1812 426 1865 θέσφατα,
446 1820 589 1858 Electr.
621 1822 702 1863 344

40 1862 143 1910 [336
164 1868 317 1919 Herm.]
348 1874 436 1911 coll.
464 1877 601 1914 Matth.
634 1881 702 1918 Gr.

43 1919 109 1957 Gr.
132 1923 170 1967 ξ.
196 1927 292 1966 367.

93 1974 334 2034 Ἡρακληΐην
363 1981 438 2036 τήν
463 1985 506 2025 ἐν
536 1990 697 2045 Σικελίῃ

36 2034 181 2080 κτίζειν
209 2052 245 2076 κ.
275 2054 307 2080 τ.
332 2042 392 2090 λ.]
431 2043 603 2082 Pertinet
621 2045 697 2084 huc

32 2090 193 2128 Diodori
221 2095 328 2133 locus
357 2099 530 2137 classicus
550 2103 614 2150 IV,
641 2107 694 2144 23

32 2148 118 2184 coll.
148 2150 312 2189 Pausan.
341 2155 408 2202 ΙΠ,
444 2159 496 2196 16
523 2159 562 2203 §.
589 2160 627 2207 4,
658 2167 695 2198 et

31 2203 209 2245 Volcker.
237 2208 361 2261 Myth.
393 2213 535 2264 Geogr.
565 2217 584 2252 I
603 2229 692 2268 pag.

87 2317 125 2357 εἰ
144 2318 284 2372 αἱρέει]
306 2324 364 2360 De
384 2322 458 2363 hoc
489 2327 607 2365 futuri
626 2330 691 2367 in-

29 2371 192 2413 dicativo
211 2383 403 2432 praecepit
415 2383 460 2419 G.
476 2385 686 2425 Hermann.

27 2430 77 2467 ad
96 2432 223 2483 Viger.
244 2448 332 2487 pag.
355 2440 436 2480 947
459 2447 496 2477 et
523 2442 684 2493 Opuscc.

22 2486 75 2524 IV
84 2502 124 2539 p.
137 2491 206 2538 92,
224 2493 526 2546 ubi‚„futurtun,
549 2501 612 2548 ait,
635 2501 684 2539 ad

23 2554 67 2580 ea
97 2545 248 2585 videtur
277 2551 434 2598 referri,
473 2556 512 2591 in
545 2558 681 2608 quibus

20 2612 147 2654 neque
178 2617 226 2640 an
260 2604 421 2646 debeant
451 2610 532 2648 fieri
552 2627 679 2667 neque

20 2668 69 2694 an
101 2669 253 2698 censeat
290 2666 372 2716 quis
410 2667 537 2706 futura
584 2685 676 2722 esse,

18 2713 85 2752 sed
112 2718 331 2769 simpliciter
362 2734 411 2758 an
432 2725 507 2762 sint
535 2725 674 2778 sutura,

19 2775 229 2823 quaeritur,
270 2778 295 2814 i.
318 2792 351 2816 e.
373 2792 442 2828 an,
475 2783 505 2819 si
527 2785 609 2834 quis
630 2799 674 2823 ea

16 2825 150 2879 faciat,
171 2831 352 2872 effectum
372 2835 527 2876 daturus
548 2842 606 2890 sit,
632 2842 671 2880 id

784 1025 898 1065 liceat
933 1030 1100 1068 facere.“
1158 1032 1262 1071 Add.
1301 1037 1446 1077 Herod.

908 1088 946 1125 9.
966 1109 1023 1114 —
1069 1087 1218 1127 Italiam
1238 1104 1314 1143 quo
1335 1108 1448 1133 sensu

778 1140 915 1178 Noster
944 1142 1106 1191 dixerit,
1143 1150 1366 1189 monuimus
1397 1152 1445 1190 ad

778 1197 842 1245 IV,
868 1198 932 1239 15.

982 1279 1073 1332 Cap.
1095 1282 1234 1321 XLIV.

831 1365 889 1414 οἷς
911 1367 1069 1423 λέγουσι
1099 1373 1349 1424 Συβαρῖται]
1379 1377 1438 1414 De

770 1428 957 1462 structura
987 1427 1062 1464 loci
1095 1430 1196 1466 conf.
1218 1431 1282 1479 IV,
1307 1432 1346 1472 5.
1369 1433 1436 1482 95,

768 1479 900 1532 ibique
921 1484 1048 1522 citata.
1109 1486 1215 1531 Quae
1234 1501 1326 1525 vero
1345 1487 1386 1526 h.
1407 1491 1435 1529 l.

767 1537 905 1575 Noster
931 1541 1046 1578 refert
1076 1555 1126 1579 ex
1146 1556 1211 1580 ore
1231 1545 1434 1597 Sybarita-

767 1606 855 1631 rum
875 1603 990 1649 atque
1005 1598 1323 1650 crotoniatarum,
1335 1616 1431 1655 quos

762 1651 844 1701 ipse
874 1656 1106 1693 consuluisse
1134 1658 1326 1709 putandus
1359 1668 1426 1709 est,

762 1709 829 1745 vix
858 1709 1020 1748 dubium
1050 1721 1123 1761 est,
1161 1716 1208 1751 ab
1229 1716 1426 1755 Herodoto

760 1777 870 1815 sene,
907 1767 1066 1807 Thuriis
1101 1770 1276 1822 degente,
1308 1786 1425 1825 quam

759 1823 897 1859 urbem
916 1826 956 1861 in
978 1826 1132 1877 Sybaris
1153 1841 1175 1864 a
1195 1829 1425 1868 crotoniatis

760 1877 908 1916 dirutae
946 1882 1079 1919 locum
1118 1886 1270 1922 cessisse
1304 1899 1422 1925 nemo

758 1937 901 1984 nescit,
933 1940 1145 1990 conscripta
1166 1948 1203 1977 et
1229 1943 1270 1978 in
1297 1941 1421 1981 histo-

757 1991 855 2027 riam
893 1993 997 2031 illata
1040 2009 1133 2034 esse.
1193 1998 1250 2034 Cf.
1292 2001 1419 2052 Heyse

755 2047 908 2092 Quaest.
936 2063 1026 2101 pag.
1061 2055 1154 2093 139.
1182 2054 1415 2096 Dahhnann.

753 2105 894 2142 Herod.
915 2120 1005 2158 pag.
1027 2108 1077 2150 51
1101 2123 1195 2162 seq„
1218 2113 1284 2165 qui
1302 2114 1417 2151 simu]

752 2162 897 2198 attendi
915 2165 1043 2213 iubet,
1077 2169 1226 2218 quantis
1246 2171 1414 2209 tenebris

749 2218 827 2254 iam
847 2221 1033 2258 Herodoti
1053 2230 1175 2260 aetate
1195 2239 1253 2263 res
1269 2256 1279 2274 ,
1312 2240 1410 2279 quae

749 2287 851 2312 anno
884 2277 966 2318 510
987 2292 1021 2315 a.
1044 2278 1134 2317 Chr.
1155 2295 1194 2319 n.
1216 2283 1407 2334 acciderit,

747 2332 927 2371 obvoluta
946 2335 1079 2384 fuerit,
1101 2351 1191 2375 cum
1210 2340 1263 2376 ita
1282 2339 1411 2379 diver-

744 2389 892 2427 simode
933 2393 979 2429 ab
1017 2395 1188 2446 utrisque
1232 2406 1405 2436 enarrata

741 2458 813 2483 nec
845 2448 891 2484 ab
916 2449 997 2499 ipso
1026 2451 1221 2490 Herodoto
1260 2453 1402 2492 diiudi-

740 2510 824 2540 cata
844 2505 912 2551 sit,
942 2513 984 2543 ut
1005 2509 1071 2559 qui
1091 2516 1223 2546 contra
1244 2511 1404 2562 Sybari-

738 2566 794 2597 tas
843 2560 1030 2600 iudicium
1077 2565 1177 2602 serre
1222 2568 1398 2616 noluerit,

737 2629 858 2668 quum
887 2619 991 2656 fam&
1019 2621 1075 2657 ifli
1105 2629 1255 2660 tantum
1277 2626 1398 2662 enite-

733 2681 881 2723 rentur,
904 2676 1145 2715 Crotoniatae
1173 2687 1322 2728 autem,
1355 2688 1397 2719 ut

732 2729 977 2770 Dahhnanno
987 2735 1123 2784 placet,
1135 2735 1311 2774 historico
1331 2750 1394 2774 ar-

731 2796 929 2837 gumento,
952 2791 1056 2842 quod
1076 2793 1155 2842 ipse
1175 2793 1392 2834 Herodotus

730 2856 936 2895 agnoscere
956 2846 1142 2887 videatur.
1171 2851 1299 2902 Ipsam
1311 2853 1390 2905 Sy-

1013 2905 1058 2950 .5
1081 2901 1106 2926 ²*

1455 872 1516 892 una
1534 876 1600 896 cum
1621 871 1696 905 ipsis

1454 898 1584 934 Sybarin
1601 907 1713 935 evertit
