1806 3181
367 153 452 194 758
781 149 1239 188 HERODOTI

369 261 509 305 όντων
540 256 686 304 αὐτῶν
726 256 887 313 ὀλίγων
927 256 1114 313 στρατόν
1140 260 1226 301 τῶν
1268 257 1442 315 Μήδων
1471 257 1618 310 ἀλέξα-

209 332 310 378 208
366 335 484 374 σθαι.
549 331 695 371 Ταῦτα
724 326 1053 383 βουλευομένων
1083 324 1243 380 σφέων,
1275 326 1431 382 ἔπεμπε
1459 325 1621 382 ,Ξέρξης

47 396 318 458 ξξξξξῑζξιοῇῗῆθ,
374 397 649 442 κατάσκοπον
679 393 823 446 ἱππέα,
854 393 1024 437 ἰδέσθαι
1056 391 1209 437 ὁκόσοι
1237 393 1280 436 τέ
1305 395 1396 445 εἰσι,
1423 394 1496 438 καὶ
1525 392 1550 437 ὅ
1579 409 1621 436 τι

47 467 319 532 ῗιῗῑῖἶῗεξῗιῗζένῑ,
350 465 580 509 Ξποιέοιεν.
639 461 817 519 ἀκηκόεε
847 461 892 505 δὲ
922 461 983 504 ἔτι
1013 459 1096 504 {cdv
1125 460 1171 504 ἐν
1189 463 1413 517 Θεσσαλίῃ,
1443 460 1502 511 ὥς
1534 459 1622 504 ἁλι-

43 532 268 593 ᾖξξιζξεῇῗέξῆιω
375 532 505 589 σμένη
535 532 598 588 ε’ίη
627 529 762 588 ταύτῃ
793 527 967 585 στρατιή
1000 527 1135 584 ὀλίγη,
1163 529 1237 572 καὶ
1261 529 1364 580 τούς
1392 527 1622 585 ἡγεμόνας,

371 600 431 651 ὥς
460 601 611 655 εἴησαν
640 596 979 653 Λακεδαιμόνιοί
1006 611 1049 639 τε
1079 596 1153 639 καὶ
1179 597 1420 654 Λεωνίδης,
1453 595 1536 639 {aiv
1560 595 1677 651 γε’-65

341 675 449 720 3νος
479 666 778 723 “Ηρακληί”δης.
837 664 895 716 ὥς
924 664 969 708 δὲ
997 662 1234 719 προσέλασε
1275 663 1299 707 ὁ
1329 664 1483 713 ἱππεύς
1513 662 1624 718 πρός

369 735 419 779 τὸ
460 733 772 790 στρατόπεδον,
819 731 987 790 ἐθηεῖτό
1029 748 1095 783 τε,
1125 732 1198 775 καὶ
1226 731 1401 786 κατώρα
1431 734 1518 774 πᾶν
1547 731 1625 785 μὲν

372 797 428 848 ου’
455 802 503 847 τό
535 801 844 857 στρατόπεδον·
874 800 978 852 τούς
1005 798 1090 856 γάρ
1123 799 1205 843 ἔσω
1233 799 1518 855 τεταγμένους
1545 800 1627 840 τοῦ

370 873 542 928 τείχεος,
570 870 619 916 τὸ
650 869 983 925 ἀνορθώσαντες
1012 867 1128 924 εἶχον
1159 867 1205 911 ἓν
1235 870 1422 924 φυλακῇ,
1453 862 1626 909 odanto?

370 955 415 983 τε
442 935 498 996 ἦν
537 938 812 983 κατιδέσθαι·
860 936 883 981 ὁ
930 938 975 981 δὲ
1004 935 1109 986 τούς
1148 934 1225 987 ἔξω
1255 933 1485 990 ἐμάνθανε,
1514 937 1684 976 τοῖσιΊΟ

343 1008 460 1061 4πρό
490 1010 571 1050 τοῦ
600 1007 756 1063 τείχεος
785 1005 836 1049 τοὶ
867 1004 978 1049 ὅπλα
1019 1003 1168 1047 ἔκειτο.
1225 1000 1377 1057 ἔτυχον
1397 1002 1444 1045 δὲ
1470 1004 1629 1045 τοῦτον

372 1075 449 1118 τὸν
476 1074 636 1130 χρόνον
661 1072 1001 1128 Λακεδαιμόνιοι
1031 1072 1109 1123 ἔξω
1137 1071 1397 1125 τεταγμένοι.
1426 1068 1532 1119 τούς
1552 1067 1630 1124 μὲν

373 1141 426 1198 δή
467 1141 560 1197 ὥρα
597 1142 951 1198 γυμναζομένους
989 1143 1076 1182 τῶν
1116 1137 1312 1191 ἀνδρῶν,
1348 1137 1450 1187 τοὺς
1481 1134 1631 1185 δὲτὰς

375 1209 510 1265 κόμας
539 1210 872 1267 κτενιζομένους.
902 1210 1037 1251 ταῦτα
1067 1204 1117 1261 δὴ
1142 1203 1360 1260 θεώμενος
1390 1202 1629 1258 έθωύμαζε,

317 1405 446 1456 ibique
467 1404 589 1445 allata,
647 1406 722 1441 Pro
744 1400 895 1443 αὐτέων
914 1416 977 1439 re-

319 1461 451 1511 scripsi
475 1455 625 1500 αὕτεόν.
671 1461 877 1511 Vulgatam
895 1461 976 1499 τῶν

321 1512 482 1567 Μήδων
512 1516 714 1555 Bekkerus
750 1517 912 1555 mutavit
936 1517 976 1553 in

321 1571 391 1613 τόν
426 1568 599 1624 Μήδων.

510 1661 603 1714 cap.
625 1662 789 1700 oovm.

377 1735 516 1781 ὁκόσοι
541 1739 582 1781 τέ
599 1740 674 1780 εἶσι
693 1739 761 1780 καὶ
780 1736 803 1780 23
815 1754 852 1779 τι
868 1736 980 1779 ποιέ-

326 1798 426 1845 οιεν]
449 1796 556 1833 Idem
569 1797 772 1834 modorum
792 1797 980 1843 transitus,

327 1855 393 1906 qui
421 1854 501 1901 VII,
523 1857 616 1894 203.
638 1853 700 1890 Ad
719 1852 907 1904 ἁλισμένη
920 1851 981 1903 εἴη

324 1909 403 1948 vid.
429 1909 564 1949 Matth.
597 1912 663 1948 Gr.
698 1912 762 1947 Gr.
781 1911 818 1955 ξ.
839 1910 920 1951 500
941 1923 981 1959 p.

325 1966 420 2008 946.
448 1967 584 2016 Attigit
601 1967 744 2004 Iacobs.
766 1965 814 2003 ad
832 1967 983 2002 Aelian.

325 2023 373 2060 N.
393 2023 442 2060 A.
472 2024 563 2071 XII,
594 2021 646 2062 43
669 2024 755 2060 coll.
799 2021 935 2060 Suidas
955 2035 984 2058 s.

325 2091 362 2117 v.
384 2077 587 2129 ἁλισμένοι
614 2078 660 2129 (Ι
678 2092 767 2130 pag.
790 2078 885 2122 114)
906 2093 986 2117 πα-

328 2130 378 2186 ροῖ
398 2131 626 2188 Ἡροδότῳ·
658 2132 747 2175 ἀντὶ
768 2137 841 2174 τοῦ
866 2146 985 2184 συνη-

327 2188 576 2242 θροισμένοι.
632 2192 726 2228 Mox
754 2191 841 2228 libri
869 2192 986 2241 pleri-

331 2259 406 2298 que
437 2243 564 2297 πρός
612 2243 662 2285 τὸ
707 2243 985 2298 στρατόπεδον,

331 2303 398 2339 ubi
416 2302 555 2339 Aldina
584 2315 757 2354 unusque
785 2301 908 2339 codex
936 2301 987 2348 ἐς

332 2355 384 2398 τὸ
407 2354 686 2411 στρατόπεδον,
717 2358 763 2395 de
791 2370 866 2410 qua
893 2371 989 2394 con-

332 2414 480 2452 fusione
495 2428 655 2452 monens
673 2413 858 2453 Valcken.
888 2415 988 2464 opti—

334 2484 398 2507 me
418 2478 543 2509 tuetur
561 2468 668 2524 πρὸς,
689 2473 806 2509 citans
826 2468 989 2521 Thucy—

337 2527 415 2564 did.
443 2529 487 2576 V,
505 2526 578 2576 653
608 2541 684 2579 quo
705 2541 754 2565 ex
781 2529 865 2565 loco
897 2524 989 2578 quid

336 2591 496 2635 utraque
516 2585 740 2634 praepositio
751 2584 872 2633 distet,
891 2584 989 2620 bene

342 2641 499 2691 intelligi
526 2642 654 2691 possit.

392 2693 551 2748 κατώρα
571 2699 652 2735 πᾶν
664 2693 736 2748 μὲν
752 2690 801 2735 οὗ
817 2692 862 2735 τό
875 2705 991 2747 στρα-

338 2748 536 2802 τόπεδον]
566 2754 686 2791 Voces
715 2748 759 2793 τό
781 2748 993 2805 στρατόπε-

1031 1401 1103 1440 δον
1123 1400 1251 1436 abesse
1270 1398 1352 1436 vult
1370 1395 1567 1447 Valcken„
1586 1398 1639 1436 ita
1647 1405 1691 1436 ut

1032 1455 1209 1508 periodus
1233 1454 1430 1492 claudatur
1448 1455 1605 1494 vocibus
1619 1452 1691 1505 μὲν

1036 1510 1098 1561 ου’,
1127 1518 1310 1564 sequente
1325 1512 1461 1550 vocula
1476 1510 1532 1551 δέ.
1566 1512 1692 1556 Quam

1035 1571 1076 1606 in
1116 1582 1201 1605 rem
1257 1569 1395 1606 excitat
1439 1567 1693 1618 Xenophont-

1037 1626 1215 1676 Sympos.
1234 1625 1282 1672 II,
1302 1626 1366 1664 19.
1386 1625 1510 1662 Anah.
1529 1625 1593 1671 IV,
1616 1626 1640 1664 8
1654 1625 1692 1669 §-

1035 1685 1074 1723 2.
1095 1682 1160 1729 IV,
1182 1679 1208 1719 4
1229 1682 1266 1725 ξ.
1289 1683 1327 1726 3,
1356 1681 1441 1717 alia.
1498 1679 1693 1732 Equidem

1035 1738 1137 1775 libris
1157 1737 1284 1773 invitis
1304 1737 1393 1772 talia
1420 1743 1568 1773 mutare
1588 1735 1693 1773 haud

1036 1807 1121 1831 sum
1142 1806 1266 1830 ausus.
1313 1792 1375 1829 Ad
1394 1805 1507 1829 usum
1526 1794 1697 1843 particu-

1037 1852 1095 1887 lae
1118 1847 1161 1889 δὲ
1189 1851 1229 1885 in
1249 1849 1371 1886 verbis
1393 1847 1412 1888 ὁ
1431 1846 1473 1887 δὲ
1497 1846 1592 1895 τούς
1621 1848 1694 1895 ἔξω

1039 1905 1243 1958 ἐμάνθανε
1263 1906 1364 1943 conf.
1393 1904 1527 1944 Matth.
1550 1907 1614 1943 Gr.
1628 1907 1695 1944 Gr.

1040 1965 1077 2010 ξ.
1097 1964 1178 2004 289
1199 1968 1280 2000 not.
1310 1963 1334 2001 9
1355 1976 1394 2012 p.
1416 1961 1512 2002 582.

1095 2016 1165 2065 τοὶς
1204 2013 1330 2069 κόμας
1370 2015 1694 2067 κτενιζομένους]

1040 2077 1066 2113 i.
1087 2089 1121 2112 e.
1141 2075 1231 2112 alios
1251 2087 1379 2111 comam
1394 2073 1538 2125 (suam)
1556 2078 1697 2124 pecten-

1040 2136 1105 2169 tes.
1163 2130 1274 2176 Quod
1290 2145 1310 2167 e
1328 2138 1454 2167 vetere
1473 2132 1570 2181 lege,
1593 2131 1699 2167 cuius

1041 2188 1217 2225 meminit
1246 2189 1469 2223 Demaratus
1500 2187 1581 2233 Vll,
1615 2187 1698 2226 209

1044 2244 1150 2293 (coll.
1173 2244 1284 2293 Crag.
1313 2245 1371 2279 De
1399 2255 1478 2291 rep.
1507 2244 1599 2278 Lac.
1633 2242 1699 2287 III,

1043 2300 1083 2341 4.
1107 2301 1246 2337 Meurs.
1267 2299 1422 2336 Miscell.
1444 2299 1474 2345 I,
1507 2298 1584 2347 16)
1617 2297 1701 2334 fieri

1043 2362 1177 2393 notant
1196 2356 1428 2405 interpretes.
1459 2354 1542 2399 Quo
1563 2352 1700 2391 eodem

1043 2418 1197 2462 spectat,
1210 2412 1432 2449 observante
1441 2411 1700 2461 Wesselingio

1046 2469 1172 2508 Strab.
1198 2469 1237 2504 X
1265 2481 1354 2518 pag.
1384 2469 1465 2508 716
1485 2468 1533 2504 A.
1553 2481 1583 2506 s.
1606 2465 1700 2506 467.

1044 2526 1115 2561 Dio
1138 2522 1329 2575 Chrysost.
1358 2524 1400 2560 in
1432 2524 1532 2563 Orat.
1553 2523 1700 2574 [Synes.

1046 2583 1101 2618 De
1111 2581 1244 2618 Calvit.
1259 2595 1298 2632 p.
1317 2579 1369 2622 65
1381 2582 1426 2616 B.
1447 2580 1582 2618 Liban.
1595 2580 1698 2616 Orat.

1046 2651 1114 2689 pro
1135 2638 1229 2676 Salt.
1250 2651 1286 2688 p.
1299 2635 1380 2678 489
1400 2637 1447 2675 E.
1475 2636 1590 2673 Plura
1604 2647 1699 2686 quo-

1047 2708 1121 2746 que
1142 2693 1250 2731 affert
1271 2694 1313 2731 C.
1332 2693 1377 2730 O.
1395 2693 1544 2731 Mffller.
1564 2691 1702 2728 Dor-II

1047 2764 1082 2802 p.
1094 2751 1170 2792 251
1186 2763 1263 2801 seq.
1281 2753 1362 2791 269
1371 2762 1451 2801 seq.
1470 2747 1584 2785 Moris
1596 2746 1699 2784 enim
