1815 3181
424 199 505 238 180

818 189 1283 227 HERODOTI
1424 199 1437 222 ι

427 304 495 355 ,,ἐς
524 301 736 356 κυψέλην·
781 295 1042 353 ἐπισταμένη
1082 294 1141 347 ὦς
1183 297 1219 339 εἰ
1258 295 1607 350 ὑποστρέψαντες
1643 294 1742 346 ές4ο

367 493 465 538 putt.
486 482 626 520 Herod.
646 494 734 533 pag.
757 483 823 521 38.
857 483 902 517 In
914 494 1020 533 seqq.

367 542 415 579 ad
443 541 557 579 verba
588 538 626 585 ές
655 536 700 577 τό
722 533 1022 589 ἅφραστότατον

366 598 595 645 subintellig.
636 594 794 645 χωρίον.
873 596 1023 631 Locum

366 656 468 691 enim
505 651 671 689 indicare
711 651 814 699 vult,
861 650 909 688 de
946 663 1022 702 quo

365 710 520 760 cogitari
562 720 712 759 prorsus
753 720 833 744 non
863 713 1023 758 poterat,

364 769 429 819 qui
466 766 625 801 minime
663 763 913 801 animadverti
951 777 1020 800 co—

360 824 567 874 gnoscique
589 827 756 872 poterat3
798 818 1018 870 ἄφραστον·

364 877 620 931 ἀπρονόητον,
641 873 739 916 ὥστε
758 876 910 928 μηδένα
921 879 1021 926 νοῆ-

363 948 448 982 σαι,
479 936 529 971 ait
548 932 758 986 Hesychius
776 935 794 969 I
811 946 901 984 pag.
923 932 1020 974 649.

362 992 510 1029 Monuit
530 989 840 1041 Schweighaeus.
860 991 901 1026 in
921 991 1020 1026 Lex.

363 1047 505 1085 Herod.

418 1104 457 1151 ές
477 1102 686 1154 κυψέλην]
720 1102 854 1150 „cista
881 1102 1020 1139 Corin—

361 1160 447 1198 thiis
464 1160 563 1198 dicta
577 1159 743 1210 κυψέλη,
774 1161 814 1196 in
837 1172 911 1211 qua
933 1172 1020 1195 ma-

363 1225 420 1254 ter
438 1217 624 1254 infantem
633 1218 897 1263 occultaverat,
912 1223 1020 1267 post-

362 1287 407 1311 ea
445 1275 558 1311 fuisse
596 1272 755 1310 traditur
792 1275 833 1309 in
861 1274 1019 1310 Iunonis

360 1332 503 1381 templo
518 1331 716 1382 Olympiae
738 1329 929 1367 dedicata:
951 1328 1020 1367 sed

360 1389 483 1436 potius
517 1386 759 1434 crediderim,
796 1394 840 1423 ut
858 1387 913 1423 rei
932 1400 1020 1423 me-

360 1445 523 1480 moriam
543 1443 784 1491 custodirent,
799 1443 1018 1495 Cypselidas

361 1513 440 1537 non
461 1499 510 1537 ad
530 1501 724 1551 exemplar
743 1502 878 1537 veteris
912 1501 1018 1537 istius

359 1557 512 1604 factam,
535 1570 654 1594 arcam
674 1557 1019 1594 artificiosissimam

359 1614 464 1650 illam
486 1612 686 1662 dedicasse,
713 1615 753 1650 in
774 1615 879 1651 cuius
900 1616 1018 1666 quin—

361 1683 435 1721 que
454 1671 629 1707 lateribus
651 1670 869 1709 enarrandis
901 1684 1017 1708 accu-

361 1734 440 1763 rata
460 1728 669 1764 Pausaniae
688 1735 857 1765 versatur
885 1727 1016 1764 erudi-

360 1784 411 1819 tio
441 1784 486 1831 V,
525 1785 751 1825 17—19.“
797 1784 1013 1824 Valcken.

358 1840 416 1875 De
436 1838 507 1876 hac
523 1840 673 1891 Cypseli
693 1842 783 1878 cista
804 1843 870 1893 qui
887 1848 1017 1878 nostra

359 1903 480 1932 aetate
510 1904 688 1947 egerunt,
734 1898 863 1934 laudat
893 1898 936 1935 C.
970 1899 1015 1935 O.

358 1953 506 1989 Miiller.
527 1953 679 1991 Handb.
702 1953 738 1990 d.
760 1953 1014 2006 Archaeolog.

360 2010 397 2053 §.
415 2010 466 2049 57
486 2023 573 2060 pag.
605 2013 671 2051 36.
715 2013 793 2048 Nos
821 2010 883 2048 hic
903 2025 1018 2048 men-

360 2071 439 2101 tem
469 2065 515 2102 ad
547 2079 589 2102 ea
623 2066 885 2116 advertamus,
918 2082 1018 2120 quae

362 2121 430 2157 sub
451 2119 552 2158 hisce
577 2122 792 2161 fabularum
811 2126 1017 2162 involucris

360 2177 477 2213 latere
508 2177 730 2228 videantur,
763 2180 861 2218 duce
883 2182 1018 2219 Creu-

363 2245 467 2269 πετο
488 2233 657 2282 (Comm.
678 2237 876 2275 Herodott.
898 2252 937 2289 p.
963 2241 1016 2278 62

361 2290 500 2341 seqq.)‚
519 2293 581 2343 qui
601 2293 639 2328 in
655 2291 724 2330 hac
746 2294 945 2346 deCypseli
955 2308 1019 2330 re-

362 2345 430 2382 bus
467 2349 679 2385 narratione
717 2351 876 2388 feralem
910 2352 1018 2388 illam

363 2401 515 2440 Osiridis
544 2417 668 2441 arcam
698 2419 852 2459 quoque
882 2409 1018 2459 respici

363 2459 442 2494 vult
472 2462 571 2496 etin
602 2465 729 2500 matris
760 2465 911 2515 Cypseli
943 2477 1017 2501 no-

362 2515 465 2550 mine
488 2512 682 2567 (Λοὲβδατ,
728 2520 804 2557 vid.
843 2528 940 2558 nott.
968 2519 1017 2557 ad

363 2570 406 2614 V,
428 2573 482 2611 92
504 2573 540 2616 ξ.
562 2575 607 2621 2)
629 2587 695 2621 ea,
727 2589 822 2627 quae
844 2576 892 2613 de
912 2577 1018 2613 clau-

361 2624 416 2662 dis
446 2626 514 2663 ‹liis
551 2629 729 2681 Aegyptii
768 2632 1016 2671 tradiderunt.

362 2682 433 2725 Qui
456 2682 555 2719 idem
579 2685 664 2722 dein
685 2689 736 2725 sic
752 2691 895 2739 pergit:
917 2691 1018 2736 „At-

361 2749 436 2788 que
457 2739 484 2774 si
507 2743 743 2791 memineris,
773 2747 836 2781 ina
857 2747 935 2796 ipsa
955 2747 1018 2782 lu-

361 2794 494 2841 gubria
534 2796 679 2836 diverso
722 2801 837 2838 modo
882 2802 1017 2839 tradita

1078 492 1158 516 esse
1189 477 1292 529 apud
1311 479 1521 530 Aegyptios
1551 478 1741 530 fuisseque

1077 536 1243 582 famam,
1284 548 1383 586 quae
1429 534 1479 572 ad
1496 534 1637 572 ‚filium
1663 535 1741 573 Ηυ-

1077 605 1155 629 rum
1174 592 1404 639 transferret,
1426 604 1523 644 quae
1533 593 1649 642 vulgo
1668 605 1740 643 pa—

1078 655 1136 685 ter
1160 648 1277 686 Osiris
1298 649 1438 685 atrocia
1462 662 1659 700 perpessus
1679 648 1740 686 di-

1080 705 1178 741 citur
1201 704 1414 754 (Plutarch.
1439 706 1536 757 Opp.
1555 707 1591 741 H
1605 719 1644 756 p.
1657 705 1740 747 358

1075 763 1123 798 Ε.
1145 775 1182 812 p.
1204 760 1285 802 470
1307 763 1560 814 Wyttenb.)3
1592 761 1740 799 desines

1075 819 1227 865 mirari,
1257 819 1299 854 in
1330 820 1566 856 Graecorum
1584 819 1740 856 relatio-

1074 875 1186 911 nibus
1214 877 1421 925 puerulum
1446 877 1487 912 in
1506 877 1588 927 ipso
1606 876 1740 912 mortis

1076 930 1294 968 discrimine
1308 927 1474 983 potuisse
1494 939 1531 969 et
1549 934 1590 968 in
1610 944 1740 969 arcam

1075 987 1221 1025 includi
1242 996 1279 1025 et
1299 990 1345 1025 ab
1367 1002 1453 1026 arca
1463 1002 1608 1026 nomen
1626 990 1738 1026 inve-

1075 1046 1172 1083 nire.
1213 1045 1430 1083 Herodotus
1451 1042 1533 1085 οἷπό
1564 1048 1636 1097 τῆς
1652 1048 1737 1084 Κυ-

1076 1100 1205 1153 ψέλης
1227 1101 1462 1154 ἐπωνυμίην
1488 1105 1527 1141 Κ
1537 1098 1562 1141 ύ
1573 1111 1608 1152 ψ
1622 1117 1639 1141 ε
1649 1104 1671 1140 λ
1684 1116 1705 1141 ο
1718 1116 1739 1149 ς

1077 1155 1233 1209 οὕνομα
1257 1158 1387 1211 ἐτέθη.
1427 1161 1632 1196 Pausanias
1651 1160 1738 1196 loco

1075 1217 1232 1265 gemino
1253 1217 1298 1263 V,
1313 1219 1363 1257 16
1385 1213 1455 1264 τοές
1477 1214 1520 1255 δὲ
1538 1212 1738 1268 λάρνακας

1076 1271 1119 1311 οἱ
1132 1269 1220 1311 τότε
1242 1269 1414 1312 ἐκάλουν
1435 1273 1738 1325 Κορίνθιοικυ-

1075 1327 1217 1377 ψέλας.
1259 1329 1371 1376 Quod
1400 1343 1490 1367 vero
1512 1327 1616 1380 apud
1639 1341 1738 1365 eun-

1076 1383 1166 1422 dem
1184 1399 1224 1437 p.
1254 1386 1337 1427 419
1368 1393 1405 1422 et
1433 1384 1513 1427 424
1532 1385 1628 1423 haec
1656 1387 1738 1437 ipsa

1074 1443 1179 1489 cista,
1199 1444 1240 1478 in
1261 1442 1337 1495 quit
1357 1443 1524 1480 inclusus
1555 1443 1738 1495 Cypselus

1071 1499 1284 1548 ferebatur,
1310 1500 1466 1536 Iunonis
1487 1501 1527 1536 in
1548 1500 1738 1550 templum

1075 1556 1277 1608 Olympiae
1331 1555 1505 1593 dedicata
1558 1556 1738 1607 ambigue

1072 1612 1252 1661 traditur,
1282 1620 1384 1650 recte
1413 1614 1492 1649 iam
1513 1614 1553 1649 in
1576 1613 1738 1650 dubium

1071 1677 1275 1707 vocaverat
1311 1669 1497 1707 Valcken.
1534 1669 1583 1707 ad
1610 1672 1738 1707 Hero-

1073 1725 1152 1763 dot.
1172 1727 1198 1763 l.
1210 1728 1235 1763 l.
1245 1740 1369 1778 nuper
1389 1734 1518 1764 autem
1535 1726 1736 1764 Welcker.

1070 1783 1112 1819 in
1148 1784 1258 1831 libro,
1299 1785 1364 1835 qui
1393 1784 1609 1821 inscribitur
1628 1785 1737 1820 Zeit-

1071 1838 1204 1878 schrift
1224 1841 1288 1877 fiir
1300 1839 1438 1878 Gesch.
1459 1841 1737 1891 u.Auslegung

1074 1895 1112 1934 d.
1153 1898 1217 1934 alt.
1246 1899 1383 1934 Kunst.
1420 1898 1457 1934 ΙΙ
1484 1911 1523 1948 p.
1555 1899 1637 1938 272
1655 1903 1737 1934 tam

1072 1966 1212 2005 anceps
1249 1953 1452 2001 iudicavit,
1491 1961 1534 1990 ut
1574 1953 1622 1990 de
1651 1955 1735 2005 ipso

1072 2023 1228 2062 quoque
1261 2012 1414 2063 Cypseli
1440 2012 1505 2048 illo
1535 2011 1636 2047 vitae
1656 2010 1735 2048 dis-

1073 2069 1232 2104 crimine
1251 2069 1322 2105 sibi
1357 2066 1612 2104 dubitandum
1631 2068 1734 2104 arbi-

1071 2131 1246 2160 traretur.
1305 2123 1520 2161 Prudenter
1549 2125 1614 2160 ille
1646 2125 1734 2176 qui-

1073 2179 1176 2217 dem.
1233 2182 1285 2217 Et
1303 2182 1391 2219 licet
1411 2193 1491 2217 non
1509 2181 1540 2217 is
1560 2181 1644 2228 sim,
1666 2181 1733 2232 qui

1074 2237 1280 2288 Cypseliun
1306 2238 1433 2288 ipsum
1462 2250 1483 2273 e
1498 2249 1635 2287 regum
1655 2237 1733 2274 Co-

1071 2292 1302 2331 rinthiorum
1311 2295 1405 2331 serie
1416 2294 1550 2330 tollere
1557 2294 1731 2344 gestiam:

1071 2349 1178 2387 idem
1207 2358 1339 2387 tamen
1368 2352 1615 2401 pronuntiare
1651 2363 1733 2388 non

1071 2419 1206 2443 vereor
1226 2436 1236 2454 ‚
1293 2409 1408 2458 ipsius
1446 2405 1644 2444 historiam
1683 2420 1732 2444 ex

1072 2463 1238 2501 Herculis
1258 2462 1462 2515 Bacchique
1480 2465 1558 2502 sive
1575 2464 1732 2502 Osiridis

1070 2520 1206 2557 fabulis
1236 2521 1404 2557 colorem
1432 2520 1597 2558 duxisse.
1669 2519 1733 2557 Ad

1073 2578 1280 2614 Herculem
1302 2579 1404 2614 enim
1427 2575 1522 2614 haec
1542 2579 1622 2628 ipsa
1642 2589 1733 2628 per—

1072 2635 1205 2681 tinere,
1229 2647 1272 2670 ea
1293 2633 1432 2671 docent
1453 2646 1550 2685 quae
1581 2632 1629 2670 de
1649 2634 1733 2670 Te-

1071 2689 1185 2741 lepho
1208 2689 1386 2728 diximus.
1443 2688 1640 2727 Bacchum
1660 2702 1733 2726 au-

1073 2753 1153 2783 tem
1180 2746 1541 2784 Eleutherolacones
1559 2747 1731 2783 ferebant

1074 2804 1151 2840 unzi
1171 2817 1260 2840 cum
1281 2811 1403 2841 matre
1424 2802 1578 2842 Semela
1607 2804 1648 2840 in
1668 2815 1731 2840 ar-
