1815 3181
392 201 477 241 2116

364 308 703 361 ἓνεπίμπρασαν
735 302 789 346 τὰ
822 303 868 346 ἐν
894 302 1073 359 ’Ἕλλησι
1104 301 1188 357 ἱρά.

790 194 1249 232 HERODOTl

1251 300 1358 345 Τότε
1389 302 1436 345 δὲ
1466 303 1509 345 οἱ
1540 300 1710 354 Περ-7ο

393 387 464 418 σαι
496 375 539 417 οἱ
567 372 686 422 ἐντὸς
704 371 862 421 ’Ἅλυος
891 373 1093 425 ποταμοῦ
1123 368 1291 424 νομούς
1321 369 1510 425 ἔχοντες,
1539 386 1654 425 προ-

391 438 717 494 πυνθανόμενοι
766 442 929 490 ταῦτα,
980 439 1263 493 συνηλίζοντο
1308 438 1382 480 καὶ
1441 437 1655 493 ἐβοήθεον

391 513 505 551 τοῖσι
535 509 729 549 Λυδοῖσι.
773 507 846 549 καί
873 521 967 556 πως
996 504 1044 548 ἐν
1071 504 1150 560 μὲν
1180 504 1370 561 Σάρδισι
1400 503 1545 549 οὐκέτι
1560 505 1652 550 ἐόν-

390 592 467 626 τας
497 573 600 624 τούς
619 572 773 623 Ἴωνας
795 572 1068 629 εὑρίσκουσι·
1101 572 1304 628 ἑπόμενοι
1340 573 1387 616 δὲ
1420 573 1530 617 κατὰ
1569 575 1653 617 στί·

362 647 499 699 3βον,
544 640 738 695 αἱρέουσι
780 640 946 692 αὐτούς
979 640 1027 684 ἐν
1058 640 1237 700 Ἐφέσῳ.
1286 642 1360 686 καὶ
1398 639 1653 698 ἀντετάχθη-

389 722 472 753 σαν
498 709 576 765 μὲν
607 710 650 752 οἱ
666 707 825 761 Ἴωνες,
858 708 1156 764 συμβαλόντες
1185 710 1243 760 δὲ,
1272 709 1432 754 πολλόν
1464 708 1708 765 ἑσσώθη-75

388 790 492 821 σαν·
522 777 595 821 καὶ
622 777 816 827 πολλοὺς
846 776 994 820 αὐτῶν
1023 779 1067 820 οἱ
1097 777 1267 832 Πέρσαι
1296 778 1550 833 φονεύουσι,
1581 777 1652 821 ἄλ.-

386 849 491 895 λους
519 861 563 888 τε
593 843 889 899 ὀνομαστούς,
922 845 968 888 ἐν
999 846 1044 888 δὲ
1068 846 1120 902 617*
1152 847 1223 890 καὶ
1245 846 1492 890 Εὐαλκίδεα
1523 857 1651 900 στρα-

388 911 595 969 τηγέοντα
616 910 883 966 Ἐρετριέων,
914 913 1281 970 στεφανηφόρους
1294 930 1339 957 τε
1360 913 1533 969 ἀγῶνας
1551 913 1652 957 ἀνα-

388 978 645 1035 ραιρηκότα,
692 981 764 1024 καὶ
799 980 888 1024 ὑπὸ
929 984 1188 1037 Σιμωνίδεω
1224 986 1306 1026 τοῦ
1340 985 1485 1038 Κηΐου
1514 981 1655 1026 πολλὰ

356 1047 626 1091 4αἰνεθέντα.
668 1051 711 1091 οἳ
742 1048 787 1091 δὲ
818 1048 964 1091 αὐτῶν
982 1047 1214 1108 ἀπέφυγον
1242 1050 1323 1107 τήν
1350 1050 1503 1107 μάχην,
1536 1050 1646 1094 ἔσκε·
1663 1056 1709 1090 80

385 1115 613 1172 ἃάσθησαν
644 1114 726 1159 ἀνὰ
754 1116 830 1168 τὰς
851 1118 1019 1170 πόλιας.

389 1335 430 1375 οἷ
447 1333 708 1382 ἔντὸς”Ἀλυος
721 1338 908 1387 ποταμοῦ
919 1352 990 1376 νο-

331 1390 432 1443 μοῦς
455 1392 632 1443 ἔχοντες]
667 1393 832 1438 Quinam
854 1393 989 1430 dican-—

329 1456 392 1487 tur
412 1449 453 1488 οῖ
473 1447 580 1496 ἐντὸς
595 1447 742 1496 ''Akvog
757 1480 765 1496 ,
800 1449 989 1487 indicavi-

327 1519 413 1542 mus
439 1505 487 1543 ad
516 1508 544 1554 1,
568 1509 606 1547 6.
634 1507 888 1543 Locutiouem
917 1523 988 1546 vo-

329 1560 428 1613 μούς
463 1562 586 1614 ἔχειν,
610 1577 707 1615 quae
729 1565 845 1600 etiam
864 1564 909 1611 V,
932 1566 986 1604 92

329 1620 367 1665 §.
392 1623 422 1659 1.
442 1621 654 1666 invenitur,
697 1619 920 1671 Schweigh.
943 1622 984 1656 iu

327 1676 459 1713 Lexic.
480 1676 622 1713 Herod.
644 1679 913 1728 iuterpretatur
933 1690 987 1714 se-

329 1732 426 1779 dem,
461 1733 710 1771 habitationem
739 1734 876 1771 habere.
934 1735 987 1771 At

327 1796 428 1825 recte
457 1789 553 1826 mihi
579 1792 740 1827 Heeren.
770 1790 887 1827 Ideen
907 1792 937 1839 I,
964 1794 984 1831 1

328 1858 414 1896 pag.
438 1847 518 1887 505
542 1860 697 1883 mouere
716 1848 888 1895 videtur,
917 1862 988 1886 νο-

329 1899 430 1952 μούς
446 1902 506 1939 hic
519 1917 595 1940 esse
608 1917 726 1954 pagos
737 1912 858 1941 certos
868 1918 986 1956 quos-

330 1957 419 1994 dam
455 1961 656 1996 Persarum
690 1963 888 1999 miliiibus.
911 1961 984 2010 (de

331 2016 465 2066 quibus
477 2015 536 2052 hic
557 2030 679 2054 sermo
694 2019 762 2069 est)
776 2032 843 2069 per
854 2019 985 2068 singu-

331 2071 383 2107 las
395 2074 570 2122 satrapias
580 2076 836 2124 assignatos,i11
849 2076 985 2127 quibus

332 2136 611 2165 commorantes
650 2131 832 2180 praesidia
864 2131 986 2168 habe-

330 2191 435 2230 rent,
467 2185 651 2223 custodias
673 2195 838 2237 agerent,
861 2189 931 2225 alia
945 2188 984 2225 id

330 2252 464 2289 genus.
523 2241 632 2277 Unde
669 2242 728 2280 hic
757 2247 880 2294 potius
910 2246 987 2282 loci

330 2309 483 2333 seusus:
534 2297 695 2344 „Persae
722 2302 901 2350 (milites)
925 2303 987 2351 qui

330 2355 497 2389 stationes
518 2367 598 2390 suas
619 2368 647 2391 s.
664 2357 843 2405 praesidia
863 2361 899 2394 in
916 2372 985 2409 pa-

329 2413 389 2458 gis
409 2412 457 2446 cis
478 2409 606 2460 Ilnlyu
627 2414 705 2448 sitis
723 2414 905 2450 habebant.

389 2516 573 2571 ἑπόμενοι
622 2520 664 2561 δὲ
707 2523 834 2563 nato?
885 2527 987 2565 στί-

331 2577 386 2627 βο
406 2578 456 2625 ν]
488 2578 598 2614 conf.
618 2580 681 2626 lv,
705 2582 796 2619 122.
817 2582 861 2628 V,
892 2585 984 2623 120.

331 2633 441 2678 Quod
471 2637 662 2685 sequitur:
705 2635 882 2686 αἱρέουσι
911 2634 986 2676 αὕ-

329 2687 423 2736 τούς
460 2690 501 2729 ἐν
532 2688 685 2744 Ἐφέσῳ
732 2700 807 2728 est:
868 2693 988 2742 (lepre-

330 2747 485 2783 hendunt
513 2761 567 2784 eos
597 2748 646 2785 ad
667 2747 859 2799 Ephesum.
907 2751 985 2785 Eo-

331 2801 419 2839 dem
446 2817 578 2853 sensu‚
628 2818 704 2858 quo
735 2804 796 2842 hssc
829 2805 986 2843 verbum

1047 1336 1187 1388 αἱρεῖν,
1217 1349 1331 1387 supra
1357 1337 1402 1384 V,
1425 1339 1477 1377 98
1507 1339 1708 1387 καταλαμ-

1044 1390 1198 1445 βάνειν.
1264 1395 1359 1430 Mox
1377 1393 1466 1430 dedi
1486 1390 1617 1432 αὐτῶν
1636 1406 1706 1445 pro

1045 1447 1198 1489 αὐτέων
1256 1456 1293 1486 et
1343 1445 1635 1500 ὀνομαστούς,
1684 1463 1707 1487 a

1045 1505 1239 1546 Borheck.
1257 1513 1293 1542 et
1304 1506 1512 1544 Schaefero
1522 1508 1650 1544 invitis
1656 1507 1706 1543 li-

1042 1565 1117 1601 bris
1132 1565 1370 1600 mutatumin
1393 1579 1414 1603 0
1425 1560 1450 1603 ὕ
1459 1580 1481 1603 ν
1496 1560 1707 1614 ομαστοΰς,

1045 1633 1283 1673 quamquam
1302 1628 1463 1672 utraque
1484 1622 1608 1657 forma
1627 1622 1707 1657 No-

1044 1685 1121 1714 stro
1142 1679 1290 1714 usitata.
1332 1678 1396 1714 Sic
1418 1673 1707 1727 ου’νομαστοῖσι

1042 1735 1106 1782 IV,
1128 1735 1182 1775 58
1213 1733 1307 1782 (ubi
1336 1747 1435 1771 unus
1464 1735 1706 1771 Florentinus

1043 1786 1316 1841 ὀνομαστοῖσι)
1336 1793 1384 1838 11,
1405 1792 1494 1832 178.
1515 1791 1561 1840 v,
1582 1794 1618 1838 1,
1638 1791 1706 1827 ubi

1041 1847 1120 1885 vid.
1140 1853 1237 1883 nott.

1098 1899 1436 1954 στεφανηφόρους
1465 1917 1506 1942 τε
1546 1898 1706 1954 οἷγῶνας

1042 1956 1377 2012 ἀναραιρηκότα]
1392 1961 1418 1997 i.
1441 1973 1474 1996 e.
1497 1961 1560 2010 qm·
1577 1962 1616 1997 in
1631 1972 1705 1997 cer-

1040 2018 1232 2055 taminibus
1256 2030 1402 2054 coronas
1435 2016 1632 2066 (victoriae
1651 2017 1705 2053 si-

1041 2074 1196 2126 gnum)
1226 2077 1484 2125 reportaverat.
1530 2072 1617 2110 Vid.
1632 2074 1703 2121 IX,

1042 2134 1109 2172 93.
1140 2132 1204 2177 VI,
1236 2134 1301 2171 36.
1333 2134 1400 2171 70.
1425 2133 1503 2170 103
1525 2131 1611 2168 coll.
1631 2131 1702 2177 IX,

1042 2187 1107 2227 64.
1128 2188 1192 2234 VI,
1217 2187 1306 2228 125.
1340 2189 1432 2234 103,
1462 2187 1529 2222 ubi
1558 2193 1613 2223 est
1640 2186 1704 2225 νί-

1041 2259 1117 2293 κην
1143 2239 1412 2292 ἀναιρεῖσθαι.
1458 2243 1542 2288 Quo
1564 2241 1704 2279 eodem

1040 2302 1203 2351 pertinet
1229 2295 1426 2350 Ὀλύμπια
1456 2313 1485 2336 s.
1512 2294 1702 2350 Ὀλυμπι-

1043 2354 1120 2395 άδα
1150 2357 1247 2405 (scil.
1269 2353 1414 2407 νίκην)
1446 2351 1704 2407 ἀναιρεῖσθαι

1043 2414 1099 2462 (in
1128 2414 1226 2451 ludis
1253 2413 1474 2462 Olympiacis
1504 2414 1639 2449 vincere
1671 2425 1702 2449 s.

1039 2472 1226 2507 victoriam
1248 2470 1426 2519 referre)3
1458 2468 1506 2506 de
1526 2481 1604 2520 quo
1624 2467 1703 2506 vid.

1042 2534 1136 2564 nott.
1170 2525 1219 2562 ad
1250 2526 1312 2573 VI,
1348 2528 1415 2566 70.
1473 2527 1531 2562 De
1560 2527 1703 2562 Pausa-

1040 2583 1126 2629 nist,
1151 2582 1224 2619 hoc
1253 2581 1435 2634 loquendi
1463 2595 1584 2632 genus
1613 2583 1704 2618 imi-

1039 2646 1144 2676 tante
1165 2640 1264 2676 conf.
1287 2639 1446 2676 Siebelis
1466 2638 1514 2676 ad
1536 2640 1702 2675 Pausau.

1041 2697 1072 2732 V
1076 2697 1104 2742 1,
1131 2697 1180 2738 15
1197 2697 1234 2741 ξ.
1253 2698 1290 2736 6.
1323 2696 1505 2732 Observat
1523 2694 1700 2732 Broeud-

1040 2751 1135 2788 sted.
1190 2753 1369 2801 (Reisen.
1398 2753 1416 2788 1
1444 2764 1531 2803 pag.
1553 2754 1627 2799 69)
1657 2763 1702 2788 ea

1041 2820 1138 2859 quae
1171 2808 1386 2846 Herodotus
1425 2808 1473 2846 de
1510 2807 1702 2846 Eualoidjs
