1815 3181
383 170 441 210 78

722 159 1248 199 -HERODOTI

333 276 476 331 13,,τῷ
504 273 583 316 Διῒ
609 269 806 315 πλούτου
833 268 932 325 πέρι
961 269 1130 322 ἐρίζετε.
1182 266 1292 312 ἄλλα
1323 267 1422 322 περὶ
1451 265 1529 322 μὲν
1557 263 1642 322 χώ-

384 359 492 399 ,,ρης
520 339 606 395 ἄρα
636 336 690 382 οὐ
721 341 911 394 πολλῆς,
948 336 1050 381 οὐδὲ
1088 335 1202 380 οὕτω
1232 339 1436 392 χρηστῆς,
1465 335 1538 378 καὶ
1570 332 1700 377 οὔ-65

382 425 503 465 »ρων
534 408 749 464 σμικρῶν,
787 404 916 462 χρεόν
946 405 1034 449 ἐστι
1064 403 1201 459 ὑμέας
1241 403 1378 459 μάχας
1409 400 1643 458 ἀναβάλλε-

385 482 517 531 ,,σθαι
544 474 652 528 πρός
681 489 725 517 τε
754 475 1054 531 Μεσσηνίους,
1099 471 1249 522 ἐόντας
1278 470 1529 524 ἰσοπαλέας,
1569 469 1643 512 καὶ

385 543 621 598 ,,Ἀρκοὶδας
649 557 694 585 τε
723 542 797 584 καὶ
822 540 1064 598 Ἀργείους·
1095 544 1207 583 τοῖσι
1237 538 1335 583 οὔτε
1364 541 1532 594 χρυσοῦ
1555 537 1644 593 ἐχό-

384 609 544 667 ,,μενόν
581 609 670 653 ἐστι
711 608 861 664 οὐδὲν,
908 610 1007 653 οὔτε
1050 607 1273 664 ἀργύρου,
1309 612 1398 651 τῶν
1441 606 1541 661 πέρι
1570 607 1644 650 καί

384 695 508 732 ,,τινα
555 676 698 734 ἐνάγει
742 678 968 734 προθυμίη
1028 675 1274 733 μαχόμενον
1327 674 1639 732 ἀποθνήσκειν.

383 855 442 908 τῷ
473 852 546 892 Διῒ
567 848 744 892 πλούτου
782 850 873 904 πέρι
903 850 984 901 ἔρι’-

328 911 436 958 ζετε]
475 911 501 947 i.
527 923 561 947 e.
602 923 706 958 „cum
739 908 822 946 Iove
846 909 986 946 divitiis

327 971 461 1004 certare
477 968 679 1016 poteritisf‘
738 967 874 1016 Attigit
893 978 986 1016 pro-

326 1024 534 1061 verbialem
552 1025 787 1060 locutionem
811 1020 985 1059 Eustath.

327 1079 376 1117 ad
405 1082 564 1131 Dionys.
593 1081 744 1130 Perieg.
779 1083 906 1120 1072:
945 1079 987 1114 in

327 1135 404 1190 quit
424 1137 587 1174 certandi
600 1138 761 1175 verbmn
772 1137 927 1187 ponitur
944 1136 986 1170 in

327 1195 615 1244 comparatione
645 1193 692 1230 de
725 1192 984 1239 similitudine,

326 1257 370 1288 ut
398 1251 497 1287 bene
526 1257 684 1287 annotat
707 1248 893 1287 Valcken.
929 1250 986 1285 ci-

325 1314 409 1344 tans
429 1306 572 1344 Herod.
586 1308 650 1355 IV,
673 1306 766 1348 152.
789 1305 986 1343 Theocrit.

325 1365 389 1412 IV,
424 1363 491 1400 fin.
512 1362 654 1401 Athen.
680 1365 735 1399 III
754 1376 842 1414 pag.
863 1362 916 1402 75
937 1363 984 1398 Ε.

326 1421 413 1467 Sic,
435 1419 573 1457 eodem
591 1427 794 1467 monente,
828 1418 989 1456 certandi

325 1478 488 1515 verbum
516 1477 619 1528 apud
658 1479 791 1514 Horat.
825 1478 899 1526 Ep.
936 1477 985 1524 Π,

326 1536 395 1574 20.
455 1533 592 1582 Od.11‚
615 1537 654 1581 6,
686 1533 750 1581 15,
778 1533 985 1570 ubimulta

325 1591 548 1627 Lambinus.
561 1614 611 1618 —-
632 1591 676 1626 In
687 1591 862 1640 proxime
878 1602 984 1641 seqq.

327 1648 555 1698 particulam
576 1644 653 1699 ἄρα
675 1645 829 1684 adverte
841 1648 986 1698 aliquot

327 1705 450 1741 verbis
474 1705 735 1755 postpositam.
773 1705 893 1740 Paulo
915 1704 986 1740 ali-

328 1767 386 1797 ter
405 1761 469 1808 IV,
492 1759 558 1809 64,
588 1761 657 1798 ubi
676 1759 752 1798 vid.
773 1767 871 1797 nott.

382 1868 495 1924 χρεόν
508 1871 588 1911 ἔστι
607 1869 732 1923 ’ὑμέας
751 1868 879 1923 μάχας
891 1867 984 1911 οἰνα-

328 1925 566 1980 βάλλεσθαι]
597 1930 630 1965 Ε
651 1930 870 1965 Florentino
894 1941 983 1966 cum

327 1986 444 2022 Gaisf.
478 1984 581 2021 edidi
610 1983 748 2036 χρεόν,
779 1987 846 2022 ubi
865 1987 981 2036 vulgo

328 2038 428 2092 χρεώ
436 2056 471 2088 ν,
484 2040 588 2092 quod
600 2040 735 2078 Matth.
748 2044 903 2079 retinuit
915 2056 982 2078 ae-

327 2111 403 2150 que
424 2105 537 2148 atque
553 2096 730 2134 hislocis:
752 2098 876 2144 V‚50.
891 2100 981 2138 109.

329 2156 423 2194 111.
442 2155 507 2201 vl,
537 2156 604 2193 23.
639 2153 707 2194 43.
738 2155 805 2194 84.
837 2155 980 2201 V11,6.

329 2212 395 2250 13.
430 2213 495 2250 17.
525 2210 593 2256 ΙΧ,
614 2209 681 2257 41,
714 2211 780 2246 ubi
799 2223 868 2246 nos
889 2211 982 2247 scri-

327 2267 471 2316 psimus
491 2264 601 2318 χρεὸν
616 2295 626 2314 ,
659 2266 763 2317 quod
782 2265 886 2303 haud
905 2268 980 2303 scio

328 2335 376 2358 an
396 2324 426 2370 Ι,
461 2321 527 2363 41.
551 2323 616 2369 57,
656 2336 809 2375 quoque
841 2324 984 2360 restitui

329 2378 478 2415 debeat.
554 2380 606 2415 At
633 2380 677 2427 v,
709 2382 774 2420 89.
795 2381 875 2425 vn,
906 2382 982 2419 160

328 2436 465 2487 reliqui
483 2432 621 2487 χρεών,
639 2437 679 2472 iu
700 2449 775 2487 quo
796 2437 984 2472 libricon-

328 2493 470 2542 spirant
490 2493 638 2542 scripti:
673 2489 983 2544 ἀναβάλλεσθαι,

330 2548 435 2600 quod
475 2546 607 2585 ornnes
648 2549 758 2586 codd.
809 2549 984 2595 afferunt,

332 2603 552 2656 Schweigh.
592 2613 783 2643 mutatum
824 2607 906 2653 vult
944 2607 984 2641 in

330 2657 604 2712 οἷναλαβέσθαι
648 2675 693 2700 eo
740 2676 852 2699 sensu
908 2674 984 2713 quo

329 2719 394 2764 ΠΙ,
419 2721 472 2758 69
496 2713 769 2770 ἀναλαβέσθαι
780 2719 983 2765 κίνδυνον,

331 2773 435 2825 quod
455 2776 589 2825 probat
609 2775 789 2814 Matthiae
802 2805 812 2825 ‚
836 2775 894 2813 his
914 2774 985 2812 ad-

1042 851 1147 887 iectis
1179 850 1323 887 verbis:
1358 849 1448 897 „Sic
1466 856 1521 886 est
1540 850 1607 897 ΙΙΙ,
1630 851 1697 889 69.

1043 901 1340 958 ἀναβάλλεσθαι
1357 906 1549 949 κίνδυνον
1562 913 1616 943 est
1626 904 1699 956 des-

1035 963 1144 1014 serre,
1166 970 1209 1000 ut
1228 962 1331 1014 apud
1354 962 1536 1015 Thucyd.
1560 964 1605 1011 V,
1631 962 1698 1004 46.

1042 1023 1129 1061 Non
1183 1019 1502 1057 dissimulandum
1547 1027 1699 1067 tamen,

1043 1073 1340 1129 ἀναβάλλεσθαι
1350 1072 1522 1126 πόλεμον
1541 1089 1700 1127 compa-

1043 1136 1118 1170 rari
1149 1147 1258 1184 posse
1296 1147 1386 1170 cum
1429 1130 1702 1173 ἀνατίθεσθαι

1043 1191 1211 1243 φορτίον
1231 1191 1301 1227 sibi
1317 1192 1496 1240 imponere,
1518 1192 1701 1240 suscipere,

1043 1247 1091 1284 de
1122 1260 1197 1299 quo
1227 1246 1305 1284 vid.
1327 1248 1457 1297 Toup.
1478 1248 1567 1284 Em.
1590 1246 1700 1284 Suid.

1041 1305 1092 1341 T.
1113 1306 1131 1340 Ι
1145 1316 1233 1355 pag.
1249 1302 1371 1344 242.“
1424 1304 1476 1340 At
1495 1311 1596 1340 recte
1612 1304 1700 1341 vul—

1040 1368 1151 1411 gatae
1178 1362 1438 1411 patrocinatur
1473 1359 1698 1399 Schneider.

1039 1418 1079 1453 in
1107 1419 1204 1454 Lex.
1236 1418 1302 1453 Gr.
1324 1430 1548 1467 comparans
1569 1418 1701 1454 similis

1039 1487 1128 1511 usus
1162 1475 1324 1511 verbum
1364 1469 1624 1524 α’ναῤῥίπτειν
1662 1481 1700 1511 et

1039 1529 1299 1582 Aeschyleum
1335 1529 1432 1567 illud
1464 1528 1514 1568 S.
1555 1545 1588 1568 c.
1618 1530 1697 1568 Th.

1043 1590 1150 1628 1030
1172 1587 1273 1636 (952
1292 1586 1426 1637 Both.)
1459 1582 1536 1626 ἄνα
1562 1588 1698 1627 κίνδυ-

1041 1659 1115 1683 νον
1138 1645 1249 1695 βαλῶ
1264 1660 1274 1679 .·
1295 1643 1398 1696 quod
1418 1645 1542 1695 ipsum
1562 1646 1700 1682 Blom-

1040 1700 1143 1738 field.
1161 1702 1305 1737 Graece
1327 1701 1402 1738 dici
1421 1714 1532 1751 posse
1551 1715 1698 1752 negans

1041 1759 1094 1794 sic
1131 1759 1320 1794 mutavit:
1381 1755 1482 1808 κάμὲ
1519 1754 1698 1812 κινδύνῳ

1042 1815 1174 1865 βαλῶ,
1203 1827 1341 1865 parum
1360 1821 1463 1851 recte
1488 1814 1576 1851 mea
1611 1816 1699 1867 qui-

1042 1870 1132 1908 dem
1160 1885 1207 1907 ex
1241 1870 1438 1908 sententia.
1505 1873 1605 1908 Nam
1634 1870 1697 1909 hic

1039 1928 1120 1978 ipse
1150 1927 1335 1965 Herodoti
1363 1929 1490 1976 locus,
1523 1930 1589 1980 qui
1616 1941 1698 1965 non

1038 1985 1137 2035 fugit
1157 1987 1324 2021 Passow.
1346 1985 1387 2021 in
1411 1986 1508 2022 Lex.
1526 1987 1605 2033 Gr„
1626 1998 1697 2023 ve-

1038 2055 1126 2077 rum
1164 2041 1301 2078 docere
1338 2048 1497 2091 poterat.
1562 2043 1696 2093 Itaque

1038 2098 1157 2147 probo
1175 2097 1353 2149 equidem
1373 2097 1477 2148 quod
1497 2096 1612 2134 Both.
1633 2111 1695 2133 re-

1038 2155 1157 2190 stituit
1195 2149 1301 2191 κοῖνοῖ
1339 2153 1530 2192 κίνδυνον
1570 2155 1694 2204 βαλῶ,

1040 2209 1144 2260 quod
1158 2208 1303 2246 dictum
1323 2222 1392 2259 pro
1413 2208 1480 2248 καὶ
1501 2210 1694 2249 κίνδυνον

1041 2263 1230 2316 οἷναβαλοό
1249 2265 1353 2302 idem
1372 2267 1473 2303 valet
1494 2273 1607 2318 atque
1627 2265 1696 2307 καὶ

1041 2318 1256 2373 οἷναῤῥίψω
1280 2323 1490 2370 κίνδυνον,
1520 2330 1564 2360 ut
1596 2324 1695 2361 bene

1040 2378 1563 2428 interpretaturAbreschius,
1615 2382 1696 2418 Nec

1039 2448 1210 2471 remoror
1241 2436 1401 2472 verbum
1431 2435 1625 2484 medium,
1655 2438 1696 2473 in

1043 2505 1118 2543 quo
1142 2493 1220 2542 ipso
1241 2490 1371 2529 haeret
1392 2491 1693 2544 Schweighaeu-

1042 2561 1158 2585 serus.
1216 2550 1259 2584 In
1288 2556 1457 2585 mentem
1494 2552 1597 2587 enim
1623 2563 1693 2587 ve-

1040 2607 1150 2641 niunt
1172 2600 1425 2655 (ἷναιρεῖσθαι
1443 2603 1616 2656 πόλεμον
1627 2605 1692 2657 (V,

1042 2663 1127 2711 36),
1150 2662 1220 2698 alia
1240 2662 1278 2698 id
1299 2676 1432 2713 genus.
1448 2685 1503 2690 —
1529 2664 1574 2698 Iu
1585 2675 1692 2714 seqq.

1041 2718 1088 2754 ad
1109 2719 1222 2755 verba
1242 2722 1388 2769 χρυσοῦ
1414 2716 1593 2770 ἐχόμενόν
1613 2717 1692 2758 ἐστι

1041 2769 1161 2814 οὐδὲν
1190 2776 1292 2813 conf.
1319 2774 1449 2813 laudd.
1482 2774 1530 2812 ad
1549 2776 1615 2823 111,
1637 2777 1690 2816 66
