1870 3249
325 194 981 234 TERPSIGHORE.
1041 193 1087 229 V.

101 310 220 366 τρίης
247 305 335 375 τήν,
359 303 518 361 domiv-

103 379 258 432 ρίσκω,
307 375 422 430 ἦσαν
458 375 661 424 Φοίνικες
697 375 787 415 τῶν
831 370 915 414 oti-v
950 369 1118 426 Κάδμῳ
1156 366 1363 422 ἀπικομέ-

103 459 193 488 νων
225 443 456 486 Φοινίκων
484 440 527 492 ἐς
563 444 646 496 γῆν
675 440 755 496 τὴν
791 443 876 482 νῦν
908 439 1127 493 Βοιωτίην
1163 434 1366 490 καλεομέ-

102 525 205 566 νην·
244 511 393 553 οἴκεον
423 509 469 552 δὲ
499 512 576 564 τῆς
605 507 747 565 χώρης

44 887 161 924 ticam
179 893 322 924 terram
340 888 619 937 immigrarent.
640 888 707 924 Tu

43 943 145 981 conf.
165 945 299 981 Kruse.
319 945 448 981 Hellas
466 945 546 991 H‚1
569 958 608 995 p.
625 947 701 984 171

43 1013 123 1052 seq.
135 1001 346 1040 coll.Laur.
366 999 467 1052 Lyd.
494 1002 553 1037 De
564 1014 704 1038 menss.

43 1057 110 1104 IV,
129 1059 179 1096 21
202 1070 291 1109 pag.
325 1060 404 1099 118
432 1055 570 1094 Roeth.
600 1059 705 1095 We-

43 1119 251 1152 stermann.
298 1115 357 1150 De
385 1114 553 1165 publice.
580 1113 705 1151 Athe-

42 1171 183 1212 nienss.
206 1169 416 1207 honoribus
438 1168 559 1222 (Lips.
576 1170 703 1218 1830)

10 1264 17 1269 ,
44 1239 132 1278 pag.
145 1229 211 1277 31,
232 1229 299 1280 qui
316 1228 442 1279 plures
452 1227 597 1264 indicat
607 1240 707 1278 gen-

43 1290 100 1320 tes
118 1286 348 1335 peregrinas,
369 1297 468 1336 quae
487 1286 611 1336 patria
635 1297 707 1320 ex-

3 1355 17 1370 ·
47 1346 178 1388 torres,
202 1342 242 1377 in
261 1342 429 1379 Atticam
449 1341 707 1392 confugerunt

48 1396 177 1448 ibique
213 1398 363 1435 civitate
403 1397 566 1436 donatae
603 1405 706 1435 sunt.

47 1454 94 1490 In
123 1466 230 1506 seqq.
260 1453 348 1491 dedi
375 1448 481 1505 ἦσαν
506 1467 576 1506 pro
599 1454 704 1504 ἕσαν,

49 1516 87 1546 et
106 1513 251 1563 μοῖραν
266 1523 335 1562 pro
358 1511 517 1564 μοίρην.
539 1532 588 1540 —
631 1509 706 1563 τήν

47 1561 175 1618 άρχήν
227 1569 455 1620 interpretor
493 1571 708 1620 antiquitus,

47 1623 93 1661 ab
111 1624 227 1661 initio.

103 1675 371 1731 οἷπολαχόντες
405 1677 480 1733 τήν
516 1684 712 1734 Ταναγρι-

46 1732 128 1787 mlv
145 1738 321 1789 μοῖραν]
344 1739 430 1775 Huc
445 1740 612 1792 respexit
621 1740 713 1777 Ste-

45 1791 164 1844 phan.
191 1795 288 1845 Byz.
317 1808 357 1845 p.
388 1797 471 1836 692
497 1808 528 1832 s.
557 1810 595 1835 v.
632 1792 711 1834 Τά-

48 1864 175 1900 ναγρα
196 1864 244 1887 ex
263 1850 458 1888 Herodoto
486 1853 606 1889 citans
630 1855 711 1908 Τα-

48 1903 244 1957 ναγρικήν
277 1909 434 1958 μοῖραν.
493 1908 593 1944 Cum
618 1921 710 1945 vero

49 1962 231 2012 Tanagra
248 1964 431 2000 Boeotica
451 1977 471 1999 e
491 1966 648 2014 regione
666 1966 714 2002 sit

46 2019 219 2056 Eretriae
228 2020 269 2055 in
283 2019 442 2056 Euboea
461 2020 584 2058 insula
603 2022 708 2069 sitae,

48 2075 227 2113 facillime
249 2089 367 2127 quam
386 2078 527 2114 Noster
555 2091 710 2115 memo-

49 2139 198 2169 raverat
246 2132 295 2169 de
331 2134 480 2170 Eretria
518 2136 710 2185 primitiva

49 2187 367 2240 Gephyraeorum
395 2190 517 2240 patria
553 2199 710 2229 senten-

49 2246 144 2282 tiam
172 2247 262 2283 oriri
288 2247 456 2298 potuisse
484 2255 619 2298 sponte
646 2250 710 2285 in-

50 2303 232 2352 telligitur
252 2331 262 2351 ‚
330 2305 551 2355 praesertim
589 2319 711 2358 quum

50 2357 262 2397 Phoenices
279 2359 468 2413 quosdam
481 2390 491 2409 ,
534 2363 591 2399 uti
619 2377 713 2414 pro-

50 2416 176 2452 babile
197 2422 274 2464 est,
305 2430 326 2453 e
358 2418 540 2469 Tanagra
569 2420 610 2456 in
629 2422 714 2457 Eu-

54 2473 192 2509 boeam
247 2474 462 2524 oppositam
526 2477 714 2516 traiecisse

52 2541 192 2566 sumas.

108 2584 298 2625 ἐνθεῦτεν
316 2583 359 2624 δὲ
381 2587 594 2637 Καδμείων
614 2584 716 2639 πρό-

53 2655 166 2694 τερον
196 2657 231 2681 κ.
255 2656 288 2680 τ.
312 2643 377 2690 λ.]
417 2643 560 2689 Quibus
593 2646 717 2683 verbis

53 2695 127 2735 hoc
142 2697 238 2735 mihi
258 2697 455 2736 declarare
473 2698 624 2738 videtur
636 2703 718 2739 He-

58 2753 238 2803 rodotus,
279 2754 467 2794 Cadmeos
503 2758 606 2807 prius
635 2760 661 2796 i.
683 2773 718 2797 e.

58 2819 143 2861 post
173 2825 320 2849 anuum
358 2815 465 2853 1307
497 2825 531 2851 a.
554 2813 643 2852 Chr.
665 2829 719 2863 n.‚

1305 192 1361 231 91

562 304 621 355 ὥς
650 304 696 347 δὲ
727 301 809 359 ἐγώ
841 299 1265 356 ἀναπυνθανόμενος
1295 297 1359 342 εὖ-
1376 305 1549 350 80njcia1n
1565 308 1664 350 quo·

1421 344 1647 413 ss'gffimdffla-

1423 411 1684 473 fftssfiffitffffl‘}

1426 489 1444 507 a
1463 479 1589 506 Boeotis
1605 476 1702 504 eiecti

775 505 937 562 ταύτης
966 502 1256 561 ἀπολαχόντες
1284 502 1365 558 τὴν
1424 513 1560 574 [3112ssss
1578 512 1685 574 {2253}

74 586 95 620 2
113 576 392 634 Ταναγρικὴν
419 581 595 633 μοῖραν.
641 576 846 620 ἐνθεῦτεν
877 574 922 618 δὲ
953 574 1188 628 Καδμείων
1213 568 1539 625 πρότε-ὃὸῐετιιιιι.

101 663 184 701 ρον
212 644 541 698 ἐξαναστάντων
568 642 652 689 ὑπ’
683 642 907 699 Ἀργείων,
950 644 995 685 οἱ
1024 643 1271 697 Γεφυραῖοι
1292 633 1369 682 οὗ·

100 731 166 758 τοι
198 713 380 769 δεύτερα
408 711 498 757 ὑπὸ
531 716 752 757 Βοιωτῶν-
779 709 1089 764 ἐξαναστάντες
1128 707 1368 762 ἐτράποντο

764 886 902 924 eiectos
933 898 1013 922 esse
1033 885 1078 920 ab
1108 883 1260 934 Argivis
1279 896 1309 919 s.
1329 882 1427 932 Epi-

762 944 872 993 gonis
894 940 955 990 (ut
972 940 1226 978 indicavhnus
1245 952 1358 990 supra
1378 937 1429 975 ad

761 1001 791 1048 I,
814 999 868 1040 56
889 1000 976 1036 0011.
994 998 1040 1046 V,
1062 999 1135 1048 61)
1156 1004 1242 1034 tum
1261 1009 1352 1034 vero
1367 1002 1427 1032 et-

760 1058 840 1093 iam
868 1054 939 1092 hos
972 1053 1221 1106 Gephyraeos
1257 1060 1294 1090 et
1326 1054 1429 1104 ipsos

762 1112 860 1165 (qui
881 1125 963 1149 non
984 1111 1132 1149 Thebis
1151 1109 1429 1148 Thebarumve

761 1171 802 1207 in
826 1168 971 1206 ditione
999 1167 1107 1206 sedes
1127 1166 1341 1215 habebant,
1363 1165 1431 1203 sed

762 1233 978 1278 separatam
992 1226 1158 1276 regionis
1170 1231 1332 1276 partem,
1349 1224 1430 1260 Ta-

761 1284 989 1334 nagraicum
1035 1295 1173 1332 agrum
1217 1279 1428 1329 tenebant)

762 1342 891 1392 pulsos
910 1339 1062 1377 sedibus
1079 1340 1197 1376 fuisse
1219 1351 1240 1374 a
1274 1338 1429 1374 Boeotis

761 1397 930 1450 indeque
944 1395 1116 1434 Athenas
1136 1408 1266 1434 versus
1287 1394 1430 1431 disces-

761 1456 867 1492 sisse.
922 1455 1062 1491 Boeoti
1081 1454 1186 1489 enim
1206 1459 1294 1489 sunt
1313 1451 1431 1488 intel-

761 1509 909 1561 ligendi
925 1512 1065 1548 Aeoles
1082 1540 1091 1558 ,
1123 1511 1190 1562 qui
1209 1510 1249 1545 in
1265 1507 1432 1545 Phthio-

766 1568 854 1606 tidis
881 1574 1007 1605 tractu
1028 1566 1272 1604 meridionali
1301 1567 1339 1602 T
1342 1563 1432 1601 hes-

768 1626 960 1677 saliaeque
967 1631 1075 1676 parte
1094 1623 1322 1671 habitantes,
1342 1620 1435 1658 hinc

768 1683 892 1720 coacti
918 1695 941 1719 a
969 1680 1163 1719 Thessalis
1191 1693 1299 1728 eam,
1335 1691 1435 1731 quae

768 1738 928 1791 posthac
947 1740 1131 1776 Boeotiae
1150 1751 1297 1774 nomen
1322 1749 1435 1772 acce-

768 1797 836 1847 pit,
875 1802 1018 1832 terram
1055 1801 1263 1832 tenuerunt
1300 1793 1435 1829 incolis

766 1851 881 1889 huius
904 1852 1070 1902 regionis
1095 1852 1158 1888 vel
1181 1850 1344 1887 subactis
1372 1848 1435 1886 vel

769 1909 910 1945 eiectis.
966 1907 1054 1945 Vid.
1076 1907 1120 1944 C.
1144 1907 1191 1944 Ο.
1210 1906 1350 1943 Mifller
1361 1905 1436 1941 Or·

769 1963 1051 2015 choium-pag.
1071 1965 1310 2004 391—396.
1339 1960 1436 1999 Inde

769 2019 1018 2072 Gephyraeos
1066 2018 1238 2056 Athenas
1283 2020 1435 2056 cessisse

765 2077 870 2115 idem
893 2090 983 2128 pag.
1004 2075 1086 2118 476
1116 2077 1226 2128 ponit
1251 2089 1352 2113 anno
1371 2089 1434 2112 se-

765 2135 1005 2186 ptuagesimo
1043 2140 1130 2185 post
1159 2134 1322 2170 Troiam
1367 2145 1435 2170 ca-

765 2198 894 2242 ptam,
914 2192 1154 2241 sexagesimo
1167 2197 1253 2241 post
1273 2190 1436 2228 Troiam

766 2247 934 2285 deletam
952 2261 1054 2285 anno
1073 2249 1239 2284 Boeotos
1254 2247 1295 2283 in
1314 2248 1437 2284 Boeo-

767 2307 862 2343 tiam
907 2306 973 2357 iug
988 2318 1095 2342 ⁴essos
1134 2317 1214 2341 esse
1253 2311 1435 2341 statuerat

767 2360 949 2400 Larcher.
991 2362 1092 2400 Tab.
1137 2359 1310 2398 chronol.
1343 2373 1433 2412 pag.

770 2419 852 2461 583
880 2432 911 2457 s.
942 2431 1043 2456 anuo
1078 2420 1186 2458 1210
1212 2431 1246 2454 a.
1278 2416 1368 2455 Chr.
1393 2431 1433 2454 n.

769 2474 874 2513 Add.
884 2475 1005 2515 Beck.
1017 2473 1349 2525 Weltgeschichte
1360 2481 1432 2512 etc.

771 2545 860 2584 pag.
890 2535 995 2581 838,
1035 2532 1102 2569 ubi
1128 2530 1207 2569 vid.
1237 2532 1360 2583 plura.
1380 2552 1436 2558 —-

773 2586 938 2640 δεύτερα
959 2588 1110 2636 eodem,
1141 2590 1291 2639 opinor,
1322 2600 1436 2625 sensu

772 2648 908 2684 Noster
916 2645 1022 2694 dixit,
1034 2658 1111 2698 quo
1122 2645 1167 2693 V,
1181 2649 1235 2687 62
1254 2641 1434 2695 ὕστερον.

830 2699 1046 2754 ἐτράποντο
1097 2698 1162 2741 ἐπ’
1199 2697 1434 2751 Ἀθηνέων]

775 2760 969 2798 Sancrofti
988 2760 1083 2796 liber
1103 2755 1161 2798 ἐπ’
1181 2754 1438 2808 Ἀθηναίους,

777 2816 881 2868 quod
902 2830 922 2853 e
935 2823 1149 2853 correctura
1165 2815 1317 2852 fluxisse
1329 2813 1438 2852 vide-
