1834 3258
430 201 903 238 POLYMNIA.
964 200 1065 240 V11.

1306 203 1390 241 599

96 315 182 368 στῇ
213 311 259 355 δὲ
292 309 394 354 πόλι
423 308 558 366 ταύτῃ
589 307 760 365 οὔνομά
792 310 881 352 ἐστι
922 310 1157 364 Πίστυρος.
1222 307 1390 360 Ταύτας

122 379 202 434 μὲν
234 377 288 434 δή
327 377 404 429 τοὶς
441 377 590 428 πόλις,
630 377 706 429 τὰς
745 379 1109 432 παραθαλασσίας
1137 392 1182 421 τε
1201 377 1274 420 καὶ
1298 375 1386 420 Ἑλ.-

122 448 324 502 ληνίδας,
373 446 416 498 ἐξ
456 444 689 501 εὐωνύμου
736 445 878 501 χειρὸς
926 444 1129 501 ἀπέργων
1173 444 1444 502 παρεξήϊε.35

0 522 55 568 [0
115 513 275 558 Ἐθνεα
304 515 351 558 δὲ
373 515 588 570 Θρηίκων,
612 512 663 556 δι’
695 508 758 557 ὦν
777 518 854 570 τῆς
882 513 1026 571 χώρης
1054 512 1163 558 ὁδόν
1185 514 1385 568 ἐποιέετο,

117 580 286 626 τοσάδε·

116 776 349 832 Πίστυρος]
389 780 447 816 Ita
493 780 717 828 Florentin„

56 836 247 874 Sancrofti
267 837 362 874 liber
388 842 478 874 cum
498 838 615 874 tribus
637 838 716 874 aliis

55 892 169 931 codd.
225 895 269 929 In
303 893 476 930 Medioeo
498 895 648 946 alioque
669 895 718 930 li-

56 950 123 987 bro
151 951 291 1001 legitur
320 953 537 1002 Πίστιρος,
574 953 613 987 in
636 952 715 988 aliis

56 1007 264 1058 Πίσσυρος
284 1014 321 1044 et
354 1008 545 1060 Πίσυρος.
586 1006 716 1045 Thra—

54 1064 135 1101 ciae
164 1065 382 1115 emporium
417 1065 610 1116 Πίστιρον
630 1078 716 1101 me·-

58 1128 177 1158 morat
193 1119 410 1172 Stephanus
429 1122 663 1172 Byzantinus
683 1136 714 1159 S.

58 1190 89 1213 v.
110 1189 198 1228 pag.
220 1176 314 1218 640.
358 1177 570 1215 Larcherus
590 1179 715 1229 suspi-

46 1240 160 1270 'catur
200 1231 387 1286 Τόπιρις,
422 1248 634 1286 provocans
665 1234 714 1272 ad

56 1291 196 1328 Anton.
216 1291 354 1339 {Itinen
389 1305 427 1342 p.
450 1294 529 1332 321
553 1298 590 1328 et
610 1293 712 1329 Plin.

54 1348 104 1385 H.
122 1349 170 1385 N.
190 1348 253 1396 IV,
277 1351 325 1388 11
352 1346 440 1397 (18)
463 1349 500 1394 ξ.
519 1347 587 1389 42.
608 1348 710 1386 Add.

54 1405 227 1441 Mannert
245 1406 271 1441 l.
291 1405 318 1440 l.
339 1417 427 1455 pag.
455 1407 534 1445 221
559 1412 596 1442 et
616 1407 712 1443 Gat-

54 1467 162 1498 terer.
191 1460 379 1498 Herodots
410 1459 554 1499 Thrac.
583 1476 622 1513 p.
656 1465 710 1504 63

54 1519 119 1569 qui
152 1517 255 1555 idem
283 1517 413 1569 oppidi
445 1519 560 1555 situm
589 1520 710 1557 incer-

51 1581 136 1610 tum
164 1588 243 1612 esse
282 1574 390 1612 dixit.
448 1574 511 1612 Ad
549 1577 710 1613 verbum

51 1627 233 1684 ἀπέργων
261 1632 301 1668 in
325 1631 401 1668 fine
422 1645 504 1682 cap.
538 1633 640 1670 conf.
660 1630 707 1681 II,

49 1689 116 1727 99.
143 1689 207 1737 IV,
237 1687 290 1729 55
325 1689 419 1741 ibiq.
447 1690 560 1725 allata
589 1691 619 1736 I,
641 1693 708 1730 72.

53 1743 144 1785 174.
202 1745 275 1781 Ubi
295 1744 342 1782 de
362 1746 506 1795 fluviis,
526 1747 707 1794 maribus,

46 1802 251 1849 montibus,
270 1803 406 1853 quibus
435 1803 626 1855 quaedam
645 1817 709 1840 re-

46 1858 110 1906 gio
139 1859 364 1896 terminatur
393 1872 436 1896 ac
467 1860 607 1908 finitur,
633 1858 707 1897 hoc

48 1914 209 1950 verbum
227 1913 439 1963 adhibetur,
462 1915 566 1967 quod
577 1917 639 1954 vel
659 1916 707 1954 de

46 1968 264 2008 hominibus
284 1973 371 2022 ipsis
405 1979 629 2023 usurpatum
644 1974 707 2009 in-

48 2028 177 2065 venies
196 2028 276 2075 VH,
298 2028 365 2068 43.
400 2031 491 2070 112.
514 2030 614 2076 VIII,
637 2029 704 2070 35.

272 2151 366 2203 cap.
387 2152 471 2189 CX.

100 2253 262 2302 Παῖτοι]
283 2255 388 2291 Haec
405 2267 498 2305 gens
517 2267 538 2291 a
550 2261 703 2306 septen-

43 2309 164 2346 trione
195 2317 232 2347 et
261 2310 458 2348 occidente
477 2310 702 2363 Apsinthio-

46 2378 131 2401 rum
152 2365 218 2414 (de
237 2368 373 2418 quibus
394 2369 442 2405 cf.
458 2369 521 2417 VI,
538 2367 609 2419 34)
630 2367 702 2405 ha-

48 2422 178 2458 bitavit
216 2422 264 2459 ad
302 2425 497 2474 Hebrum,
548 2432 702 2463 auctore

46 2479 234 2515 Maunert.
254 2480 323 2517 VH
341 2495 380 2531 p.
401 2483 469 2522 39.
515 2483 574 2518 De
595 2482 702 2520 Cico-

45 2535 147 2571 m'bus
180 2534 257 2572 vid.
284 2537 395 2574 allata
431 2537 480 2575 ad
518 2539 600 2587 VII,
633 2538 702 2579 59.

45 2591 207 2628 Bistones
220 2621 228 2637 ‚
258 2591 361 2629 lacus
380 2593 582 2632 Bistonidis
603 2594 703 2644 (VII,

48 2649 142 2697 109)
153 2648 304 2684 accolae
316 2648 419 2699 quod
435 2657 585 2700 postero
607 2663 700 2688 aevo

42 2717 163 2755 aeque
183 2711 296 2756 atque
317 2705 498 2753 Cicones,
519 2707 612 2743 olim
631 2719 700 2744 va—

42 2759 222 2803 lidissimi,
245 2774 322 2798 non
345 2763 506 2812 amplius
525 2775 699 2799 comme-

43 2824 258 2865 morentur,
294 2817 333 2855 id
363 2817 452 2856 inde
471 2819 589 2870 repeti
618 2820 698 2857 vult

346 586 518 635 Παῖτοι,
550 583 745 636 Κίκονες,
775 583 1007 633 Βίστονες,
1035 586 1244 634 Σαπαῖοι,
1274 586 1383 638 Δερ-

775 778 878 817 idem
906 781 1095 819 Mannert.
1125 779 1153 818 l.
1173 780 1199 818 l.
1230 779 1355 833 quod,
1378 780 1440 819 'ex

776 850 852 888 quo
882 843 1056 888 tempore
1085 838 1221 875 Graeci
1250 845 1287 875 et
1305 839 1438 876 Mace-

775 893 892 930 dones
924 907 989 930 ora
1019 892 1209 931 Thraciae
1246 897 1437 932 maritima

773 951 975 1001 potitisint,
998 949 1070 987 hae
1079 958 1211 1002 gentes
1231 951 1436 1008 indigenae

772 1009 833 1045 vel
874 1021 1008 1044 eorum
1037 1009 1173 1059 iugum
1211 1010 1336 1046 subire
1374 1010 1436 1047 vel

771 1063 820 1101 ad
842 1065 1039 1102 interiores
1068 1066 1274 1116 plagasvix
1294 1067 1431 1116 cogni-

770 1128 826 1158 tas
864 1121 1041 1158 recedere
1088 1129 1242 1160 coactae
1279 1122 1434 1160 fuerint.

773 1177 912 1228 Sapaei
944 1185 1075 1229 postea
1106 1192 1262 1231 quoque
1281 1193 1433 1217 memo-

769 1241 901 1271 rantur
920 1248 1039 1286 prope
1059 1234 1255 1287 Philippos
1269 1237 1317 1273 ad
1328 1238 1434 1273 Pan-

768 1303 909 1341 gaeum
929 1299 1104 1329 montem
1118 1291 1331 1330 habitantes
1343 1322 1353 1341 ,
1384 1292 1433 1330 ad

769 1348 983 1386 SintIOrum
1020 1349 1189 1400 stirpem,
1228 1357 1272 1386 ut
1309 1351 1433 1401 placet

767 1406 969 1443 Mannerto
990 1406 1060 1443 VII
1085 1420 1124 1457 p.
1146 1404 1212 1453 40,
1234 1409 1433 1458 pertinen-

767 1468 836 1499 tes.
893 1463 929 1499 A
947 1464 1143 1500 nonnullis
1168 1462 1288 1500 iidem
1308 1463 1429 1501 habiti

767 1525 877 1567 sunt,
903 1520 970 1572 qui
991 1520 1106 1557 etiam
1126 1520 1206 1557 Saii
1227 1517 1349 1561 Σιὶϊοι
1367 1522 1430 1558 vel

768 1576 883 1612 etiam
908 1571 1041 1627 Σάβοι
1060 1578 1309 1615 vocabantur.
1342 1577 1430 1615 Vid.

765 1631 939 1671 Boeckh.
952 1634 1066 1684 Corp.
1076 1634 1429 1685 Inscriptt.Graecc.

764 1691 812 1737 Π,
837 1692 857 1730 1
880 1703 969 1741 pag.
991 1690 1057 1732 84.
1116 1691 1153 1726 Α
1171 1692 1429 1742 septentrione

765 1746 1006 1797 Sapaeorum
1030 1746 1218 1784 habitasse
1249 1747 1428 1785 videntur

764 1803 936 1852 Der-saei,
966 1810 1124 1841 notante
1145 1805 1331 1841 Gatterer.
1351 1805 1378 1844 l.
1399 1805 1425 1844 l.

763 1872 852 1910 pag.
874 1862 939 1907 66,
962 1861 1028 1912 qui
1047 1859 1152 1897 idem
1166 1874 1253 1911 pag.
1278 1863 1356 1901 103
1386 1861 1428 1897 in

764 1915 1007 1967 Thucydidis
1034 1917 1119 1953 loco
1148 1918 1197 1964 ΙΙ,
1230 1919 1303 1957 101
1321 1946 1330 1964 ,
1359 1918 1426 1954 ubi

763 1972 917 2009 Dersaez·
934 1979 1120 2010 vocantur
1140 1980 1177 2010 et
1195 1972 1307 2011 Droes
1326 1975 1425 2011 inter

764 2028 954 2065 Thraciae
983 2036 1117 2080 gentes
1141 2031 1277 2067 liberas
1299 2029 1425 2082 Odry-

763 2086 810 2122 sis
839 2099 917 2122 non
955 2085 1148 2136 subditas,
1197 2100 1296 2138 quae
1325 2089 1424 2125 ultra

762 2143 1013 2194 Strymonem
1046 2142 1096 2180 ad
1127 2144 1424 2195 septentrionem

760 2200 892 2250 planos
913 2212 1070 2250 campos
1089 2201 1328 2248 incoluerint,
1352 2215 1421 2252 pro

760 2258 856 2307 Δρῶ
858 2271 895 2296 οι
904 2258 1128 2308 rescriptum
1138 2257 1423 2309 νυΙῒΔεῤῥαῖοι,

760 2313 826 2364 qui
845 2312 962 2350 iidem
990 2314 1064 2351 sint
1093 2321 1207 2366 atque
1236 2314 1421 2352 Herodoti

759 2373 971 2421 Δερσαῖοις
999 2371 1052 2407 ita
1079 2377 1122 2408 ut
1143 2385 1164 2408 e
1185 2369 1419 2423 Thucydide

759 2427 928 2464 eliciatur
946 2429 1150 2478 Δερσαῖοι.
1184 2427 1325 2465 Contra
1340 2429 1421 2465 aliis

758 2483 798 2519 in
849 2482 1082 2536 Thucydide
1120 2484 1256 2521 eiicere
1295 2485 1420 2535 placet

759 2537 825 2578 καὶ
846 2541 995 2590 Δρῶοι.
1043 2541 1247 2578 Klausenio
1268 2540 1317 2577 ad
1337 2542 1419 2577 He·-

759 2602 832 2636 cat.
862 2597 985 2634 Miles.
1018 2596 1196 2648 frag-mm.
1236 2610 1324 2647 pag.
1364 2598 1419 2636 80

757 2656 946 2704 Δερσαῖοι
975 2651 1094 2690 iidem
1133 2666 1212 2690 esse
1241 2652 1418 2689 videntur

756 2715 871 2761 atque
889 2705 1070 2758 Δάρσιοι,
1092 2722 1186 2760 quos
1207 2716 1317 2746 vocat
1337 2710 1418 2744 He—

755 2771 905 2802 cataeus
923 2765 1104 2802 Milesius.
1127 2787 1176 2793 —-
1204 2766 1260 2801 De
1281 2764 1417 2802 Edoni-

755 2821 818 2859 bus
847 2821 948 2859 conf.
969 2821 1014 2867 V,
1040 2823 1103 2860 11.

1444 517 1601 546 Thraciae
1622 527 1717 555 popu-

1443 552 1466 580 li
1484 551 1563 579 hunc
1586 556 1719 581 tractum

1440 586 1623 614 accolentes:
1639 587 1717 614 Pae-

1439 619 1482 655 ti,
1501 619 1645 656 (necnee,
1665 620 1717 649 Bi-
