1870 3249
402 208 1057 248 TERPSICHORE,
1116 206 1162 244 V.

157 319 375 377 ἀπήλαυνε
404 317 446 369 ἐς
476 321 630 361 Σοῦσα
642 350 653 370 ,

156 405 232 432 νεα
261 387 307 430 δὲ
339 384 546 438 ἀποδέξας
576 384 820 442 στρατηγόν
859 382 970 428 εἶναι
1011 387 1098 426 τῶν
1127 387 1410 438 παραθαλασ-

156 456 263 499 σίων
296 452 492 511 ἀνδρῶν,
529 459 608 499 τοῦ
637 454 715 498 τὸν
752 453 917 507 πατέρα
947 451 1181 507 Σισάμνην
1213 451 1415 508 βασιλεύς

100 622 136 653 et
156 610 377 663 α’πέδεξε
407 611 596 665 δικαστήν
620 610 758 653 εἶναι

97 672 184 710 coll.
214 673 262 720 H,
293 673 358 714 65.
392 673 458 718 ΙΙΙ,
492 674 559 712 63.
590 673 655 713 88.
692 672 755 718 IV,

101 731 191 769 167.
219 729 264 776 V,
295 728 362 770 64.
393 731 461 769 97.
491 730 558 769 99.
595 729 658 776 VI,
688 727 754 769 94.

98 784 166 826 95.
187 785 269 833 VII,
294 784 386 826 154.
433 784 496 821 Ad
523 797 640 837 quam
662 797 756 821 ean—

100 841 190 879 dem
206 843 392 879 rationem
403 841 511 890 illud,
524 842 670 893 opinor,
685 855 755 877 ex-

99 898 320 949 plicandum
339 899 384 946 V,
408 901 508 939 103:
539 892 765 949 προσεκτή-.

100 967 221 994 σαντο
245 956 359 1003 σφίσι
383 951 592 1005 σύμμαχον
610 951 758 994 εἶναι.

99 1013 248 1048 Monuit
270 1011 317 1048 de
336 1010 410 1049 hoc
430 1013 537 1049 verbi
567 1008 669 1051 εἶναι
697 1013 760 1048 in-

99 1068 244 1106 finitivo
284 1068 522 1106 abundanter
553 1070 661 1120 quasi
688 1067 758 1105 ad-

99 1125 197 1162 iecto
228 1127 276 1161 G.
305 1127 517 1162 Hermann.
551 1124 598 1162 ad
628 1126 756 1175 Viger.

96 1195 183 1232 pag.
207 1182 289 1223 750
309 1196 389 1234 seq.
419 1183 504 1220 coll.
532 1180 668 1219 Matth.
690 1183 756 1219 Gr.

39 1269 46 1274 κ
97 1240 163 1275 Gr.
194 1251 281 1289 pag.
313 1242 408 1280 768.
453 1238 574 1280 1040.
611 1239 756 1276 Iacobs.

97 1294 147 1332 ad
166 1295 315 1333 Aelian.
335 1298 382 1332 N.
403 1297 452 1332 A.
473 1297 503 1343 I,
526 1298 564 1336 9.
585 1316 640 1324 —
679 1297 756 1333 Pro

93 1348 364 1404 Ἀρταφέρνεα
390 1354 477 1390 libri
507 1350 666 1404 quidam
697 1353 757 1390 af-

98 1409 225 1445 ferunt
239 1403 515 1463 Ἀρταφρένεα
530 1421 538 1446 :
571 1422 669 1461 quae
690 1423 757 1447 ea-

100 1464 190 1502 dem
217 1467 376 1503 varietas
407 1467 592 1517 reperitur
618 1467 682 1514 VI,
719 1469 755 1507 1.

99 1521 165 1562 94.
195 1522 275 1569 VII,
309 1524 376 1564 74.
407 1526 507 1571 123,
536 1523 637 1560 conf.
659 1530 756 1561 nott.

99 1579 216 1615 Tom.
250 1580 287 1615 II
315 1593 354 1630 p.
388 1582 480 1620 127.
538 1580 655 1617 Nobis
683 1578 757 1618 hoc

98 1634 146 1672 ad
167 1636 356 1673 Graecam
376 1637 650 1688 etymologiam
662 1650 758 1674 con—

98 1692 232 1729 fictum
262 1692 413 1730 videtur
431 1695 646 1746 meritoque
667 1692 758 1731 hinc

99 1748 339 1800 repudiatum
360 1763 382 1787 a
399 1752 671 1801 Wesselingio,
693 1752 759 1804 qui

99 1807 310 1843 consimilia
328 1806 458 1844 laudat
469 1809 672 1845 Persarum
684 1822 759 1845 no-

99 1864 228 1900 mina:
258 1858 520 1914 Ἰνταφέρνης,
544 1862 760 1917 Μεγαφέρ-

100 1933 173 1968 νης
194 1950 205 1967 ,
258 1919 547 1970 Τισσαφέρνης.
642 1920 760 1970 Apud

102 1976 330 2012 Pausaniam
351 1989 517 2027 quoque,
540 1976 760 2013 Cornelium

101 2032 289 2082 Nepotem
301 2061 311 2079 ,
331 2031 580 2084 Aeschylum,
601 2039 644 2069 ut
656 2031 761 2069 idem

102 2089 251 2125 monuit
287 2089 588 2139 Wesselingius,
637 2096 761 2126 exstat

101 2144 347 2195 Artaphernes.
369 2167 425 2172 ——
454 2142 634 2197 ὕπαρχον
663 2145 703 2183 h.
734 2147 761 2182 l.

101 2204 283 2252 satrapam
301 2201 376 2239 dici
396 2201 522 2250 credo,
543 2209 587 2239 ut
604 2203 671 2249 III,
693 2205 759 2243 70.

98 2258 163 2305 IV,
192 2261 283 2299 166.
329 2260 376 2307 V,
397 2262 463 2300 73.
497 2261 588 2300 123.
619 2259 684 2296 VI.
706 2258 761 2300 42

102 2315 189 2352 coll.
218 2316 300 2363 VII,
333 2318 357 2357 6
379 2316 466 2353 coll.
493 2318 547 2355 26
584 2313 683 2363 (ubi
701 2316 760 2352 la-

102 2373 186 2408 tiori
220 2385 333 2410 sensu
364 2371 411 2409 de
440 2372 523 2410 belli
545 2371 631 2409 duce
659 2372 762 2409 acci-

102 2427 298 2478 piendum,
314 2430 392 2466 sive
409 2429 588 2479 praefecto
598 2430 706 2475 urbis,
719 2435 764 2466 ut

103 2486 184 2531 VII,
217 2485 311 2527 105.
342 2485 436 2526 194.
470 2488 563 2527 106.
592 2486 762 2523 Dorville

102 2540 151 2578 ad
181 2540 375 2579 Chariton.
404 2555 492 2593 pag.
523 2541 619 2583 448.
676 2542 761 2588 Quo

102 2605 272 2650 satrapae
292 2612 452 2635 munere
472 2599 570 2649 regis
588 2600 762 2650 plerum—

105 2668 178 2707 que
217 2661 399 2706 cognatos
433 2654 761 2693 Archaemenida-

106 2725 190 2748 rum
221 2726 242 2748 e
263 2719 376 2762 gente
402 2719 553 2749 ornatos
574 2711 761 2751 videmus.

106 2769 171 2806 His
190 2782 281 2806 vero
303 2781 392 2806 cum
405 2770 623 2820 provinciae
635 2768 761 2806 admi-

105 2825 273 2863 nistratio
300 2832 395 2863 esset
414 2826 628 2874 commissa,
648 2839 761 2877 prae-

1361 209 1416 247 39

687 316 777 372 ἅμα
807 314 1020 372 ἀγόμενος
1043 314 1269 358 Ἱστιαῖον·
1298 313 1419 358 Ὀτά-
1475 326 1515 359 [ο.
1537 324 1596 357 26.]
1617 324 1715 361 Omne*

1472 358 1647 396 praesecto,
1664 362 1748 383 cuma

1472 391 1724 458 ¹3ss33¹¹02¹133-

1473 468 1524 486 ses
1538 459 1610 486 olim
1624 460 1748 493 propter

1471 493 1556 521 litem
1582 492 1694 520 iniuste

816 619 917 651 terea
938 615 976 649 in
998 612 1134 650 eadem
1153 613 1349 664 provincia
1369 613 1474 648 mili-

814 677 897 707 tum
936 671 989 707 ibi
1030 671 1301 707 collocatorum
1345 676 1475 706 custo-

814 726 994 779 diamque
1030 729 1228 778 agentium
1267 725 1381 763 duces
1411 725 1474 762 fu-

812 785 883 821 isse
922 785 1164 832 consfitutos,
1202 782 1280 833 (de
1320 795 1397 834 qua
1435 796 1475 818 re

813 842 957 892 optime
980 841 1152 878 disseruit
1172 842 1336 877 Heeren.
1356 838 1476 875 Ideen

817 899 847 944 I,
869 911 958 949 pag.
980 897 1076 938 490.
1100 896 1178 937 491
1202 898 1288 934 coll.
1310 903 1406 933 nott.
1427 895 1476 932 ad

817 954 960 992 Herod.
991 955 1019 999 1,
1051 954 1187 1004 153),
1227 952 1301 990 hoc
1322 965 1475 1005 quoque

817 1025 838 1047 e
867 1012 952 1048 loco
984 1011 1160 1060 colligas,
1190 1011 1286 1058 nisi,
1310 1023 1408 1062 quae
1430 1010 1474 1054 V,

816 1070 871 1107 30
898 1068 1099 1117 leguntur,
1146 1067 1212 1103 ubi
1245 1065 1477 1117 Artapherni

815 1124 993 1161 tribuitur
1012 1124 1220 1174 imperium
1239 1125 1322 1162 τῶν
1334 1122 1475 1162 ἐπιθα-

813 1181 988 1220 λασσίων
1007 1183 1088 1219 τῶν
1112 1179 1154 1219 ἐν
1176 1182 1226 1234 τῇ
1239 1175 1348 1234 Ἀσίῃ
1370 1175 1475 1218 πάν-

812 1252 916 1286 των,
937 1238 1153 1286 obstarent3
1173 1235 1263 1274 hinc
1281 1238 1384 1273 enim
1395 1238 1475 1273 col-

812 1295 879 1345 ligi
898 1307 1008 1346 posse
1027 1294 1189 1342 videtur,
1215 1294 1365 1331 Otanem
1387 1307 1475 1330 orae

811 1352 1071 1403 Europaeicae
1101 1352 1126 1388 i.
1148 1365 1182 1388 e.
1203 1350 1393 1388 Thraciae
1413 1351 1476 1387 fu-

812 1409 883 1446 isse
904 1409 1152 1460 praefectum,
1175 1421 1264 1445 cum
1285 1407 1334 1445 ad
1345 1408 1476 1444 Asiam

815 1479 913 1518 quae
972 1467 1205 1517 pertinerent
1264 1465 1479 1515 Artaplaeerni

813 1521 951 1560 tradita
972 1530 1116 1569 essent,
1160 1523 1312 1574 utrique
1347 1529 1475 1558 autem

814 1580 1022 1631 imperium
1041 1580 1204 1616 militare
1225 1592 1380 1631 quoque
1412 1578 1476 1614 fu-

815 1637 899 1674 isse.
959 1636 1071 1682 Quod
1102 1637 1207 1673 enim
1236 1642 1368 1686 postea
1387 1648 1475 1686 pas—

814 1694 886 1731 sim
924 1693 1071 1731 factum
1121 1706 1201 1731 esse
1248 1693 1473 1739 invenimus,

816 1763 1053 1802 quamquam
1073 1753 1152 1787 non
1162 1751 1243 1787 sine
1257 1750 1373 1798 ipsius
1382 1750 1476 1786 Per-

813 1809 881 1844 sici
902 1808 1010 1857 regni
1033 1806 1283 1854 detrimento,
1314 1813 1379 1853 ut,
1411 1807 1477 1856 qui

814 1865 1033 1914 provinciae
1066 1864 1222 1900 alicuius
1265 1869 1387 1899 essent
1415 1874 1478 1898 sa—

815 1927 945 1970 trapae
962 1949 971 1967 ,
1003 1918 1119 1956 iidem
1139 1919 1302 1955 militare
1324 1931 1477 1970 quoque

815 1976 1019 2026 imperium
1040 1977 1275 2026 acciperent,
1305 1974 1344 2011 id
1364 1977 1479 2025 igitur

814 2033 877 2069 vel
905 2039 1036 2078 antea,
1068 2033 1241 2084 quamvis
1261 2032 1391 2080 rarius,
1418 2032 1477 2068 lo—

817 2102 907 2126 cum
949 2087 1124 2126 habuisse
1172 2101 1361 2140 ponamus
1405 2102 1477 2125 ne·-

817 2159 919 2183 cesse
941 2147 1024 2182 erit.

873 2203 954 2241 τῶν
1017 2200 1358 2253 παραθαλασσίων
1396 2194 1422 2239 οἷ
1431 2215 1478 2239 ν-

818 2260 873 2310 ὂρ
887 2261 919 2298 ὦ
935 2260 985 2307 ν]
1018 2260 1052 2294 A
1074 2257 1220 2295 duobus
1250 2258 1353 2294 libris
1374 2258 1478 2295 abest

817 2312 994 2364 ἀνδρῶν.
1054 2317 1098 2351 In
1127 2315 1241 2352 simili
1270 2315 1356 2351 loco
1395 2315 1475 2361 Vll,

820 2372 898 2413 135
919 2385 990 2423 pro
1010 2369 1170 2423 ἀνδρῶν
1190 2372 1382 2408 iuvenitur
1403 2366 1476 2409 οἶν-

817 2424 1013 2479 θρῶπων.
1051 2450 1106 2456 -
1164 2426 1227 2465 Ad
1265 2422 1477 2478 Σισάμνην

817 2484 1097 2537 Wyttenbach.
1132 2497 1154 2521 a
1191 2484 1259 2522 Cr.
1292 2485 1475 2521 excitatus

819 2551 1015 2593 comparat
1022 2543 1185 2579 alterum
1197 2542 1393 2578 Persicum
1403 2552 1475 2577 no-

819 2612 909 2636 men
921 2595 1149 2651 Σειράμνης
1169 2596 1270 2649 apud
1280 2594 1474 2634 Plutarch.

819 2657 852 2692 11
887 2669 975 2707 pag.
1010 2658 1088 2696 172
1116 2657 1163 2692 Ι).
1194 2652 1476 2691 Animadverss.

817 2725 906 2763 pag.
932 2712 1052 2753 1042.
1072 2733 1128 2739 —-
1156 2713 1215 2747 De
1229 2709 1406 2747 iudicibus
1416 2723 1471 2747 re-

817 2770 890 2818 giis
904 2798 914 2816 ,
936 2780 1101 2820 quorum
1122 2780 1215 2804 mox
1234 2767 1392 2813 mentio,
1412 2765 1473 2803 di-

818 2826 944 2862 ximus
975 2824 1023 2861 ad
1051 2825 1117 2871 ΠΙ,
1153 2826 1220 2864 31.
1278 2824 1383 2869 Quae
1412 2836 1473 2860 se—
