1789 3213
0 584 81 631 171

488 137 964 178 POLYMNIA.
1023 139 1122 178 VII.

1328 142 1411 182 707

151 248 294 288 θανον
321 244 548 300 τρισχίλιοι
577 245 715 290 οὕτω·
750 245 898 290 αὐτῶν
928 248 974 291 δὲ
1008 248 1295 303 Ταραντίνων
1325 247 1409 293 οὐκ
1420 258 1465 292 35

124 312 286 368 6ἐπέην
315 311 518 367 ἀριθμός.
579 312 603 356 ὁ
644 315 690 358 δὲ
723 316 951 368 Μίκυθος,
980 316 1146 373 οἰκέτης
1174 315 1260 359 ἐών
1286 314 1408 360 Ἀνα-

151 381 285 432 ξίλεω.
315 379 545 435 ἐπίτροπος
569 379 742 438 Ῥηγίου
760 383 1084 428 καταλέλειπτο·
1117 378 1246 435 οὗτος
1275 382 1407 440 ὅσπερ

152 447 345 493 ἐκπεσών
387 448 435 492 ἐκ
459 448 645 505 Ῥηγίου,
675 451 748 494 καὶ
782 451 941 507 Τεγέην
978 451 1058 508 τήν
1081 449 1308 506 Ἀρκάδων
1337 453 1409 495 οἰ-

148 514 298 572 κήσας,
326 516 510 573 ἀνέθηκε
539 517 586 561 ἐν
612 517 824 574 Ὀλυμπίῃ
851 518 954 570 τούς
992 520 1180 570 πολλοὺς
1210 518 1409 575 ἀνδριάν-

148 600 237 636 τας.
290 582 414 629 'AM-oi
435 584 489 628 τοὶ
518 586 597 642 μὲν
625 585 734 631 κατα
758 585 984 642 Ῥηγίνους
1018 602 1063 630 τε
1091 587 1166 630 καὶ
1200 588 1408 641 Ταραντί-
1467 590 1507 617 (Ῑθ
1524 589 1637 619 Cretae
1655 592 1739 619 03ῑᾶ-

1465 624 1630 652 mitatibus.
1641 626 1739 653 Huius

146 668 253 704 νους
282 657 363 698 τοῦ
391 652 530 709 λόγου
558 671 633 710 μοι
662 651 915 711 παρενθήκη
943 653 1109 710 γέγονε.
1150 653 1218 706 Ἐς
1251 654 1297 699 δὲ
1325 655 1406 711 τήν
1417 657 1587 696 40111811121e
1606 660 1659 686 ³1¹1
1670 660 1738 699 4¹11ss

1465 693 1652 727 temporibus
1677 702 1720 721 m-

144 719 326 777 Κρήτην
347 721 660 778 ἐρημωθεῖσαν,
691 721 751 774 ὡς
767 721 940 778 λέγουσι
955 723 1176 776 Πραίσιοι,
1208 722 1406 777 ἐσοικίζε-
1463 725 1562 754 00138·

144 793 250 832 σθαι
283 787 443 840 ἄλλους
472 806 516 833 τε
547 789 827 844 ἀνθρώπους,
857 790 932 833 καὶ
960 789 1403 847 μάλισταἙλληνας*

142 857 265 913 τρίτῃ
295 856 340 900 δὲ
369 860 496 914 γενεῇ
523 857 627 912 μετὰ
658 859 821 901 Μίνωα
861 857 1173 914 τελευτήσαντα
1200 858 1407 914 γενέσθαι

145 922 200 966 τὰ
245 925 438 980 Τρωϊκά·
470 925 517 969 ἐν
556 929 670 970 τοῖσι
700 924 754 969 οὐ
793 924 1126 981 φλαυροτάτους
1167 927 1405 981 φαίνεσθαι

144 1102 220 1147 οὔκ
254 1106 376 1159 ἒπεήν
407 1103 615 1162 ἆριθμός]
659 1112 685 1149 i.
709 1124 742 1147 e.

86 1175 154 1200 non
189 1166 367 1213 exstabat,
397 1167 582 1203 constabat
622 1179 744 1203 nume-

46 1244 52 1247 s
85 1232 159 1257 rus.
216 1223 303 1259 Non
323 1223 430 1259 aliter
450 1223 530 1260 fere
550 1223 631 1270 VII,
663 1225 738 1263 191

84 1277 171 1315 coll.
201 1277 268 1326 VI,
300 1281 353 1320 86
385 1281 422 1324 §.
444 1281 482 1318 3.
538 1278 601 1315 Ad
620 1280 741 1330 ipsam

82 1333 297 1384 imperfecti
314 1335 482 1372 formam
498 1334 617 1386 ἐπέην
638 1336 741 1373 conf.

82 1390 252 1429 Werfer.
281 1393 321 1427 in
348 1392 447 1429 Actt.
471 1390 578 1442 phill.
608 1393 743 1429 Monn.

83 1447 104 1483 Ι
133 1461 173 1498 p.
196 1448 290 1488 104.
347 1449 406 1485 De
437 1448 605 1499 Illz'cytho
638 1449 744 1486 locus

84 1504 272 1552 classicus,
312 1504 374 1542 hic
416 1518 534 1557 quam
573 1507 743 1542 maxime

82 1560 352 1610 consulendus,
391 1569 514 1599 exstat
533 1563 743 1599 Pausaniae

82 1616 134 1665 V,
163 1621 216 1659 26
253 1619 290 1663 ξ.
311 1617 363 1666 4,
404 1619 472 1655 ubi
500 1619 563 1654 ille
583 1626 743 1656 vocatur

82 1674 307 1725 Σμίκυθος.
365 1674 444 1712 Sed
464 1674 652 1726 Illicythus
674 1677 743 1712 Iu-

82 1732 182 1768 stino
209 1730 366 1779 dicitur,
387 1730 557 1769 Diodoro
587 1734 656 1781 XI,
673 1731 741 1774 48.

83 1789 137 1828 66
160 1786 246 1837 (ubi
264 1788 343 1825 vid.
372 1789 503 1836 nott.),
524 1789 617 1825 aliis.
667 1789 740 1833 Qui

83 1841 124 1882 h.
160 1845 187 1881 l.
230 1843 442 1897 ἐπίτροπος
481 1852 537 1882 est
576 1844 643 1893 (de
665 1858 740 1897 qua

82 1912 178 1937 voce
205 1902 308 1938 conf.
339 1902 451 1938 allata
478 1900 526 1938 ad
546 1902 627 1950 VII,
651 1903 737 1951 62),

81 1956 114 1993 is
141 1956 243 2008 apud
270 1959 500 1995 Pausaniam
528 1959 553 1995 l.
574 1959 601 1999 l.
621 1971 739 1996 voca-

82 2019 145 2050 tur
182 2014 326 2061 δοῦλος
374 2013 443 2053 καὶ
478 2015 619 2066 ταμίας
657 2017 739 2054 τῶν

76 2064 259 2117 Ἀναξίλα
297 2066 532 2122 χρημάτων,
580 2078 622 2108 ut
659 2072 738 2108 fere

79 2127 282 2177 Harpagus
303 2127 404 2178 apud
425 2127 568 2165 Herod.
592 2130 622 2176 I,
645 2130 735 2169 108.

78 2184 125 2219 In
160 2184 541 2237 Plusquamperfecto
575 2184 739 2224 καταλέ-

80 2241 212 2280 λειπτο
261 2248 515 2291 augmentum
553 2243 736 2279 omissum

79 2297 210 2335 notavi
229 2296 279 2334 ad
298 2299 342 2347 V,
364 2301 430 2339 34.

269 2387 363 2438 cap.
383 2388 557 2426 CLXXI.

135 2462 403 2518 παρενθήκη]
439 2468 549 2505 Conf.
585 2467 649 2515 VI,
686 2470 736 2509 19

78 2521 210 2574 ibique
229 2529 327 2559 nott.
389 2523 494 2568 Quae
522 2531 734 2575 sequuntur

79 2579 196 2616 verba
208 2609 217 2627 ,
248 2591 381 2616 eorum
399 2580 530 2616 similis
549 2587 734 2618 structura

83 2641 198 2688 atque
218 2636 281 2683 IV,
296 2635 320 2676 5
341 2636 436 2683 init„
458 2637 525 2672 ubi
543 2635 621 2674 vid.
636 2645 734 2675 nott.

81 2692 216 2745 Itaque
265 2692 312 2729 de
354 2693 517 2729 lectione
550 2693 735 2731 mutanda

81 2759 162 2786 non
193 2748 354 2788 debebat
383 2749 549 2800 cogitare
568 2748 735 2787 Valcke—

799 1110 963 1147 naerius.
1022 1110 1125 1156 Quos
1163 1117 1275 1148 vocat
1316 1107 1460 1158 ἄλλους

800 1161 1061 1217 ἀνθρώπους,
1082 1180 1162 1204 non
1184 1168 1276 1203 alios
1298 1180 1377 1204 esse
1399 1174 1459 1204 at-

799 1234 875 1273 que
895 1223 1074 1271 barbaros,
1107 1237 1157 1260 ex
1177 1222 1312 1260 additis
1335 1224 1461 1261 verbis

797 1277 865 1317 καὶ
891 1275 1272 1331 μάλιστα”Ἐλληνας
1290 1288 1460 1331 apparet.

796 1331 902 1380 ‘Quos
923 1337 1088 1373 Graecos
1108 1338 1278 1388 singulos
1300 1336 1460 1388 quidem

801 1394 1023 1429 commercii
1060 1406 1172 1429 causa
1210 1392 1287 1429 huc
1316 1393 1459 1431 delatos

801 1461 880 1484 esse
907 1450 1016 1500 ponit
1041 1447 1189 1486 Hoeck.
1220 1450 1320 1488 Cret.
1351 1451 1388 1486 H
1417 1464 1459 1500 p.

798 1503 894 1552 406,
932 1518 1060 1556 neque
1092 1518 1183 1543 vero
1214 1505 1261 1542 de
1289 1507 1459 1543 Graeco-

798 1573 886 1597 rum
925 1562 1093 1610 colonia,
1130 1575 1228 1614 quae
1257 1563 1357 1599 intra
1393 1562 1458 1600 Si-

800 1618 908 1654 culae
930 1618 1180 1669 expeditionis
1198 1625 1234 1656 et
1249 1619 1339 1656 belli
1351 1620 1457 1657 Tro-

798 1674 877 1710 iani
891 1681 1064 1726 tempora
1083 1676 1324 1726 immigrarit,
1347 1677 1457 1726 cogi-

797 1730 980 1780 tandum3
1011 1733 1153 1784 quippe
1183 1731 1232 1769 de
1264 1732 1339 1784 qua
1359 1732 1456 1769 nihil

798 1787 1011 1840 quidquam
1059 1801 1234 1840 unquam
1272 1788 1456 1826 traditum

798 1851 930 1882 exstet.
991 1845 1064 1890 Qui
1083 1844 1188 1882 idem
1206 1844 1357 1882 Hoeck.
1377 1846 1403 1883 l.
1425 1846 1453 1885 l.

794 1914 833 1951 p.
855 1903 935 1941 398
978 1902 1116 1938 Minois
1158 1902 1315 1952 stirpem
1345 1903 1455 1952 ponit

795 1958 858 1994 vel
895 1964 981 2007 post
1020 1957 1305 2009 expeditionem
1344 1959 1453 1995 illam

797 2014 968 2051 Siculam
998 2015 1131 2052 Cretae
1158 2016 1365 2065 imperium
1392 2022 1453 2052 te-

794 2071 932 2118 nuisse,
954 2070 1076 2109 donec
1095 2079 1179 2123 post
1195 2073 1335 2109 Troica
1354 2073 1453 2109 bella

794 2127 834 2163 in
882 2129 1050 2178 singulas
1103 2130 1270 2165 civitates
1316 2129 1453 2166 liberas

796 2183 1019 2221 dissolutum
1039 2185 1135 2222 illud
1160 2185 1285 2224 fuerit.
1346 2186 1452 2231 Quae

792 2253 889 2277 num
928 2241 1113 2279 Herodoti
1149 2243 1272 2279 verbis
1321 2243 1451 2279 omnia

794 2305 1019 2348 congruant,
1047 2298 1211 2336 viderint
1232 2299 1310 2336 alii.
1353 2300 1451 2336 Tres

794 2361 943 2403 autem,
977 2368 1075 2407 quae
1104 2354 1166 2392 hic
1186 2362 1452 2392 memorantur

792 2411 950 2463 γενεαὶ,
1000 2415 1136 2449 centum
1177 2412 1297 2448 ferme
1331 2425 1450 2449 annos

793 2481 883 2505 cum
911 2469 1127 2516 absolvant,
1148 2475 1241 2506 teste
1269 2469 1349 2519 ipso
1371 2470 1452 2504 He-

792 2524 927 2562 rodoto
947 2526 995 2573 ΙΙ,
1019 2524 1117 2571 142,
1138 2527 1311 2561 Minoem
1332 2526 1449 2575 vulgo

791 2588 939 2632 ponunt
959 2593 1060 2617 auno
1085 2584 1212 2629 1300,
1244 2594 1301 2617 res
1333 2582 1451 2618 Troi-

790 2651 852 2675 cas
883 2650 983 2674 anno
1018 2639 1125 2677 1200
1157 2649 1192 2673 a.
1223 2636 1312 2675 Chr.
1332 2650 1369 2674 u.
1393 2660 1443 2665 —

790 2694 852 2732 Ad
865 2694 1030 2731 formam
1042 2693 1192 2731 Μίνωα
1204 2694 1336 2740 of.V11‚
1353 2696 1443 2734 170.

848 2746 899 2790 ου’
906 2746 1231 2845 φλαυροᾏάῖᾞς]
1272 2749 1446 2787 Eandem

1099 2820 1124 2845 o
