1834 3258
0 1155 45 1200 ⁸3

0 1447 41 1491 »4

514 231 817 267 ERATO.
878 232 953 268 VI.

1287 233 1370 273 357

112 343 255 398 ζημίη,
296 340 411 395 χίλια
452 338 645 383 τάλαντα
686 339 874 392 ἐκτίσαι,
919 339 1182 383 πεντακόσια
1222 340 1371 384 ἑκατέ-

83 414 107 450 4
118 425 234 463 ρους.

302 405 544 450 Σικυώνιοι
590 408 668 463 μέν
718 425 803 451 νυν
850 408 1108 464 συγγνόντες
1153 406 1372 464 ἀδικῆσαι,

109 474 413 532 ὡμολόγησαν,
463 473 619 518 ἑκατὸν
655 473 847 518 τάλαντα
885 477 1148 527 ἐκτίσαντες,
1194 474 1366 531 ἀζήμιοι
1382 481 1427 517 40

107 543 217 588 εἶναι
229 559 238 569 ·

297 544 526 599 Αἰγινῆται
557 543 602 586 δὲ
634 542 734 586 οὔτε
756 542 1152 599 συνεγινώσκοντο,
1182 544 1298 600 ἠσάν
1327 560 1371 588 τε

79 609 435 666 5αὕθαδέστεροι.
480 611 552 654 διὰ
579 609 631 667 δή
666 606 728 654 ὦν
750 624 829 667 σφι
851 615 988 655 ταῦτα
1017 612 1262 667 δεομένοισι
1284 610 1370 656 ἀπὸ

103 679 183 734 μὲν
209 681 290 721 τοῦ
319 680 532 735 δημοσίου
562 677 707 731 οὐδεὶς
732 679 931 735 Ἀργείων
962 679 1021 722 ἔτι
1051 677 1251 736 ἐβοήθεε,
1282 679 1370 724 ἐθε-

103 746 252 790 λονταὶ
273 746 319 790 δὲ
350 747 391 798 ἐς
419 748 605 803 χιλίους·
638 742 712 805 ἦγε
741 747 787 791 δὲ
806 745 969 798 αὐτούς
994 746 1232 803 στρατηγὸς
1262 746 1371 804 ἀνὴρ

76 809 144 874 693
172 814 346 871 οὔνομα
375 815 654 873 Εὐρυβάτης,
685 814 957 859 πεντάεθλον
977 813 1234 872 ἐπασκήσας.
1265 817 1427 859 τού-45

101 897 190 926 των
220 885 264 927 οἱ
291 887 472 934 πλεῦνες
501 881 582 928 οὐκ
612 882 915 938 ἀπενόστησαν
945 882 1104 935 ὀπίσω,
1148 881 1247 926 ἀλλ’
1279 883 1372 926 ἐτε-

103 950 314 1007 λεύτησαν
329 949 411 995 ὑπ’
435 949 678 1009 Ἀθηναίων
703 952 749 994 ἐν
769 952 943 1008 Αἰγίνῃ·
977 948 1108 1001 αὐτὸς
1130 951 1174 994 δὲ
1193 949 1216 994 ὁ
1241 963 1370 1004 στρα-

101 1019 229 1074 τηγὸς
280 1019 562 1075 Εὐρυβάτης,
618 1020 921 1076 μουνομαχίην
965 1018 1206 1071 ἐπασκέων,
1258 1023 1372 1073 τρεῖς

102 1086 182 1143 μὲν
213 1086 378 1142 ἄνδρας
406 1088 550 1147 τρόπῳ
579 1087 765 1144 τοιούτῳ
795 1089 973 1138 κτείνει,
1002 1085 1091 1129 ὑπό
1125 1085 1170 1129 δὲ
1194 1090 1276 1129 τοῦ
1305 1103 1372 1130 τε-

101 1154 265 1210 τάρτου
303 1156 548 1213 Σωφάνεος
585 1159 664 1199 τοῦ
702 1155 908 1204 Δεκελέος

100 1227 273 1279 γινῆται
306 1225 375 1277 δὲ,
418 1225 540 1268 ἐοῦσι
579 1224 803 1267 ἀτάκτοισι
828 1221 1098 1277 Ἀθηναίοισι
1128 1222 1373 1278 συμβαλόν-

101 1308 168 1342 τες
197 1297 296 1349 τῇσι
326 1294 469 1348 νηυσὶ,
507 1294 738 1350 ἐνίκησαν·
769 1293 843 1335 καί
870 1302 1018 1346 σφεων
1039 1290 1138 1341 νέας
1169 1290 1372 1346 τέσσερας

37 1382 43 1386 ,
104 1358 275 1404 αὐτοῖσι
306 1359 492 1415 ἀνδράσι
523 1359 650 1404 εἶλον.

181 1437 453 1496 Ἀθηναίοισι
483 1440 561 1494 μὲν
599 1439 650 1495 δὴ
679 1438 868 1493 πόλεμος
896 1441 1088 1492 συνῆπτο
1109 1437 1218 1491 πρὸς
1246 1440 1371 1493 Αἰγι-

103 1505 248 1563 νήτας.
300 1507 350 1550 Ὁ
381 1507 426 1550 δὲ
457 1508 629 1564 Πέρσης
656 1507 705 1550 τὸ
737 1506 906 1549 ἑωυτοῦ
935 1504 1091 1560 ἐποίεε,
1124 1506 1233 1550 ὥστε
1264 1506 1370 1550 ἀνα-

98 1574 413 1630 μιμνήσκοντός
453 1591 498 1618 τε
536 1576 620 1619 αἰεὶ
656 1579 735 1618 τοῦ
762 1572 1066 1628 θεράποντος,
1119 1577 1422 1631 μεμνῆσθαί55

99 1659 175 1696 μιν
201 1646 290 1686 τῶν
318 1641 578 1699 Ἀθηναίων,
610 1643 683 1687 καὶ
713 1642 1103 1697 Πεισιστρατιδέων
1123 1656 1371 1700 προσκατη-

97 1710 262 1764 μένων,
296 1711 369 1755 καὶ
400 1709 726 1768 διαβαλλόντων
754 1711 1036 1766 Ἀθηναίους·
1067 1710 1157 1766 ἅμα
1188 1710 1233 1754 δὲ
1263 1715 1370 1769 βου-

98 1777 281 1834 λόμενος
321 1777 345 1823 ὁ
384 1784 597 1832 Δαρεῖος,
643 1779 804 1835 ταύτης
846 1779 1048 1835 ἐχόμενος
1083 1783 1159 1835 τῆς
1195 1779 1370 1835 προφά-

99 1859 216 1899 σιος,
247 1849 627 1904 καταστρέφεσθαι
656 1852 732 1905 τῆς
753 1846 960 1897 Ἑλλάδος
987 1846 1093 1897 τούς
1120 1846 1178 1902 μή
1212 1845 1369 1898 δόντας

70 1914 223 1971 Ξαύτῷ
251 1920 334 1972 γῆν
353 1932 398 1959 τε
427 1916 502 1960 καὶ
527 1914 662 1971 ὕδωρ.
721 1915 989 1969 Μαρδόνιον
1018 1914 1098 1970 μὲν
1130 1913 1196 1970 δὴ,
1227 1913 1368 1970 φλαύ-

43 2107 92 2145 ad
115 2109 159 2145 11.
179 2110 198 2145 I
222 2123 312 2161 pag.
337 2113 428 2157 110,
455 2113 500 2150 11
524 2124 553 2149 S·
576 2114 642 2159 83,
665 2111 704 2152 5·

44 2165 155 2202 Conf.
175 2167 232 2203 IX
246 2197 255 2214 ‚
277 2167 344 2207 75.
404 2167 478 2212 Qui
497 2168 705 2217 Eurybates

44 2222 90 2258 ab
118 2222 312 2260 Herodoto
334 2231 515 2273 vocatur,
547 2226 626 2261 aliis
649 2231 704 2261 est

43 2278 257 2331 Eurybatus
269 2310 280 2329 ,
309 2279 518 2318 fluctuante
538 2283 704 2332 scriptu—

44 2348 85 2373 ra
101 2366 111 2384 ‚
141 2344 184 2373 ut
205 2338 378 2374 observat
397 2339 520 2375 Marx.
557 2339 572 2387 (
590 2351 611 2374 a
635 2338 702 2376 Cr.

44 2394 245 2443 excitatus)
278 2392 327 2431 ad
344 2393 490 2445 Ephori
519 2396 700 2446 fragmm.

42 2462 131 2500 pag.
149 2452 244 2491 207.

247 2540 340 2591 Cap.
357 2541 492 2578 XCIV.

99 2617 124 2658 ὁ
165 2616 208 2658 δὲ
256 2617 416 2670 Πέρσης
455 2616 499 2660 τό
550 2618 702 2660 ἑωυτοῦ

45 2673 200 2725 ἐποίεε]
233 2676 357 2713 Simili
372 2683 482 2727 pacto
504 2677 703 2728 aliquoties

45 2730 235 2781 Aelianus,
279 2740 436 2770 notante
474 2733 619 2770 Iacobs.
652 2732 701 2770 ad

44 2786 225 2826 Eiusdem
252 2791 299 2827 N.
329 2791 377 2828 A.
409 2791 438 2837 1,
461 2792 499 2837 9,
526 2790 592 2826 ubi
613 2790 702 2826 citat

46 2843 86 2882 C.
108 2845 150 2882 F.
166 2847 375 2899 Hermann.
397 2846 445 2884 ad
464 2847 623 2887 Lucian.
644 2847 701 2883 De

761 2111 857 2147 Hist.
880 2111 1075 2148 Conscrib.
1095 2112 1289 2161 pag.330.
1319 2109 1422 2148 Add.

760 2168 910 2207 Aelian.
932 2169 978 2206 N.
1001 2169 1049 2204 A.
1069 2169 1145 2212 XI,
1166 2168 1233 2207 33.

818 2221 916 2264 ὥστε
962 2218 1339 2276 ἀναμιμνήσκοντός
1381 2238 1421 2263 τε

759 2280 837 2319 αιέὶ
865 2297 902 2320 κ.
933 2296 966 2320 τ.
999 2282 1056 2330 λ.]
1104 2283 1162 2317 De
1189 2278 1260 2317 hac
1281 2293 1322 2316 re
1342 2279 1421 2317 vid.

757 2338 803 2384 V,
831 2337 907 2378 105
938 2345 975 2374 et
1010 2337 1057 2375 de
1095 2337 1233 2375 vocula
1254 2334 1350 2376 ὥστε
1370 2338 1419 2374 cf.

758 2400 852 2433 nott.
877 2393 925 2431 ad
945 2395 990 2442 V,
1013 2393 1091 2443 353
1127 2393 1175 2431 de
1196 2394 1312 2431 verbo
1335 2394 1417 2433 δια-

759 2447 922 2502 βάλλειν
961 2451 1062 2488 conf.
1089 2457 1186 2488 nott.
1216 2449 1266 2488 ad
1284 2450 1330 2498 V,
1352 2450 1418 2498 35,

759 2515 796 2544 et
817 2506 864 2544 de
892 2508 1058 2545 formula
1089 2508 1234 2547 δοῦναι
1267 2509 1346 2558 γῆν
1380 2521 1420 2545 τε

758 2562 826 2602 καὶ
873 2561 985 2616 ὕδωρ
1026 2571 1124 2601 nott.
1169 2563 1217 2601 ad
1257 2564 1312 2611 V,
1353 2565 1417 2603 17.

758 2620 1065 2658 Adlocutiouem
1080 2617 1271 2671 φλαύρως
1288 2616 1419 2669 πρήσ-

758 2689 842 2716 σειν
886 2677 1005 2728 (male
1027 2691 1098 2715 rem
1124 2689 1255 2726 gerere,
1285 2675 1416 2725 agere)

756 2734 897 2771 similes
937 2736 1144 2772 locutiones
1174 2731 1417 2770 conferantur

756 2791 822 2838 111,
844 2793 897 2832 27
919 2792 1006 2828 0011.
1026 2791 1070 2838 V,
1084 2788 1150 2829 34.
1172 2789 1237 2830 35.
1259 2787 1323 2836 Vl,
1339 2787 1417 2828 135

759 2847 887 2899 ibique
919 2854 1014 2884 nott.
1073 2847 1172 2883 Hinc
1200 2846 1280 2893 Vn,
1306 2848 1357 2885 10
1379 2846 1415 2890 ξ.

947 1153 1232 1209 ἀποθνήσκει.
1291 1152 1686 1214 Αἰ-5οςςέἑηρξείηθῑᾶθ

1427 1434 1558 1462 Suffecti
1571 1435 1603 1462 in
1617 1435 1702 1463 Mar-

1429 1469 1512 1496 donii
1527 1469 1623 1496 locum
1639 1470 1701 1497 Da-

1426 1504 1465 1530 tis
1485 1507 1516 1530 et
1540 1503 1696 1539 Artapher-

1428 1545 1482 1564 nes
1496 1537 1535 1564 ad
1544 1537 1700 1564 Eretriam

1427 1570 1621 1606 Athenasque
1637 1580 1689 1598 ex-

1426 1606 1617 1641 pugnandas‚
