1815 3181
397 150 454 189 88

801 145 1267 182 HERODOTI

398 264 420 296 2
481 253 596 298 Ἐπεὶ
622 252 863 309 Ἵππαρχον
902 252 980 296 τὸν
1023 252 1364 309 Πεισιστράτου,
1405 251 1577 296 Ἱππίεω
1617 253 1664 297 δὲ

403 327 482 367 τοῦ
511 321 732 377 τυράννου
764 319 1000 376 ἀδελφεὸν,
1041 320 1194 364 ἰδόντα
1234 320 1337 373 ὄψιν
1365 320 1573 364 ἐνυπνίου
1603 322 1665 376 τῷ

405 390 572 436 ἑωυτοῦ
604 388 740 432 πάθει·
779 386 1117 444 ἐναργεστάτην,
1156 390 1376 432 κτείνουσι
1413 387 1719 443 Ἀριστογεί-ὅό

400 475 490 503 των
522 458 596 502 καὶ
622 455 871 511 Ἁρμόδιος,
911 456 1037 512 γένος
1078 455 1220 508 ἐόντες
1248 456 1301 500 τὰ
1347 455 1561 499 ἀνέκαθεν
1591 457 1634 497 Γ
1630 470 1666 497 ε-

400 531 610 583 φυραῖοι,
654 523 761 580 μετὰ
789 528 926 568 ταῦτα
964 524 1306 579 ἐτυραννεύοντο
1334 523 1563 582 Ἀθηναῖοι
1592 518 1661 565 ἐπ’

344 736 365 759 e
394 722 649 773 plurimorum
668 721 854 757 librorum
866 727 999 758 aucto-

343 780 464 815 ritate.
523 779 670 829 Vulgo:
697 776 912 828 γενομένας
925 772 1001 816 ὦδε

343 831 567 885 τυράννων.
587 856 644 863 -
693 835 799 879 Quae
820 835 1001 871 continuo

342 893 512 944 sequitur
532 893 682 942 longior
697 904 787 928 sane
810 890 1002 941 digressio,

344 948 392 985 ad
415 955 530 999 caput
551 951 603 989 97
625 961 746 999 usque
765 947 928 985 deducta
949 954 1005 984 est

344 1006 462 1042 simili
483 1012 585 1042 certe
605 1005 761 1042 consilio
775 1034 785 1052 ,
818 1017 893 1056 quo
915 1005 1005 1041 alibi

342 1075 411 1113 per
440 1061 510 1098 hos
540 1062 654 1098 libros
692 1060 906 1111 istiusmodi
945 1059 1005 1097 di-

343 1120 554 1169 gressiones
575 1117 914 1155 instituividemus.
945 1117 1004 1171 Cf.

342 1182 441 1212 nott.
462 1174 511 1211 ad
540 1176 569 1222 I,
592 1177 660 1214 23.
687 1176 753 1221 ΙΙΙ,
777 1178 844 1215 60.
902 1174 1006 1210 Inci-

344 1230 442 1268 dunt
462 1244 576 1278 vero,
617 1244 716 1282 quae
737 1230 799 1267 hic
821 1243 1007 1267 enarran-

343 1294 418 1336 tur,
438 1289 478 1324 in
500 1300 647 1324 anniun
668 1286 748 1328 514
771 1300 805 1324 a.
828 1286 917 1324 Chr.
937 1298 1005 1324 n.:

344 1357 421 1396 quo
462 1345 545 1394 ipso
585 1356 686 1380 anno
728 1342 1006 1395 Hipparchum,

342 1401 527 1438 Pisistrati
565 1399 707 1446 filium,
764 1401 1009 1437 interfectum

348 1470 429 1494 esse
467 1463 569 1493 recte
607 1463 758 1507 ponunt
795 1456 1008 1494 Larcherus

344 1513 464 1563 (Tab.
489 1512 661 1550 chronol.
677 1526 767 1564 pag.
780 1515 880 1563 632)
901 1514 1009 1550 Cliu-

344 1577 412 1607 ton
436 1567 551 1621 (Fast,
572 1582 661 1620 pag.
685 1571 782 1618 16),
817 1577 854 1607 et
884 1570 1007 1606 multo

345 1633 459 1663 antea
483 1627 631 1663 Corsini
659 1627 699 1662 in
729 1628 847 1663 Fastis
868 1627 1007 1664 Attico.

345 1684 391 1719 P.
412 1683 467 1718 111
497 1695 586 1734 pag.
616 1685 670 1723 97
693 1695 715 1719 a
736 1683 805 1721 Cr.
832 1682 1007 1720 laudatus

347 1738 396 1776 ad
416 1736 457 1775 h.
481 1739 507 1775 l.

404 1793 488 1834 ἐπεὶ
498 1791 728 1845 ”Ιπτταρχον
739 1816 795 1822 —
806 1794 1005 1834 κτείνουσι

347 1873 399 1879 —-
422 1847 763 1900 ἐτυραννεύοντο]
814 1850 1006 1897 Quemad-

345 1906 508 1944 modum
544 1905 607 1944 hic
647 1914 798 1958 tempus
828 1921 1006 1959 praesens

347 1965 490 2014 excipit
510 1965 689 2000 voculam
720 1963 824 2011 ἐπεὶ,
855 1978 945 2001 cum
965 1965 1005 2001 in

347 2019 506 2070 apodosi
535 2027 715 2071 sequatur
745 2023 1004 2070 praeteritum,

346 2077 399 2113 ita
420 2078 607 2112 contrario
638 2089 788 2124 prorsus
815 2077 932 2114 modo
960 2078 1005 2124 V,

351 2135 423 2172 12:
458 2132 496 2170 οἳ
523 2131 634 2171 ἐπεί
656 2147 707 2170 τε
725 2136 894 2183 Δαρεῖος
911 2132 1005 2172 διέ-

347 2183 604 2240 βη-αὕτοὶ
633 2183 962 2227 α’πικνέοντα
979 2204 1005 2236 ι,

345 2246 453 2280 cuius
464 2245 613 2294 generis
622 2245 731 2294 plura
743 2246 1005 2282 attulitsslom—

346 2299 448 2337 field.
471 2299 519 2337 ad
529 2299 708 2351 Aeschyl.
730 2300 927 2338 Prometh.
948 2315 1004 2338 vs.

346 2359 441 2398 237.
499 2356 602 2394 Add.
652 2357 796 2394 Herod.
834 2358 879 2404 V,
924 2361 1000 2398 17:

350 2408 588 2464 Μεγάβαζος
627 2411 669 2451 δὲ
707 2413 762 2460 ὥς
795 2412 843 2465 ἐχ
856 2428 871 2452 ε
889 2429 901 2452 ι
913 2429 934 2464 ρ
949 2410 1003 2452 ώ-

347 2480 372 2508 σ
386 2483 475 2508 ατο
505 2467 600 2517 τούς
627 2470 828 2516 Παίονας,
858 2469 1003 2520 πέμπει

346 2521 546 2576 α’γγέλους.
625 2526 681 2562 Ac
721 2527 835 2563 simili
884 2526 1001 2563 modo

346 2583 481 2619 Noster
499 2583 550 2625 V,
570 2584 643 2621 11:
676 2583 911 2647 τυραννίδος
930 2580 1002 2633 μὲν

347 2634 539 2688 ου’δεμιῆς
557 2634 925 2690 προσεχρηϊζε·
939 2639 1001 2677 αι’-

347 2692 568 2733 τὲειὸὲκ.
597 2709 630 2732 τ.
653 2697 686 2732 λ.
718 2702 754 2731 et
788 2694 920 2742 V1‚4:
954 2691 1003 2734 ου’

348 2750 502 2798 διδοῖ,
545 2749 678 2802 φέρων
719 2749 761 2790 δὲ
793 2750 1001 2802 ἐνεχεί-

1058 736 1079 773 ρ
1099 733 1186 759 ισε.
1228 721 1274 768 V,
1309 720 1382 762 14:
1427 719 1519 759 ἵππε
1523 734 1571 766 υς
1605 716 1721 758 ἔθεε

1057 799 1112 805 -
1134 777 1291 816 διδοῖ.
1329 778 1375 825 V,
1398 778 1477 818 42:
1506 771 1721 814 ἀπίει-

1058 832 1386 885 κατηγέοντο
1418 832 1474 872 δέ.
1504 833 1550 880 V,
1574 834 1649 872 16:
1683 827 1720 868 ἕ-

1061 901 1209 941 στησαν
1229 912 1285 916 -
1305 889 1447 929 ἷστᾶσι.
1499 889 1545 936 V,
1576 889 1648 927 18:
1697 884 1722 926 ὅ

1063 945 1106 986 δὲ
1117 942 1291 985 ταῦτάτε
1311 945 1424 986 ἐδίδ
1437 961 1492 985 ου
1508 944 1576 984 καί
1597 955 1722 992 σφεας

1063 1002 1128 1043 ἐπὶ
1147 1003 1273 1050 ξείνια
1292 1001 1434 1041 καλέει.

1121 1055 1261 1098 ἰδόντα
1306 1056 1406 1108 όψιν
1444 1057 1636 1097 ἐνυπνίου
1666 1057 1723 1110 τῷ

1063 1115 1216 1155 ἑωυτοῦ
1241 1111 1373 1154 πάθεϊ
1406 1097 1721 1167 ἐναργεστάτην]

1061 1174 1088 1210 i.
1110 1186 1145 1209 e.
1173 1185 1341 1210 sommum
1363 1172 1603 1209 calamitatem
1622 1182 1722 1207 suam

1065 1229 1262 1279 (futuram
1281 1229 1391 1279 scil.)
1423 1229 1516 1265 clare
1537 1228 1722 1274 indicans3

1064 1287 1155 1333 sive,
1172 1293 1214 1322 ut
1233 1286 1332 1322 bene
1351 1287 1618 1336 iuterpretatur
1627 1285 1724 1320 Lar-

1065 1342 1222 1379 cherus:
1270 1344 1332 1391 qui
1363 1344 1531 1379 somnium
1569 1341 1723 1388 viderat,

1066 1413 1132 1449 quo
1153 1398 1439 1449 manzfestissz’me
1453 1397 1588 1449 futura
1607 1397 1725 1435 clades

1063 1456 1123 1493 illi
1135 1455 1411 1506 portendebatur
1439 1468 1470 1492 S.
1500 1454 1722 1504 manifestis-

1064 1515 1188 1550 simum
1200 1512 1457 1562 pot-tendendae
1471 1511 1623 1561 suturae
1643 1510 1722 1547 cla-

1065 1570 1126 1617 di,
1156 1575 1200 1605 ut
1229 1567 1347 1605 dativi
1364 1569 1549 1605 nimirum
1580 1568 1723 1604 intelli-

1063 1630 1175 1676 gatur
1193 1626 1261 1671 vis,
1290 1625 1330 1661 in
1351 1624 1440 1677 qua,
1461 1627 1607 1675 opinor,
1628 1622 1723 1660 hae-

1062 1695 1149 1719 rens
1160 1680 1438 1733 wyttenbach.
1459 1681 1508 1718 ad
1527 1679 1722 1717 Plutarch.

1062 1740 1121 1775 De.
1143 1739 1186 1776 S.
1214 1740 1262 1774 N.
1282 1739 1329 1775 V.
1350 1750 1440 1789 pag.
1462 1737 1529 1786 56,
1561 1738 1628 1773 ubi
1648 1736 1723 1774 hoc

1062 1797 1148 1832 loco
1169 1796 1314 1842 utitur,
1346 1807 1415 1845 pro
1436 1789 1722 1859 ἐναργεστάτην

1062 1858 1313 1903 proposuerat
1332 1845 1631 1901 ἐμφερεστάτην
1650 1850 1676 1886 i.
1687 1860 1722 1886 e.

1063 1909 1293 1945 simillimum.
1349 1909 1401 1944 At
1434 1908 1612 1958 vulgatae
1650 1918 1723 1957 pa-

1061 1966 1299 2001 trocinantur
1318 1965 1403 2001 libri
1413 1965 1542 2015 scripti
1554 1976 1721 2014 ususque

1061 2023 1165 2058 vocis
1187 2018 1357 2071 ἐναργής
1373 2050 1383 2069 ,
1415 2033 1532 2072 quam
1550 2018 1721 2057 Larche-

1061 2091 1125 2114 rus
1153 2085 1240 2128 apte
1264 2078 1425 2114 illustrat
1451 2077 1536 2113 loco
1563 2077 1720 2127 gemino

1061 2132 1243 2184 Aeschyli
1270 2135 1310 2168 in
1339 2134 1444 2169 Pers.
1482 2135 1580 2179 179,
1623 2132 1721 2181 (ubi

1061 2189 1138 2226 vid.
1159 2188 1378 2225 Blomfield.
1399 2190 1438 2224 in
1469 2188 1662 2238 Glossar.)
1683 2196 1721 2226 et

1060 2247 1211 2282 Platon.
1232 2246 1375 2296 Cratyl.
1397 2259 1434 2295 p.
1456 2244 1509 2284 44
1531 2248 1576 2282 Β.
1616 2244 1719 2283 Add.

1061 2302 1205 2342 Herod.
1247 2303 1327 2348 Vll,
1359 2301 1425 2342 47.
1455 2323 1512 2328 —
1568 2301 1632 2340 Ad
1656 2299 1719 2341 ’τᾶ

1061 2354 1264 2397 ἄνέκαθεν
1292 2357 1369 2395 vid.
1391 2365 1486 2394 nott.
1517 2358 1565 2395 ad
1585 2361 1614 2404 Ι,
1638 2361 1718 2399 170

1060 2422 1097 2451 et
1126 2414 1215 2451 add.
1255 2413 1444 2453 Themist.
1477 2429 1514 2466 p.
1545 2414 1641 2462 442,
1666 2414 1716 2456 15

1058 2471 1174 2508 Diud.
1206 2472 1368 2508 Pausau.
1389 2473 1436 2518 11,
1462 2473 1510 2512 18
1532 2473 1569 2517 §.
1591 2474 1615 2512 6
1643 2471 1720 2507 ibi-

1060 2541 1134 2578 que
1170 2527 1342 2565 Siebelis.
1409 2529 1466 2564 De
1501 2528 1718 2579 Gephyraeis

1058 2583 1136 2621 vid.
1160 2597 1251 2621 mox
1273 2585 1316 2631 V,
1336 2584 1404 2626 57.

1116 2637 1425 2692 ἐτυραννεύοντο
1440 2635 1559 2679 οὐδὲν
1570 2632 1716 2689 ἧσσον]

1060 2698 1218 2748 „Neque
1233 2699 1335 2734 enim
1348 2695 1578 2734 Harmodius
1591 2695 1718 2731 etAri-

1058 2755 1244 2803 stogiton,
1273 2753 1340 2792 sed
1364 2751 1560 2791 Herodoto
1579 2750 1716 2799 iudice,
