1789 3213
419 133 891 175 POLYMNIA.
961 131 1064 168 Vll.

1288 129 1371 168 725

113 252 226 302 κίδα,
257 246 522 304 φυλάξοντες
550 245 628 300 μὲν
647 242 726 287 τὸν
746 241 968 295 Εὔριπον,
999 239 1215 287 λείποντες
1247 235 1294 279 δὲ
1323 235 1371 291 ἡ·

0 324 47 371 33
112 315 415 376 μεροσκόπους
443 313 543 368 περὶ
571 312 623 355 τοὶ
649 309 794 367 ὑψηλὰ
823 313 900 365 τῆς
927 306 1132 363 Εὐβοίης.

110 386 214 431 δέκα
253 387 365 428 νει-ὄν
402 385 490 424 τῶν
533 379 771 435 βαρβάρων
809 381 922 431 τρεῖς
950 375 1164 417 ἐπέλασαν
1193 371 1370 428 περὶτὰ

1195 308 1295 349 Τῶν
1325 304 1370 348 δὲ
1382 312 1404 346 5
1430 311 1501 337 Mox
1517 310 1622 335 secuta
1638 311 1702 336 tota

1429 344 1532 371 classis
1552 344 1659 369 Persa-

1430 387 1514 411 rum,
1537 377 1573 404 ad
1595 377 1701 411 Sepia<

1429 412 1498 438 dem
1518 411 1548 437 in

1573 411 1700 444 Magne-

109 455 218 509 ἕρμα
245 453 297 496 τὸ
325 448 482 506 μεταξύ
513 448 587 492 ἐὸν
617 446 821 491 Σκιάθου
839 460 881 487 τε
902 444 974 487 καὶ
993 443 1268 498 Μαγνησίης,
1296 457 1371 484 κα·
1428 445 1475 473 sia
1493 444 1632 481 appellit-

80 521 321 577 Ξλεόμενον
351 518 395 562 δὲ
425 515 660 572 Μύρμηκα.
721 514 916 557 ἐνθαῦτα
945 513 990 554 οἱ
1012 511 1228 566 βάρβαροι
1259 509 1372 551 ἐπει-

109 589 162 646 δή
194 588 351 644 στήλην
380 587 510 629 λίθου
539 584 769 638 ἐπέθηκαν,
800 581 1055 636 κομίσαντες
1077 578 1146 622 ἐπὶ
1175 577 1224 620 τὸ
1249 576 1371 631 ἕρμα,
1429 574 1506 616 591

110 656 375 713 ὁρμηθέντες
415 652 540 697 αὐτοὶ
577 652 624 694 ἐκ
665 649 851 705 Θέρμης,
892 647 952 699 ὥς
982 660 1061 704 σφι
1089 645 1137 690 τὸ
1169 645 1372 700 ἐμποδών

109 724 300 782 ἐγεγόνεε
329 720 545 777 καθαρὸν,
578 719 784 763 ἐπέπλεον
812 715 974 772 πάσῃσι
1003 719 1101 771 τῇσι
1130 713 1274 770 νηυσὶ,
1309 711 1429 754 «ἕν-10

110 795 215 836 δέκα
251 790 416 848 ἡμέρας
454 787 657 843 παρέντες
701 784 803 841 μετά
844 784 925 841 τήν
954 784 1153 840 βασιλέος
1183 780 1375 834 ἐξέλασιν

82 861 163 905 agn
213 861 395 916 Θέρμης.
452 856 500 901 τὸ
541 855 587 900 δὲ
636 854 744 910 ἕρμα
784 863 864 909 σφι
907 851 1194 909 κατηγήσατο,
1227 847 1300 892 ἐὸν
1328 847 1375 890 ἐν

54 1057 306 1109 speculatores,
339 1056 405 1108 qui
426 1054 491 1092 diu
510 1057 714 1092 Persarum

56 1115 215 1152 classem
244 1112 291 1150 de
321 1113 513 1149 montium
541 1112 714 1147 Euboei—

58 1184 194 1208 corum
231 1170 493 1207 cacuminibus
533 1169 714 1205 observa-

47 1235 155 1265 rent.
213 1228 285 1272 Qui
312 1226 430 1263 iidem
451 1231 715 1262 memorantur

56 1285 140 1332 VII,
169 1285 260 1324 192.
292 1285 388 1323 219.
446 1283 510 1318 Tu
535 1281 613 1318 vid.
634 1282 715 1317 Ae-

57 1354 186 1378 neam.
206 1341 232 1376 l.
253 1341 279 1377 l.
301 1346 338 1376 et
359 1351 453 1391 quos
479 1339 714 1388 VVesseliug.

59 1397 110 1435 ad
154 1396 193 1434 h.
225 1397 250 1433 l.
284 1397 392 1444 citat,
438 1396 611 1434 Turneb.
632 1393 713 1430 Ad-

57 1468 173 1492 verss.
199 1453 359 1500 XXVII,
390 1455 416 1493 7
437 1459 473 1489 et
501 1450 644 1488 Duker.
668 1449 717 1487 ad

58 1513 143 1549 Liv.
193 1511 347 1554 XXXI,
389 1507 455 1549 25.
514 1509 591 1544 Alii
628 1514 717 1544 sunt

56 1562 353 1619 ἦμεροδρόμοι,
394 1564 441 1602 de
471 1566 608 1616 quibus
635 1563 714 1602 vid.

57 1624 123 1673 VI,
157 1623 249 1664 105.

202 1714 295 1764 Cap.
327 1712 574 1750 CLXXXIII.

118 1792 339 1840 ἐπέλασαν]
370 1793 396 1828 i.
421 1805 453 1828 e.
485 1792 716 1836 accesserunt,

62 1849 228 1887 advectae
251 1852 333 1885 sunt
356 1861 484 1893 nave-33
516 1845 718 1896 Schweig-

62 1906 194 1944 haeus.
237 1906 277 1941 in
318 1906 414 1941 Lex.
451 1903 592 1941 Herod.
624 1902 718 1939 haec

65 1976 155 2000 eum
175 1964 214 1998 in
247 1960 410 1998 modum
430 1961 596 2011 suppleri
615 1960 718 1996 vult:

65 2019 107 2059 οἵ
143 2016 340 2070 βάρβαροι
375 2015 578 2068 ἐπήλασαν
618 2019 721 2065 τρεῖς

63 2078 178 2122 ναῦς.
236 2075 302 2111 Tu
331 2075 435 2111 conf:
462 2074 598 2111 Lamb.
629 2074 718 2109 Bos.

62 2134 122 2169 De
161 2132 297 2182 ellipss.
328 2144 366 2182 p.
400 2130 495 2172 315.
527 2129 624 2180 ἕρμα
654 2142 721 2165 eo-

65 2189 155 2226 dem
180 2189 402 2225 observante
422 2184 642 2237 Schweigh.
665 2193 720 2222 est

66 2257 203 2293 saxum,
214 2245 374 2295 scopulus
396 2244 458 2280 sub
474 2246 583 2281 maris
601 2255 719 2291 super-

58 2303 144 2353 ficie
163 2302 288 2340 latens.
348 2299 490 2339 Suidae
520 2303 537 2337 Ι
566 2314 604 2351 p.
640 2299 720 2339 856

68 2371 147 2410 seq.
183 2365 238 2394 est
266 2359 383 2405 λίθος
419 2356 597 2409 μέγιστος
634 2356 721 2392 coll.

68 2412 233 2464 Hesych.
262 2417 278 2450 1
313 2427 351 2462 p.
383 2413 502 2454 1437.
546 2411 720 2450 Eustath.

69 2470 118 2508 ad
143 2469 251 2509 Iliad.
281 2471 371 2507 XIV
400 2484 437 2520 p.
459 2469 554 2518 964,
583 2472 637 2511 28
659 2468 721 2506 ed.

68 2530 156 2565 Bas.
184 2540 214 2563 s·
243 2528 326 2566 976
357 2525 417 2562 ed.
444 2527 557 2563 Rom.
611 2524 728 2577 Apud

772 1052 826 1101 λ.]
853 1051 948 1088 Loci
967 1061 1122 1086 sensum
1136 1044 1241 1083 hunc
1263 1058 1342 1082 esse
1362 1057 1430 1095 pu-

771 1116 810 1145 to
828 1121 837 1145 :
876 1114 1079 1158 postquam
1118 1103 1267 1141 barbari
1317 1101 1358 1150 (i.
1395 1114 1429 1137 e.

773 1167 930 1210 Persae)
963 1163 1121 1200 navium
1141 1161 1294 1196 illarum
1313 1159 1430 1194 trium

776 1222 998 1259 columnam
1046 1216 1237 1268 lapideam
1272 1215 1430 1265 scopulo

776 1278 978 1316 advectam
1036 1275 1271 1312 collocarunt
1293 1301 1302 1319 ,
1361 1271 1432 1321 ipsi

777 1335 886 1385 (cum
906 1334 1060 1384 reliquis
1085 1331 1245 1368 navibus
1272 1329 1297 1365 i.
1315 1341 1346 1367 e.
1369 1340 1433 1363 re-

774 1393 879 1443 liqua
899 1392 1102 1426 Persarum
1129 1387 1273 1431 classe)
1295 1383 1427 1422 Ther-

774 1447 840 1485 ma
860 1447 1034 1498 profecti,
1073 1457 1164 1481 cum
1194 1442 1290 1479 nihil
1311 1442 1349 1477 in
1371 1441 1432 1477 via

774 1503 1042 1555 impedimenti
1062 1502 1226 1538 obstaret
1245 1499 1433 1547 navigan-

774 1562 893 1605 tibus,
913 1559 1072 1596 insecuti
1092 1563 1180 1594 sunt
1200 1553 1431 1605 (ἐπέπλεονῐ

775 1620 824 1656 sie
865 1615 1025 1666 sclzzfften
1067 1614 1157 1651 nach
1173 1612 1204 1662 )‚
1252 1609 1435 1647 undecim

776 1674 910 1712 diebus
939 1678 1023 1723 post
1054 1670 1193 1707 Xerxis
1230 1667 1435 1704 discessum

779 1745 800 1768 a
821 1729 995 1767 Therma
1023 1726 1296 1778 praeterlapsis.
1341 1724 1434 1760 Ver·

777 1789 847 1825 ba:
879 1783 935 1832 ὥς
955 1795 1028 1834 σφι
1049 1781 1093 1823 vo*
1105 1778 1288 1834 ἐμποδών
1302 1776 1434 1830 ἐγεγό-

776 1858 841 1884 νεε
860 1837 1041 1892 καθαρὸν
1065 1853 1110 1876 eo
1133 1844 1316 1889 spectant,
1330 1834 1434 1888 quod

777 1913 867 1938 cum
889 1905 999 1935 antea
1020 1909 1157 1933 saxum
1180 1893 1275 1931 illud
1288 1894 1354 1931 vix
1370 1899 1436 1929 aut

779 1956 875 1994 nihil
895 1967 1046 2007 prorsus
1059 1965 1172 2004 super
1181 1963 1321 2003 aquam
1338 1950 1436 1985 emi-

778 2027 873 2050 nens
893 2011 1159 2061 navigantibus
1179 2010 1300 2059 iisque
1312 2006 1436 2043 insciis

779 2070 950 2121 pericula
987 2068 1206 2118 praeberet,
1239 2066 1318 2100 iam
1367 2075 1436 2099 co-

778 2126 913 2164 lumn&
940 2123 1005 2161 illst
1021 2154 1031 2172 ‚
1064 2136 1163 2176 quae
1190 2122 1288 2171 signi
1318 2121 1437 2156 instar

782 2190 897 2227 esset,
939 2179 1065 2217 erecta
1085 2179 1268 2230 omnique
1288 2177 1435 2214 sublato

781 2238 1057 2291 impedimento
1096 2235 1288 2285 navigatio
1337 2233 1436 2269 facta

781 2304 860 2334 erat
881 2293 1059 2345 expedita
1079 2296 1216 2344 viaque
1232 2292 1330 2327 bene
1345 2302 1436 2325 mu-

779 2355 872 2391 nita.
930 2350 992 2388 Ad
1011 2363 1149 2387 vocem
1178 2343 1360 2397 καθαρὸν
1389 2344 1439 2382 cf.

781 2413 811 2460 I,
834 2412 916 2450 202
935 2408 1021 2444 coll.
1043 2408 1137 2446 201.
1158 2405 1221 2451 IV,
1245 2403 1337 2444 135.

840 2460 1117 2515 κατηγήσατο]
1149 2463 1173 2497 i.
1197 2474 1230 2497 e.
1254 2459 1443 2503 indicavit,

785 2522 1008 2566 monstravit,
1038 2525 1082 2555 ut
1114 2519 1163 2564 ΙΙ,
1192 2516 1259 2556 49.
1290 2514 1356 2556 56.
1377 2514 1440 2559 VI,

69 2587 284 2622 Homerum
313 2580 450 2618 dicitur
474 2582 633 2631 fulcrum
658 2595 729 2619 na-
790 2579 869 2620 135
899 2582 1056 2613 notante
1085 2573 1318 2621 Wesseling.
1376 2570 1441 2606 Tu

72 2644 126 2679 vis
146 2640 349 2686 subductae,
382 2644 424 2675 ut
438 2639 481 2675 ll.
510 2640 540 2686 1,
561 2637 657 2679 486.
681 2639 730 2687 11,

75 2696 155 2740 154
174 2710 223 2733 ne
239 2697 361 2747 plura.

130 2753 309 2794 ἐνθαῦτα
338 2750 380 2792 οἵ
407 2745 607 2804 βάρβαροι
637 2763 674 2788 κ.
696 2762 728 2787 τ.

787 2635 889 2673 conf.
921 2634 1097 2669 Creuzer.
1128 2629 1265 2681 Symb.
1302 2629 1319 2662 I
1353 2638 1443 2677 pag.

788 2695 855 2732 13.
927 2691 985 2726 De
1023 2687 1140 2724 verbo
1178 2680 1358 2732 έξανύειν
1405 2683 1443 2718 in

789 2760 896 2800 seqq.
927 2744 1028 2783 conf.
1044 2750 1139 2782 nott.
1161 2740 1209 2779 ad
1231 2742 1292 2789 vl,
1316 2741 1408 2781 139.
