1789 3213
415 150 1048 190 POLYMNIA.VIL
1293 149 1376 190 7⁰3

1434 252 1543 280 Obiter
1562 251 1599 279 de
1611 250 1709 279 caede

1433 287 1559 320 Minois,
1571 286 1709 313 Sicilien-

1432 322 1468 354 si,
1480 320 1670 348 Cretensium

1434 356 1475 384 ad
1486 364 1553 384 eam
1562 354 1710 382 ulciscen-

0 272 48 318 ῐθ
111 265 332 321 τιμωρίης.
390 260 571 317 Λέγεται
591 261 689 318 γὰρ,
721 262 883 304 Μίνων
913 259 1022 304 κατὰ
1055 256 1227 316 ζήτησιν
1265 259 1376 300 Δαι-

117 332 254 377 δάλου
295 329 560 386 ἀπικόμενον
602 330 644 381 ἐς
685 329 918 386 Σικανίην,
949 327 1030 385 τήν
1059 331 1142 371 νῦν
1169 325 1375 381 Σικελίην

60 541 203 579 fuerint
223 541 415 590 sagittarii
426 534 633 591 (τοξόται),
653 551 717 576 re-

60 600 155 651 liqui
175 596 356 649 hoplitae.

249 711 342 762 Cap.
373 710 528 746 CLXX.

121 788 290 842 Λέγεται
310 786 385 841 γὰρ
399 788 550 828 Μίνων
571 802 607 825 κ.
619 802 651 825 τ.
666 787 718 835 t]

62 847 213 887 Μίνων
234 861 254 883 e
276 848 442 883 Florent.
457 846 607 897 alioque
622 844 718 880 libro

63 903 167 942 dedit
179 902 535 955 Schweigh.‚quem
547 915 720 953 sequun-

61 968 124 998 tur
154 961 273 998 Gaisf.
296 968 332 997 et
352 959 520 996 Bekker.
535 971 602 1009 pro
613 959 718 1008 vulg.

64 1018 202 1065 Μίνω,
216 1025 253 1054 et
265 1018 346 1065 VII,
372 1020 446 1057 171
490 1018 653 1061 Μίνωα,
677 1022 720 1052 ut

61 1075 148 1111 libri
167 1075 306 1111 vetusti
327 1073 503 1120 afferunt,
528 1085 549 1108 a
571 1070 721 1110 Sohae—

61 1132 143 1168 fero
162 1138 355 1168 mutatum
374 1131 414 1166 in
424 1131 549 1168 Μίνω
572 1141 593 1165 a
614 1127 721 1164 Bek-

60 1187 156 1225 kero
176 1189 216 1224 in
240 1189 373 1226 Μίνω
387 1202 423 1228 ν.
465 1187 530 1222 Tu
550 1186 651 1222 conf.
674 1184 721 1221 de

48 1244 121 1282 ‘his
142 1246 272 1282 formis
297 1242 434 1284 Matth,
456 1244 521 1280 Gr.
544 1244 609 1281 Gr.
631 1255 720 1293 pag.

65 1301 160 1342 153.
241 1301 303 1338 Ad
332 1307 603 1351 argumentum
641 1299 720 1336 vid.

63 1359 212 1395 Zenob.
245 1359 311 1405 IV,
350 1360 404 1398 92
434 1359 520 1394 coll.
558 1355 718 1394 Diodor.

61 1415 126 1462 IV,
156 1417 223 1456 79.
253 1417 418 1452 Pausan.
450 1416 531 1461 Vll,
566 1413 591 1452 4
622 1415 658 1458 ξ.
681 1413 720 1454 5.

63 1472 214 1509 Conon.
255 1474 403 1510 Narrat.
454 1471 522 1512 25.
571 1468 720 1509 Hoeck.

64 1528 165 1566 Cret.
184 1531 221 1565 ΙΙ
238 1544 277 1580 p.
300 1531 381 1569 377
409 1534 489 1566 not.
539 1528 663 1563 Minos
683 1528 722 1563 in

65 1586 236 1623 Siciliam
257 1598 379 1638 quum
398 1585 561 1621 venisset
592 1584 724 1620 Cami-

64 1655 155 1680 cum
175 1641 223 1679 ad
235 1640 499 1695 quaerendum
509 1653 723 1691 exposcen-

65 1699 237 1752 dumque
281 1698 496 1736 Daedalum
509 1728 519 1747 ‚
567 1699 723 1748 periisse

57 1757 181 1794 fertur
200 1764 324 1794 morte
344 1754 557 1802 inhonesta,
580 1756 723 1806 quippe

59 1813 161 1851 inter
189 1813 399 1850 lavandum
436 1813 521 1863 pice
552 1811 722 1847 fervente

60 1871 230 1907 immissa
249 1870 468 1906 interfectus
491 1882 511 1905 a
527 1868 655 1904 Cocali
675 1867 724 1903 fi-

62 1927 131 1963 liis.
190 1927 373 1964 Observat
408 1932 537 1962 autem
569 1923 719 1961 Hoeck.

63 1984 91 2020 l.
112 1984 139 2020 l.
158 1995 248 2034 pag.
270 1986 350 2024 372
366 1996 486 2034 seqq„
515 1982 581 2018 ubi
602 1983 640 2017 in
653 1983 722 2018 ista

63 2041 275 2077 accuratius
304 2041 488 2091 inquirit,
542 2051 640 2090 quae
674 2037 722 2074 de

63 2096 234 2133 Daedalo
256 2103 293 2133 et
314 2097 452 2133 Cocalo
489 2095 615 2147 deque
645 2096 722 2131 Mi-

63 2157 140 2191 no'e
160 2155 199 2190 in
221 2153 392 2191 Siciliam
413 2153 537 2190 delato
560 2165 723 2189 narran-

62 2217 137 2258 tur,
155 2223 199 2247 ea
220 2211 380 2247 minime
400 2223 469 2261 pro
490 2209 628 2246 fictitiis
648 2207 722 2245 ha-

7 2314 10 2317 ·
64 2266 192 2304 benda
202 2268 403 2320 statimque
415 2265 619 2304 reiicienda
633 2279 723 2313 esse3

67 2324 219 2375 alioque
252 2326 358 2361 enim
385 2322 568 2377 Pythiam
594 2323 642 2360 ad
659 2324 724 2360 illa

66 2382 253 2431 respicere
286 2379 390 2417 haud
432 2382 621 2431 potuisse,
651 2381 724 2417 nisi

65 2450 136 2490 pro
166 2437 276 2473 certis
307 2450 350 2474 ac
371 2440 468 2475 veris
487 2438 604 2488 vulgo
636 2438 723 2474 fue-

67 2495 144 2532 rint
162 2492 315 2541 habita3
344 2507 470 2545 neque
492 2496 607 2531 etiam
628 2493 722 2531 haec

68 2564 90 2588 a
110 2563 201 2589 vero
213 2562 363 2601 prorsus
374 2550 589 2599 abhorrere,
602 2564 723 2603 quum

69 2609 266 2645 Cretenses
292 2620 333 2643 re
353 2608 479 2644 navali
511 2613 601 2644 tunc
622 2614 723 2644 tem-

68 2666 169 2717 poris
199 2665 428 2702 excellentes
457 2670 494 2700 et
517 2677 586 2714 per
604 2665 725 2700 maria

69 2723 239 2759 multum
258 2728 440 2771 vagantes
461 2720 725 2757 dominantes—

71 2790 147 2830 que
166 2779 206 2815 in
228 2779 399 2817 Siciliam
417 2790 570 2830 quoque
578 2778 725 2816 venisse

773 543 888 588 atque
935 533 1106 581 Italiam,
1160 530 1338 570 credibile
1385 533 1433 570 sit

774 593 1043 645 praeeuntibus
1064 591 1285 641 praesertim
1301 588 1433 626 Phoe-

774 651 935 695 nicibus,
968 650 1098 700 ibique
1130 648 1245 683 etiam
1267 648 1434 684 colonias

773 721 803 744 s.
837 707 1006 757 emporia
1037 703 1249 741 condidisse
1271 717 1314 741 ac
1335 704 1434 740 bella

775 765 931 814 gessisse
967 775 1056 799 cum
1086 760 1288 811 indigenis.
1365 761 1436 797 Vi-

777 821 857 858 deri
879 827 1006 857 antem
1026 817 1097 855 hac
1112 820 1352 869 potissimum
1371 818 1434 853 in·-

775 878 875 914 felici
897 877 1034 913 Minois
1067 883 1103 912 et
1134 876 1373 911 Cretensium
1393 876 1434 910 in

777 936 948 973 Siciliam
969 931 1210 983 expeditione
1231 935 1436 970 θαλασσο-

777 992 943 1042 κρατίαν
997 990 1236 1027 Cretensium
1285 988 1435 1025 finitam

776 1049 879 1085 idem
901 1046 1049 1085 Hoeck.
1071 1045 1199 1094 addit,
1234 1059 1356 1098 quum
1386 1044 1436 1081 ad

777 1107 961 1142 Troicam
1022 1103 1309 1154 expeditionem
1370 1103 1437 1139 vix

779 1163 973 1212 octoginta
1012 1174 1129 1197 naves
1167 1160 1349 1211 praebere
1381 1159 1437 1195 illi

777 1220 971 1271 potuerint
1000 1231 1071 1254 nec
1091 1217 1169 1253 ulla
1199 1217 1271 1252 alia
1304 1228 1439 1252 eorum

779 1282 1104 1314 commemoretur
1128 1272 1320 1325 expeditio
1349 1285 1438 1309 ma-

777 1335 919 1372 ritima.

833 1397 933 1440 κατοί
946 1394 1438 1451 ζήτησινΛαιδοῖλου]1)ἰο-

779 1456 892 1494 dorus
912 1459 953 1493 in
974 1455 1144 1492 eiusdem
1154 1456 1208 1491 rei
1222 1455 1439 1491 narratione

777 1515 841 1562 IV,
862 1516 915 1556 79
946 1513 993 1550 de
1025 1514 1177 1549 Minoe:
1219 1507 1345 1562 ἐζήτει
1372 1509 1439 1551 τὸν

777 1571 985 1610 Δαίδαλον
1004 1570 1059 1616 εἰς
1076 1568 1284 1620 τιμωρίαν.
1314 1568 1438 1611 Quae-

778 1630 876 1666 rebat
901 1629 1025 1664 Minos
1051 1625 1288 1673 Daedalum,
1311 1626 1377 1677 qUJ'
1396 1626 1438 1662 in

780 1686 952 1723 Siciliam
971 1684 1155 1735 profugus
1189 1684 1366 1734 beneque
1385 1683 1440 1719 ibi

778 1749 952 1793 receptus
973 1741 1112 1778 diutius
1129 1741 1438 1777 commorabatur

781 1812 904 1851 eoque
924 1800 1004 1850 ipso
1025 1797 1164 1834 Minois
1183 1798 1281 1832 iram
1291 1797 1437 1833 excita-

779 1857 865 1903 bat,
898 1857 963 1907 qui
1000 1854 1090 1891 inde
1121 1853 1258 1891 Siculis
1296 1854 1441 1890 bellum

779 1914 920 1949 inferre
960 1912 1166 1949 constituit.
1223 1909 1310 1947 Vid.
1342 1911 1440 1947 Dio-

781 1969 862 2007 dor.
883 1971 946 2017 IV,
963 1972 1029 2010 77.
1050 1970 1117 2009 78.
1157 1966 1303 2018 Ephori
1334 1968 1441 2018 frag-

779 2034 916 2064 mentt.
942 2040 980 2077 p.
993 2028 1075 2066 206
1088 2038 1169 2077 seq.
1191 2026 1330 2062 excitat
1366 2024 1397 2062 C
1404 2037 1436 2061 r.

837 2093 875 2140 ἐς
898 2095 1096 2144 Σικανίην
1117 2090 1192 2144 τὴν
1222 2095 1299 2132 νῦν
1319 2095 1438 2131 Σικε-

779 2152 870 2201 λίην
887 2149 1150 2201 καλευμένην]
1173 2151 1314 2197 Insula,
1339 2163 1438 2202 quae

779 2209 871 2245 olim
906 2207 1101 2246 Trinacria
1139 2208 1374 2255 vocabatur,
1416 2219 1439 2243 a

784 2265 942 2312 Sicanis,
975 2278 1074 2317 quae
1106 2277 1199 2315 gens
1221 2264 1440 2316 antiquissi-

780 2336 844 2359 ma
869 2321 1051 2373 indigena
1070 2322 1160 2368 sive,
1181 2329 1224 2358 ut
1253 2322 1334 2358 aliis
1354 2321 1440 2371 pla-

781 2387 852 2428 cet,
885 2393 933 2416 ex
962 2380 1085 2416 Iberia
1111 2377 1187 2415 huc
1209 2385 1439 2428 transgressa

781 2436 928 2484 dicitur,
944 2435 1114 2474 Sicaniae
1125 2436 1270 2487 accepit
1281 2447 1440 2471 nomen.

779 2494 867 2532 Vid.
887 2492 1110 2545 Thucydid.
1131 2494 1197 2540 ΠΙ,
1227 2495 1266 2532 2.
1323 2493 1438 2528 Man-

779 2558 877 2588 nert.
905 2552 1046 2601 Geogr.
1079 2549 1117 2586 d.
1145 2551 1209 2587 Gr.
1240 2561 1279 2586 u.
1301 2549 1347 2584 R.
1368 2548 1437 2594 IX,

780 2611 807 2649 2
837 2620 925 2659 pag.
952 2605 1046 2647 244.
1076 2606 1145 2644 Cr.
1181 2603 1276 2641 haec
1296 2604 1440 2641 adscri-

781 2666 876 2715 psit:
915 2663 1052 2712 „hunc
1087 2663 1217 2699 locum
1251 2662 1438 2712 respicere

780 2720 931 2758 videtur
950 2718 1125 2757 Eustath.
1149 2717 1197 2754 ad
1211 2717 1344 2770 Odyss.
1357 2718 1436 2754 XX

782 2779 862 2818 383
884 2791 922 2828 p.
941 2776 1041 2820 741,
1056 2779 1108 2817 17
1127 2776 1256 2823 BasiL,
1277 2775 1342 2812 ubi
1363 2775 1434 2812 ait:
