1870 3249
350 217 1006 255 TERPSICHORE.
1066 218 1111 254 V.

99 328 450 384 Ἀλκμαιωνίδης,
501 326 635 381 ὅσπερ
695 324 748 381 δή
787 325 920 380 λόγον
957 325 1040 382 ἔχει
1074 326 1154 382 τήν
1192 327 1372 382 Πυθίην

104 397 346 448 ἀναπεῖσαι,
388 395 460 438 καὶ
489 393 710 450 Ἰσαγόρης
739 391 764 437 6
810 393 1078 446 Τισάνδρου,
1120 395 1259 450 οἰκίης
1298 395 1377 450 μὲν

105 464 188 510 ἐῶν
223 465 432 518 δοκίμου,
471 462 581 517 ἀτὰρ
622 462 674 506 τοὶ
705 461 918 505 ἀνέκαθεν
948 461 1030 505 οὐκ
1070 462 1150 517 ἔχω
1179 460 1370 518 φράσαι·

102 533 264 579 1’θύουσι
303 530 350 575 δὲ
388 532 432 574 οἰ
470 530 692 587 συγγενέες
731 528 870 574 αὐτοῦ
900 531 978 572 Διῒ
1014 531 1181 586 Καρίῳ.

75 603 153 645 3οἱ
191 599 348 654 ἄνδρες
382 600 643 643 ἐστασίασαν
682 599 780 653 περὶ
820 595 1047 652 δυνάμιος.
1106 597 1373 655 ἑσσούμενος
1427 596 1687 672 {ffissfflss'ffffa

75 668 153 712 4δὲ
182 665 206 711 6
236 666 524 724 Κλεισθένης,
557 667 635 711 τὸν
664 668 807 724 δῆμον
835 667 1216 721 προσεταιρίζεται.
1258 665 1366 723 μετὰ

54 853 309 892 Hoffineister.
336 853 363 889 l.
392 853 418 889 l.
434 865 522 903 pag.
553 851 606 892 84
627 865 707 904 seq.

48 918 86 949 et
104 918 201 948 nott.
227 909 276 947 ad
296 908 438 945 Herod.
459 910 503 956 V,
525 911 594 950 78.

105 963 227 1018 ὅσπερ
256 963 306 1017 δη
328 963 444 1018 λόγον
468 964 567 1016 ἔχει]
600 967 707 1013 „Po-

46 1025 178 1062 tuisset
211 1020 332 1074 όνπερ
373 1019 424 1073 δη
468 1020 580 1087 λόγος
617 1021 706 1073 ε’χει,

48 1079 243 1134 quomodo
273 1078 449 1125 V11,5
440 1077 506 1117 ι’να
531 1074 644 1130 λόγος
665 1091 708 1117 σε

48 1137 126 1192 ε’χη.
159 1138 223 1186 [et
251 1138 320 1183 IX,
350 1137 403 1176 78
435 1136 521 1172 coll.
541 1136 631 1183 V,11
655 1137 707 1176 26

47 1178 132 1243 fm'.]
162 1166 334 1244 Euripid.
354 1191 457 1229 Med.
486 1191 593 1233 419:
634 1207 708 1231 ου-

36 1249 128 1291 ἶκε’τι
140 1250 377 1296 δυσκέλαδος
389 1264 505 1300 φαμα
516 1252 709 1300 γυναῖκας

49 1307 137 1356 ε’ξει.
202 1308 346 1345 Verum
376 1306 529 1356 elegans
557 1318 602 1342 ea
628 1306 706 1342 lin-

49 1377 147 1414 guae
167 1365 275 1415 copia
289 1370 326 1400 et
344 1364 517 1400 varietas.
557 1361 633 1413 ἕχει
662 1360 706 1401 δέ

49 1435 138 1460 τινα
185 1418 305 1470 φάτιν
340 1419 408 1458 καὶ
448 1415 706 1469 Διονυσοφά-

50 1492 122 1528 νης
149 1477 274 1528 posuit
303 1477 372 1523 IX,
393 1478 458 1524 83,
483 1477 562 1525 [vel
580 1477 706 1528 potius

48 1535 117 1581 IX,
138 1532 204 1574 84.
233 1531 334 1570 Add.
355 1534 454 1581 VIII,
467 1534 538 1581 94]
563 1540 601 1571 at
614 1530 706 1573 τού-

48 1605 140 1636 τους
177 1587 248 1641 μὲν
278 1585 441 1640 τοιαύτη
472 1587 591 1638 φάτις
631 1589 706 1641 ἔχει

47 1646 129 1694 VH,
151 1649 176 1687 3
209 1647 301 1695 [ubi
321 1646 398 1684 vid.
418 1648 550 1695 nott.].
589 1648 707 1684 Plura

46 1702 230 1740 Abresch.
261 1702 453 1740 Dilucidd.
494 1703 706 1756 Thucydd.

45 1773 85 1811 p.
105 1758 187 1800 247
206 1759 322 1797 Wess
337 1761 430 1798 elin
440 1773 478 1809 g.
512 1760 616 1798 Add.
635 1762 707 1798 El-

45 1815 164 1853 lendt.
175 1815 223 1853 ad
233 1817 384 1854 Arrian.
391 1819 450 1853 De
460 1817 709 1869 Exped.tUe-

46 1871 183 1910 xandr.
209 1875 258 1920 II,
289 1876 314 1914 3
344 1870 450 1919 §.2-
507 1873 570 1911 Ad
590 1888 707 1925 argu-

47 1935 225 1965 mentum
238 1930 313 1966 loci
331 1930 432 1966 conf.
449 1931 564 1967 etiam
582 1933 707 1980 Berg-

48 1998 152 2022 man.
175 1985 222 2022 ad
241 1987 394 2023 Isocrat.
419 1986 611 2038 Areopag.
644 2001 706 2038 cp.

45 2045 71 2083 6
91 2055 180 2093 pag.
205 2045 295 2083 172.

100 2096 251 2137 θύουσι
272 2095 315 2137 δὲ
334 2097 376 2137 οἰ
404 2097 608 2151 συγγενέες
629 2093 705 2137 αὗ-

43 2156 116 2194 τοῦ
133 2155 207 2193 Δι’ὶ·
227 2155 399 2206 Καρίῳ]
439 2157 497 2192 De
517 2156 608 2193 Iove
628 2156 703 2192 Ga-

44 2212 99 2248 rio
121 2211 285 2248 diximus
306 2210 354 2248 ad
373 2213 402 2259 l,
427 2215 518 2252 171.
575 2213 703 2249 Perti-

44 2275 138 2304 nent
155 2281 246 2306 vero
266 2266 361 2305 haec
381 2268 429 2305 ad
449 2282 554 2306 sacra
574 2270 702 2320 genti-

44 2325 150 2373 licia,
201 2338 298 2377 quae
319 2325 421 2376 apud
449 2324 701 2363 Athenienses

44 2394 124 2418 non
153 2381 260 2418 aliter
289 2388 402 2434 atque
434 2382 536 2433 apud
555 2385 704 2420 Roma-

45 2451 115 2475 nos
135 2439 300 2490 aliasque
316 2440 548 2491 antiquitatis
570 2447 704 2491 gentes

46 2496 186 2531 eximie
226 2496 458 2533 colebantur.
526 2498 704 2549 Namque

43 2550 204 2588 Athenis
227 2551 267 2592 οἱ
292 2556 506 2606 συγγενεῖς,
532 2555 559 2590 i.
583 2567 616 2591 e.
638 2554 704 2605 qui

44 2606 215 2645 eiusdem
251 2616 339 2646 suut
367 2611 514 2660 generis
551 2623 581 2647 s.
618 2612 706 2647 stir—

44 2666 101 2715 pis
124 2664 185 2715 (οἱ
204 2662 310 2711 ὄντες
341 2665 382 2704 ἐκ
406 2669 478 2705 τοῦ
495 2662 619 2706 αὐτοῦ
641 2665 703 2719 γέ-

49 2735 159 2768 νους,
190 2728 232 2758 ut
252 2723 303 2757 ait
322 2722 505 2760 Ammon.
534 2736 621 2774 pag.
644 2725 702 2772 3),

49 2776 184 2814 iisdem
222 2786 427 2829 operantur
460 2781 573 2816 sacris
605 2793 702 2817 eun-

51 2833 214 2886 demque
242 2836 373 2872 colunt
412 2835 528 2873 deum
562 2838 702 2874 tutela-

106 2891 326 2929 Hnnonor.
346 2893 413 2930 ΙΙΙ.

1285 217 1369 257 113

1429 740 1497 771 cem·
1512 719 1655 767 dispertit

1427 765 1514 793 novis
1528 767 1704 805 appellatas

1425 800 1605 827 nominibus.

763 863 868 897 rem,
899 850 1013 887 totius
1032 851 1156 900 gentis
1177 853 1284 902 quasi
1311 865 1427 903 prae-

763 906 887 944 sidem
901 905 1039 953 Iovem,
1071 908 1138 958 qui
1156 905 1247 945 hinc
1267 916 1427 946 vocatur

763 965 810 1001 ab
849 964 984 1000 Atticis
1025 962 1246 1002 hominibus
1286 964 1427 1018 συγγέ-

763 1034 882 1068 νειος,
904 1021 983 1057 aliis
1006 1027 1202 1071 praeterea
1223 1023 1427 1072 cognomi-

763 1077 876 1114 nibus
888 1083 1055 1124 ornatus,
1069 1078 1293 1114 observante
1305 1079 1427 1116 Creu-

765 1147 841 1170 zer.
872 1135 913 1170 in
943 1134 1120 1184 Symbol.
1159 1136 1196 1170 H
1224 1147 1314 1186 pag.
1345 1135 1426 1177 513

764 1203 865 1242 seq.;
897 1191 949 1227 ita
970 1197 1013 1226 ut
1031 1188 1107 1228 hoc
1136 1198 1336 1243 tamquam
1355 1205 1428 1243 pe—

766 1248 906 1284 culiare
938 1246 1137 1299 quoddam
1156 1249 1371 1299 proferatur
1391 1255 1428 1286 et

767 1303 816 1341 ad
833 1305 1009 1355 Isagorae
1022 1305 1210 1355 originem
1227 1304 1428 1343 declaran-

763 1360 855 1398 dam
895 1359 1074 1398 nonnihil
1104 1362 1269 1410 faciens,
1320 1361 1427 1414 quod

763 1419 830 1470 qui
849 1417 898 1455 ad
924 1420 1101 1468 Isagorae
1129 1425 1288 1469 gentem
1306 1420 1428 1470 perti-

761 1481 899 1522 neant,
930 1488 1033 1522 non,
1063 1481 1106 1512 ut
1135 1477 1273 1528 reliqui
1301 1475 1426 1513 Athe-

761 1533 924 1580 nienses,
942 1530 1024 1569 Iovi
1040 1532 1428 1587 συγγενείῳρθᾶῌουί

765 1588 873 1626 Cario
900 1601 1006 1626 sacra
1042 1589 1208 1637 faciant3
1259 1603 1308 1626 ex
1346 1602 1425 1642 quo

761 1646 866 1696 ipso,
897 1652 940 1682 ut
969 1646 1061 1682 scite
1092 1647 1304 1697 suspicatur
1332 1647 1426 1683 Va]-

762 1701 961 1750 ckenaer.,
1007 1703 1230 1739 vilissimam
1258 1701 1427 1741 hominis

764 1760 953 1809 originem
974 1760 1345 1810 cognoscere'liceat,
1366 1758 1426 1797 his

762 1817 886 1853 verbis
905 1823 1005 1852 tecte
1026 1815 1314 1868 quodammodo
1326 1815 1426 1853 indi-

763 1879 910 1918 catam,
939 1885 1032 1908 nam
1064 1873 1176 1909 Cares
1204 1885 1274 1923 per
1302 1874 1425 1909 Grae—

762 1930 862 1965 ciam
888 1929 990 1964 male
1010 1927 1218 1966 audiebant
1241 1929 1427 1966 infames-

763 1997 838 2036 que
869 1983 1131 2022 habebantur:
1175 1986 1317 2037 quippe
1359 1987 1427 2038 qui

760 2042 874 2092 primi
894 2040 1071 2078 mercede
1083 2040 1262 2079 conducti
1280 2043 1426 2080 milita-

760 2099 853 2135 bant
908 2105 946 2135 et
1005 2111 1055 2135 ex
1120 2099 1258 2150 quibus
1309 2101 1426 2149 etiam

761 2156 874 2192 multi
910 2156 951 2191 in
985 2156 1188 2192 Graeciam
1217 2157 1424 2194 veniebant

759 2213 870 2248 servi.
916 2212 1028 2248 Conf.
1060 2219 1156 2250 nott.
1190 2212 1239 2250 ad
1259 2213 1304 2261 V,
1329 2216 1424 2254 111.

757 2267 872 2316 Inde,
916 2268 1055 2306 eodem
1085 2270 1311 2307 observante
1331 2270 1424 2307 Va]-

761 2324 965 2362 ckenaerio
977 2355 986 2373 ,
1010 2327 1256 2377 proverbium
1271 2325 1315 2366 ἐν
1335 2329 1423 2366 Κα-

761 2379 832 2433 ρός
851 2381 958 2437 αἴσῃ,
980 2384 1075 2419 aliae
1095 2384 1237 2420 similes
1257 2384 1424 2420 locutio-

758 2452 827 2476 nes
848 2440 950 2490 apud
959 2440 1132 2489 Euripid.
1147 2441 1303 2491 Cyclop.
1326 2440 1424 2482 650.

759 2495 915 2533 Aristid.
949 2497 999 2533 Τ.
1027 2497 1081 2532 ΙΙΙ
1107 2510 1146 2547 p.
1176 2496 1268 2537 256.
1301 2497 1422 2534 Cicer.

759 2554 884 2590 Flacc.
902 2567 934 2589 c.
952 2555 1025 2594 27:
1050 2553 1120 2600 „Si
1133 2552 1225 2605 quid
1239 2566 1328 2590 cum
1351 2566 1423 2603 pe-

760 2611 879 2646 riculo
902 2611 1064 2660 experiri
1083 2611 1187 2657 velis,
1218 2611 1258 2645 in
1280 2609 1369 2647 Care
1382 2607 1422 2645 id

760 2667 1000 2717 potissimum
1039 2680 1118 2704 esse
1156 2665 1422 2702 faciundum.“

760 2722 846 2760 vid.
895 2722 1158 2760 Hemsterhus.
1199 2721 1248 2759 ad
1291 2722 1422 2772 Argu-

760 2786 878 2815 ment.
919 2778 1112 2830 Aristoph.
1142 2779 1243 2815 Plut.
1275 2791 1363 2830 pag.
1395 2780 1421 2819 6

760 2843 819 2886 et,
849 2843 1006 2873 notante
1033 2836 1114 2883 Cr„
1151 2833 1350 2872 Heindorf.
1372 2833 1420 2871 ad

1428 340 1575 372 stagorae
1586 335 1704 364 Milesii

1426 371 1602 399 adventum.
1625 371 1686 398 cli-

1427 403 1544 432 sthenis
1556 410 1587 433 et
1599 406 1702 440 Isago-

1427 446 1483 465 rae
1508 439 1666 466 sactiones

1427 471 1486 500 Ille
1509 481 1616 500 auram
1641 481 1689 500 ca—

1429 508 1498 542 ptat
1522 508 1703 543 popularem

1242 533 1368 574 οὑτοι
1424 543 1507 584 404

1377 674 1422 708 30
1400 671 1457 706 0111
1469 668 1600 704 quatuor
1609 666 1704 693 tribus

1431 697 1508 725 dixis
1511 698 1592 734 ione,
1611 699 1642 726 in
1653 700 1704 727 de-
