1815 3181
382 181 463 221 142

782 180 1246 218 HERODOTI

380 288 569 344 μάμεναι
614 287 661 330 ἐκ
706 288 877 344 τειχέων
926 290 1363 345 περιπεφλευσμένων
1408 291 1514 345 πυρὶ
1562 288 1650 335 ὑπὸ

380 360 460 399 τοῦ
492 355 669 412 Μήδου,
700 354 853 400 ἀντίον
884 356 928 400 δὲ
954 361 1035 400 τοῦ
1065 356 1260 412 μεγάρου
1289 362 1369 400 τοῦ
1393 358 1505 410 πρὸς
1533 357 1651 402 ἕσπέ-

353 429 374 462 6
384 440 467 479 ρην
496 424 809 479 τετραμμένου.
838 425 910 468 καὶ
933 428 1022 468 τῶν
1052 424 1226 479 λύτρων
1255 425 1336 482 τὴν
1359 425 1542 482 δεκάτην
1562 426 1653 471 ἆνέ-
1665 435 1709 468 25

381 497 540 547 θηκαν,
567 492 858 549 ποιησάμενοι
887 493 1133 547 τέθριππον
1164 493 1370 549 χάλκεον
1401 493 1450 537 τὸ
1488 495 1534 538 ὁὲ
1563 494 1651 549 ἀρι-

382 563 535 615 στερῆς
564 560 689 615 χερός
719 560 869 618 ἕστηκε
909 566 1088 615 πρῶτον
1129 561 1289 607 ἐσιόντι
1319 562 1362 613 ἔς
1401 563 1453 606 τοὶ
1481 565 1652 618 προπύ-

380 633 482 670 λαια
511 626 564 670 τὰ
596 627 644 671 ἐν
670 632 724 686 τῇ
754 628 991 685 ἀκροπόλι,
1033 630 1340 686 ἐπιγέγραπται
1369 629 1415 674 δέ
1446 634 1489 676 οἱ
1515 633 1640 678 τάδε·

325 813 506 863 Herodot.
527 816 575 862 H,
593 816 682 855 181.
703 816 767 862 IV,
783 819 875 856 121.
889 816 988 865 Vm,

325 873 392 911 39.
423 870 525 907 Add.
549 870 682 909 Schol.
702 871 858 909 Aristid.
880 874 905 909 l.
926 874 953 910 l.

381 926 423 966 ἐκ
451 927 610 979 τειχέων
651 928 989 980 περιπεφλευσμέ-

325 999 408 1022 νων
449 984 574 1036 πυρὶ]
627 989 762 1024 moenia
810 988 989 1038 intelligit

323 1041 458 1078 adusta
494 1044 598 1092 igne,
656 1055 678 1079 a
714 1044 832 1081 verbo
875 1059 988 1096 περι-

324 1093 461 1147 <pi-siim
519 1098 671 1136 ducitur
722 1104 990 1151 περιπεφλευ-

323 1153 479 1205 σμένων
492 1185 502 1202 ,
524 1156 629 1208 quod
647 1158 782 1194 Pauw.
795 1164 989 1194 mutatum

322 1212 457 1248 maluit
467 1213 504 1248 in
519 1212 914 1264 περιπεφλυσμένων,
939 1215 987 1252 ob

323 1268 516 1320 Aristoph.
536 1271 636 1306 Nub.
659 1270 740 1311 395
755 1301 764 1317 ,
796 1271 862 1308 ubi
881 1286 988 1322 περι-

321 1321 455 1375 φλύει.
483 1327 576 1364 Sine
593 1340 705 1364 causa
715 1329 824 1375 iusta,
838 1330 985 1379 opinor.

379 1378 520 1422 οἷντίον
545 1381 588 1422 δὲ
608 1387 680 1424 τοῦ
713 1380 890 1437 μεγάρου
912 1388 986 1425 τοῦ

322 1437 425 1488 πρός
471 1439 641 1492 ἕσπέρην
682 1441 982 1494 τετραμμένου]

324 1497 536 1544 Quaeritur,
553 1498 751 1550 quodnam
771 1500 906 1536 fanum
922 1498 986 1536 hic

320 1555 458 1591 Noster
466 1556 707 1602 intellexerit3
718 1569 810 1592 nam
823 1555 870 1592 de
881 1563 985 1593 certo

321 1610 492 1662 quodam
513 1625 556 1649 ac
576 1615 664 1650 satis
684 1620 776 1649 noto
796 1614 886 1650 fano
907 1626 989 1650 ser-

320 1681 481 1704 monem
503 1682 583 1706 esse
595 1671 656 1706 vel
673 1671 853 1706 articulus
873 1683 988 1720 prae—

319 1727 464 1775 positus
489 1726 688 1763 ostendere
711 1729 859 1777 poterit.
889 1728 988 1763 Lar-

321 1781 457 1819 cherus
478 1782 526 1819 de
544 1785 706 1834 Agrauli
725 1785 787 1820 vel
796 1785 986 1821 Victoriae

324 1834 553 1891 ἅπτερώτου
587 1842 704 1887 cella,
738 1840 787 1877 de
813 1840 891 1893 quit
919 1853 987 1877 ea·—

323 1895 413 1932 dem
452 1897 620 1947 cogitare
658 1896 811 1934 videtur
857 1898 898 1935 C.
940 1898 986 1935 Ο.

320 1954 485 1998 Muller„
506 1955 545 1989 in
568 1956 738 2005 Gotting.
760 1956 858 1991 Auz.
880 1956 987 1995 1822

321 2023 380 2046 nr.
402 2010 455 2050 47
487 2023 574 2061 pag.
595 2012 678 2052 463
700 2024 721 2048 a
754 2012 824 2049 Cr.
848 2010 987 2048 lauda-

321 2074 393 2113 tus,
416 2066 477 2104 hic
499 2069 561 2117 agi
585 2070 798 2104 existimat:
842 2068 890 2104 de
911 2080 988 2119 qua

322 2131 453 2160 tamen
478 2137 600 2175 aeque
622 2138 665 2161 ac
699 2125 746 2162 de
765 2123 984 2161 Erechtheo

324 2178 390 2232 (de
425 2193 502 2232 quo
524 2181 626 2217 conf.
647 2183 769 2218 Kruse
789 2182 917 2217 Hellas
936 2183 986 2229 Π,

326 2242 345 2278 1
365 2250 454 2288 pag.
473 2237 790 2286 96)miui1nehic
804 2240 866 2288 agi
877 2250 986 2288 posse

323 2295 384 2330 vel
404 2293 494 2330 inde
514 2301 638 2344 patet,
661 2294 764 2346 quod
784 2296 865 2342 ista,
888 2307 986 2346 quae

324 2350 490 2387 diximus
523 2352 625 2397 fana,
659 2353 699 2387 in
738 2353 819 2402 ipsa
858 2350 985 2387 media

322 2408 430 2444 suere
452 2409 634 2458 acropoli,
654 2407 729 2444 hoc
749 2409 834 2444 loco
855 2414 985 2444 autem

322 2465 458 2501 fanum
496 2465 657 2514 intelligi
697 2464 830 2511 debet,
881 2463 985 2516 quod

324 2523 393 2573 ipsi
413 2534 524 2558 muro
546 2522 592 2557 ab
607 2521 795 2558 occidenti
814 2528 894 2557 erat
912 2533 984 2571 op-

322 2580 502 2629 positum.
544 2577 655 2623 Quod
683 2579 750 2614 vix
776 2576 879 2614 aliud
908 2590 987 2614 esse

323 2638 463 2687 poterit
480 2642 593 2687 atque
601 2636 784 2672 sacellum
794 2637 867 2686 γῆς
882 2636 986 2673 Κου-

323 2688 528 2743 ροτρόφου
541 2691 608 2731 naz
617 2687 830 2743 Δήμητρος
843 2687 985 2740 Χλόης,

323 2761 344 2785 a
366 2750 531 2786 Pausuu.
554 2752 582 2797 1,
605 2753 659 2790 22
681 2750 717 2794 ξ.
752 2751 776 2788 3
809 2760 985 2784 comme-

321 2813 528 2844 moratum.
586 2807 665 2843 Nec
706 2803 884 2842 abhorret
924 2805 984 2841 lo-

1047 814 1192 868 quendi
1212 829 1325 863 usus,
1354 829 1447 853 nam
1467 815 1629 868 μέγαρα,
1661 817 1709 855 de

1046 886 1123 925 qua
1153 885 1249 909 voce
1279 872 1380 909 conf.
1411 875 1446 921 I,
1479 874 1548 914 47.
1578 875 1623 921 V,
1653 878 1710 916 ’,72

1046 931 1188 966 eximie
1201 929 1248 966 de
1260 930 1405 966 Cereris
1420 931 1516 967 fanis
1536 929 1612 968 dici
1620 944 1711 968 mo-

1043 988 1129 1024 nuit
1151 987 1328 1024 Creuzer.
1353 987 1529 1038 Symbol.
1545 989 1600 1025 111
1619 1001 1709 1039 pag.

1046 1042 1114 1084 49.
1143 1065 1200 1072 —
1252 1043 1315 1081 Ad
1345 1045 1425 1081 vim
1453 1045 1561 1081 verbi
1591 1045 1710 1082 medii

1046 1096 1315 1151 ποιησάμενοι
1344 1101 1446 1138 conf.
1466 1102 1515 1148 II,
1541 1100 1632 1143 148.
1661 1103 1709 1149 V,

1046 1158 1114 1197 82.
1154 1157 1217 1194 Ad
1236 1158 1475 1194 locutionem
1495 1154 1708 1209 ἅριστερῆς

1045 1211 1156 1265 χερὸς
1187 1215 1289 1251 conf.
1329 1222 1426 1252 nott.
1455 1213 1504 1251 ad
1532 1216 1580 1262 II,
1616 1218 1709 1256 169.

1047 1269 1159 1315 Quod
1179 1273 1352 1323 sequitur
1372 1273 1546 1324 πρῶτον,
1578 1271 1668 1309 dedi
1689 1285 1711 1309 e

1043 1328 1265 1365 melioribus
1284 1327 1398 1365 codd.
1455 1329 1581 1379 Vulgo
1599 1331 1712 1379 πρῶ-

1041 1399 1110 1432 τα,
1151 1385 1256 1436 quod
1275 1384 1472 1423 Schaefer.
1508 1392 1547 1423 et
1573 1384 1711 1424 Matth.

1042 1443 1295 1479 retinuerunt.
1354 1443 1552 1488 Quantum
1581 1450 1710 1480 autem

1043 1497 1139 1535 haec
1172 1499 1360 1536 Herodoti
1396 1500 1513 1537 verba
1556 1500 1709 1537 valeant

1045 1554 1094 1591 ad
1115 1557 1194 1593 eius
1224 1558 1340 1607 ipsius
1370 1563 1535 1593 aetatem
1565 1558 1711 1594 consti-

1044 1612 1243 1660 tuendam,
1267 1612 1315 1650 de
1335 1626 1380 1649 eo
1393 1612 1471 1650 vid.
1485 1614 1528 1650 G.
1547 1615 1591 1650 F.
1608 1615 1710 1651 Her-

1049 1682 1182 1706 mann.
1203 1671 1244 1706 in
1253 1671 1430 1706 Excursu
1440 1671 1491 1710 Τ.
1504 1672 1540 1706 ΙΙ
1556 1684 1596 1720 p.
1610 1673 1709 1711 660.

1043 1726 1101 1762 Ac
1122 1733 1225 1763 recte
1251 1726 1405 1764 videtur
1429 1728 1554 1777 Iiiger.
1573 1728 1708 1778 Dispp.

1043 1782 1214 1821 Herodd.
1244 1797 1284 1834 p.
1313 1784 1367 1824 25
1397 1785 1601 1834 temporis,
1631 1795 1709 1836 quo

1042 1838 1204 1877 Athenis
1214 1843 1350 1878 Noster
1369 1847 1628 1877 commoratus
1649 1842 1708 1888 sit,

1043 1898 1210 1948 spatium
1251 1898 1314 1934 vel
1342 1897 1441 1934 ultra
1473 1898 1563 1935 belli
1591 1897 1711 1934 Pelo-

1042 1956 1265 2004 ponnesiaci
1304 1955 1458 1990 initium
1489 1953 1710 2001 extendere,

1043 2013 1267 2060 praesertim
1287 2024 1378 2048 cum
1396 2012 1459 2058 VI,
1480 2013 1534 2051 98
1556 2010 1604 2048 de
1621 2023 1709 2048 ma-

1043 2069 1088 2104 lis
1117 2069 1206 2105 belli
1226 2069 1543 2119 Peloponnesiaci
1567 2069 1621 2104 ita
1646 2069 1710 2104 lo-

1043 2132 1204 2176 quatur,
1228 2132 1272 2161 ut
1292 2138 1371 2162 non
1392 2138 1412 2160 e
1432 2124 1534 2160 fama
1553 2131 1707 2161 tantum

1042 2183 1113 2217 ista
1134 2183 1334 2231 accepisse,
1355 2179 1421 2218 secl
1432 2182 1512 2231 ipse
1522 2182 1567 2217 iis
1588 2182 1708 2218 inter-

1045 2237 1157 2274 fuisse
1181 2237 1366 2275 videatur.

1101 2292 1382 2345 ἐπιγέγραπται
1415 2291 1458 2332 ὄέ
1487 2292 1529 2332 οἱ
1557 2289 1705 2342 τάδε’]

1042 2349 1232 2387 Diodorus
1262 2352 1305 2386 in
1338 2352 1521 2400 Excerpt.
1564 2351 1634 2387 vn
1664 2351 1706 2386 iu

1042 2407 1134 2442 Mati
1169 2407 1324 2458 Scriptt.
1351 2414 1444 2444 vett.
1485 2407 1583 2444 Νον.
1614 2406 1721 2443 Col-'

1042 2464 1129 2500 lect.
1159 2465 1194 2500 11
1222 2476 1312 2514 pag.
1333 2467 1386 2505 37
1418 2462 1576 2510 eadem,
1608 2474 1706 2515 quae

1041 2520 1258 2557 Herodotus
1278 2521 1408 2571 paucis
1429 2532 1625 2567 enarrans,
1656 2532 1706 2556 ex

1041 2578 1181 2613 tributo
1213 2577 1463 2614 decumarum
1501 2577 1707 2613 Boeotica-

1042 2646 1128 2669 rum
1158 2633 1412 2671 Athenienses
1448 2645 1604 2671 currum
1637 2645 1705 2669 ae-

1042 2703 1152 2726 reum
1190 2693 1229 2727 in
1270 2691 1464 2741 acropolin
1509 2688 1703 2726 dedicasse

1041 2747 1187 2794 scribit,
1228 2761 1271 2784 ac
1311 2747 1400 2784 dein
1445 2748 1572 2798 ipsum
1619 2747 1704 2796 epi—-

1040 2816 1214 2854 gramma
1250 2804 1415 2855 profert3
1455 2802 1559 2855 quod
1597 2801 1704 2839 idem
