1851 3181
293 506 392 553 1o5

123 572 249 603 Dorisco
255 572 395 608 praefici-

110 611 174 650 'tut
191 608 370 638 Maeeames.

452 191 534 232 592

846 176 1303 218 HERODOTI

453 298 615 351 ,,ταῦτα
643 292 780 348 λέγων
811 288 1056 346 φλυηρέειν,
1086 285 1222 330 τᾶλλα
1243 287 1369 341 σιγᾶν
1388 282 1522 328 ἐθέλω
1544 279 1592 325 τὸ
1624 284 1711 324 λοι-

453 362 585 418 ,,πόν·
632 364 714 403 νῦν
755 358 800 403 δὲ
841 355 1134 413 ἀναγκασθεὶς
1174 354 1321 406 ἔλεξα,
1362 351 1532 408 γένοιτο
1564 349 1709 406 μέντοι

451 429 588 486 „nani
616 427 724 472 νόον
751 444 829 478 τοι,
859 427 1079 482 βασιλεῦ.“

529 499 578 542 Ὃ
605 496 684 552 μὲν
714 493 767 551 δὴ
796 497 934 537 ταῦτα
967 491 1201 548 ἀμείψατο·
1241 487 1403 543 Ξέρξης
1435 487 1480 530 δὲ
1512 486 1553 538 ἐς
1581 485 1711 542 γέλω·

454 759 577 803 τᾶλλα
607 763 723 813 σιγᾶν
752 758 879 800 ἐθέλω
902 755 947 798 τό
974 761 1056 797 λοι·

399 816 499 869 πόν]
522 821 596 856 Pro
616 816 736 858 τᾶλλα
757 818 799 854 in
826 814 944 861 Med„
965 816 1058 851 Flo-

398 884 497 915 rent.
528 890 572 914 ac
600 877 718 913 tribus
748 875 827 911 aliis
854 871 967 910 codd.
990 885 1059 908 ex-

399 942 472 972 stat
491 930 592 985 ὃὲμα,
623 930 727 985 quod
746 932 906 968 minime
927 929 1060 966 absur-

400 991 496 1029 dum
514 989 664 1029 videtur
684 986 896 1026 Gaisfordio
909 1016 919 1034 ,
940 984 1058 1023 modo

395 1047 494 1086 illud
515 1061 604 1084 cum
624 1045 863 1083 antecedenti
885 1040 1060 1095 φλυηρέ-

400 1119 460 1144 ειν
486 1105 667 1156 iungatur
694 1102 799 1140 hunc
817 1101 897 1138 fere
916 1101 955 1136 in
970 1112 1059 1136 mo-

400 1161 517 1199 dum:
559 1190 583 1209 „
598 1161 645 1199 Si
671 1162 760 1197 enim
778 1159 863 1196 haec
881 1157 998 1195 dicens
1011 1158 1059 1193 si-

399 1218 472 1256 mul
488 1219 623 1267 nugari
641 1217 706 1254 tibi
724 1216 855 1263 videor,
886 1216 924 1251 in
942 1216 1060 1264 poste-

399 1288 477 1313 rum
497 1276 626 1312 tacebo.
661 1272 773 1318 Quod
786 1270 883 1309 mihi
903 1268 1060 1323 quidem

398 1333 464 1369 ille
483 1345 563 1368 non
583 1331 766 1382 persuasit
779 1359 789 1378 ,
822 1329 889 1381 qui
908 1340 976 1364 cur
994 1327 1060 1362 ille

401 1388 504 1427 simul
518 1387 613 1438 (cum
624 1385 760 1439 aliis2)
782 1385 920 1436 nugari
939 1397 978 1421 se
1000 1382 1061 1420 di-

400 1452 484 1492 cat,
532 1444 743 1494 intelligere
762 1441 867 1479 haud
895 1441 1058 1478 valeam.

399 1502 678 1551 Wesselingius
708 1501 748 1536 in
775 1512 869 1537 voce
899 1494 982 1549 ἅμα
1001 1497 1060 1532 la-

401 1565 480 1596 tere
499 1558 757 1609 suspicabatur
779 1551 804 1595 οἶ
815 1559 834 1594 λ
846 1558 866 1594 λ
879 1552 902 1594 ἃ
915 1584 925 1602 ,
953 1555 1058 1590 cuius

401 1616 609 1667 particulae
620 1615 698 1651 vim
708 1615 748 1650 in
761 1611 968 1664 apodoseos
985 1610 1060 1647 ini-

401 1673 478 1721 tio,
508 1673 576 1709 ubi
592 1669 785 1722 praecedit
807 1669 854 1716 εἰ,
895 1667 1060 1705 adverti-

401 1742 488 1766 mus
518 1727 566 1766 ad
593 1729 660 1776 III,
689 1731 756 1768 72.
776 1727 858 1773 VH,
889 1728 939 1765 10
962 1725 999 1770 ξ.
1022 1726 1061 1771 6,

402 1787 454 1823 ita
473 1792 516 1822 ut
542 1784 638 1822 haec
659 1784 793 1820 existat
820 1782 895 1820 loci
913 1787 1063 1818 senten-

401 1843 476 1881 tia:
510 1842 556 1880 Sc
572 1854 651 1879 vero
671 1841 738 1878 tibi
758 1842 827 1877 ista
850 1839 968 1876 dicens
992 1850 1063 1874 πα-

402 1901 490 1949 gari
507 1899 648 1946 videor,
678 1901 732 1935 at
761 1896 865 1934 silebo
884 1897 921 1933 in
944 1897 1064 1945 poste-

402 1969 491 2005 rum.
550 1955 794 2006 Quamquam
822 1953 884 1990 vel
911 1952 962 1989 sic
991 1964 1065 1987 ne-

404 2013 481 2051 scio
513 2011 605 2064 quid
640 2010 726 2048 duri
751 2009 893 2047 habere
913 2007 1063 2046 vitletur

406 2069 541 2106 oratio.
596 2069 730 2120 Itaque
760 2068 894 2104 malim
914 2066 954 2101 in
974 2065 1063 2102 vul-

405 2131 493 2177 gata
504 2125 740 2174 acquiescere
751 2125 803 2161 sio
815 2120 1060 2174 explicanda:

406 2182 499 2233 quod
526 2181 576 2218 ad
593 2181 728 2231 reliqua
746 2182 886 2228 attinet,
907 2178 1064 2230 equidem

407 2241 446 2277 in
461 2242 640 2290 posterum
656 2237 776 2274 silebo.

462 2349 614 2403 γένοιτο
631 2347 764 2402 μέντοι
779 2344 877 2387 κατά
888 2343 977 2386 νόον
989 2361 1062 2394 τοι,

408 2407 598 2460 βασιλεῦ]
626 2421 687 2446 τοι
708 2404 783 2443 duo
813 2402 924 2442 codd.
947 2404 1063 2440 omit-

407 2471 514 2512 tunt,
565 2463 722 2502 forsitan
752 2462 800 2499 ob
836 2458 1062 2497 antecedens

409 2519 563 2573 μέντοι,
600 2518 703 2573 quod
733 2519 764 2556 si
783 2517 1005 2555 dissolvatur
1024 2516 1063 2552 in

409 2576 482 2628 μέν
510 2592 590 2624 τοι,
619 2577 685 2614 ubi
704 2574 766 2615 τοὶ
793 2575 976 2625 scriptum
995 2585 1062 2623 pro

410 2633 495 2682 σοὶ,
539 2635 700 2671 alterum
734 2647 795 2672 τοι
827 2644 916 2669 sane
942 2629 1068 2666 omitti

409 2704 517 2741 posse
536 2692 735 2728 arbitratur
754 2685 1064 2738 Schweighaeus.

409 2746 603 2799 Equidem
643 2745 778 2798 μέντοι
830 2743 1064 2782 retinuerim.

410 2803 468 2840 De
501 2805 580 2856 ipsa
613 2801 763 2842 dicendi
795 2800 868 2840 hac
901 2799 1065 2840 formula

451 566 507 613 ἰα’
532 582 576 611 τε
607 561 828 620 ἐτρέψατο,
859 561 929 605 καὶ
963 557 1047 604 οὐκ
1077 556 1310 614 ἐποιήσατο
1333 554 1472 612 ὀργήν
1491 553 1714 610 οὐδεμίαν,
1771 547 1849 592 553

1110 757 1152 793 in
1179 751 1392 792 istiusmodi
1419 751 1635 789 orationum
1669 749 1772 787 clau-

1113 813 1203 851 sulis
1223 811 1325 849 conf.
1346 810 1428 858 VII,
1457 810 1496 849 7.

1334 900 1427 952 Cap.
1468 898 1546 936 CV.

1175 980 1213 1029 ἐς
1228 973 1378 1034 γέλωτά
1397 993 1437 1018 τε
1458 974 1669 1030 ἐτρέψατο]
1679 973 1774 1012 Vul-

1115 1051 1166 1090 go
1183 1037 1371 1075 reddunt:
1418 1037 1457 1073 in
1486 1036 1598 1071 risum
1617 1046 1652 1070 se
1670 1032 1774 1069 vertit

1114 1109 1201 1140 ‘rex5
1226 1093 1330 1148 quod
1340 1093 1476 1130 falsum
1490 1104 1568 1128 esse
1580 1086 1776 1127 contendit

1115 1154 1281 1202 Hoeger.
1302 1151 1344 1187 in
1365 1151 1466 1186 Aott.
1478 1146 1586 1199 phin.
1598 1147 1777 1183 Monacc.

1114 1206 1454 1259 HI‚501.sqq.511
1470 1217 1568 1257 sqq„
1589 1203 1655 1239 ubi
1674 1201 1779 1238 mul-

1115 1267 1161 1304 tis
1180 1266 1340 1316 probare
1352 1261 1490 1309 studet,
1502 1261 1683 1298 aoristum
1692 1271 1780 1295 me-

1118 1322 1170 1360 dii
1189 1324 1230 1358 in
1257 1322 1372 1359 verbo
1400 1318 1556 1371 τρέπειν
1574 1327 1778 1368 nunquam

1115 1379 1294 1417 reflexive
1315 1375 1499 1424 adhiberi,
1527 1373 1595 1412 sed
1613 1373 1776 1410 activam

1116 1437 1280 1473 retinere
1300 1439 1548 1485 potestatem,
1568 1429 1664 1468 illud
1678 1441 1778 1481 quo-

1116 1507 1191 1545 que
1213 1492 1392 1529 adiiciens
1407 1519 1417 1538 ,
1446 1488 1521 1526 hoc
1550 1489 1636 1525 loco
1655 1486 1779 1523 maius

1116 1549 1209 1602 quid
1233 1556 1270 1586 et
1297 1549 1431 1585 fortius
1467 1545 1609 1597 requiri
1635 1543 1697 1581 vel
1726 1542 1775 1579 ob

1113 1606 1309 1643 Demarati
1326 1605 1443 1641 verba
1461 1604 1543 1650 VH,
1565 1603 1670 1643 209:
1708 1598 1775 1652 γε’-

1115 1661 1220 1703 amni
1242 1676 1289 1714 με
1317 1660 1434 1708 ἔθευ,
1465 1671 1563 1711 quae
1581 1670 1663 1694 non
1681 1659 1776 1694 risus

1116 1727 1278 1767 tantum,
1294 1730 1430 1754 verum
1452 1717 1640 1753 contemtus
1650 1714 1776 1750 'etiam

1117 1776 1434 1827 significationem
1463 1777 1670 1809 assumant.
1695 1770 1777 1806 Ita-

1121 1847 1196 1886 que
1225 1834 1290 1869 ille
1319 1845 1368 1868 ex
1397 1828 1708 1866 antecedentibus
1729 1824 1779 1862 ad

1119 1891 1281 1929 verbum
1296 1886 1486 1940 ἐτρέψατο
1495 1885 1673 1936 supplens
1683 1885 1780 1922 ταῦ-

1104 1963 1167 1986 κτα
1185 1948 1238 1984 ita
1251 1947 1537 1995 interpretatur:
1571 1942 1674 1980 Haec
1684 1938 1780 1992 (De-

1119 2005 1258 2041 marati
1287 2001 1416 2052 dicta)
1446 2000 1584 2038 Xerxes
1608 2000 1647 2036 in
1669 1998 1780 2034 n'mm

1119 2063 1241 2098 vertit.
1307 2060 1365 2096 Ac
1401 2069 1616 2108 pronomen
1653 2054 1778 2093 ταῦτα

1119 2124 1250 2155 mente
1280 2117 1420 2154 assumi
1455 2126 1565 2166 posse
1600 2110 1649 2149 ad
1678 2107 1778 2161 ἐτρέ-

1120 2183 1227 2225 ψατο
1260 2170 1644 2222 Schweighaeuserus
1677 2178 1778 2220 quo-

1121 2244 1196 2283 que
1216 2235 1413 2267 censuerat
1428 2257 1438 2276 ‚
1469 2232 1599 2264 contra
1618 2225 1778 2262 Wesse-
1822 2272 1825 2273 ⁷

1119 2288 1283 2338 liuqum
1313 2284 1518 2336 disputans,
1550 2281 1616 2335 qui
1643 2280 1778 2318 lectio-

1120 2357 1211 2381 nem
1233 2342 1392 2394 ἔτρεψε,
1423 2353 1445 2378 a
1463 2338 1659 2386 Mediceo‚
1685 2337 1778 2374 Flo-

1121 2401 1270 2438 rentino
1292 2412 1335 2436 ac
1351 2399 1468 2436 tribus
1489 2397 1568 2434 aliis
1588 2393 1700 2433 codd.
1721 2393 1779 2430 al-

1119 2458 1238 2494 latam
1258 2455 1344 2493 ideo
1361 2460 1565 2506 respuerat,
1582 2449 1687 2505 quod
1707 2450 1778 2487 ob-

1120 2515 1207 2551 iecti
1241 2513 1474 2550 accusativus
1515 2510 1581 2562 qui
1608 2513 1777 2553 vocatur,

1123 2572 1212 2608 alias
1235 2582 1355 2622 quum
1375 2567 1464 2606 addi
1493 2567 1613 2605 soleat
1628 2595 1639 2613 ‚
1670 2563 1778 2601 absit.

1122 2630 1255 2680 Neque
1285 2628 1483 2677 Hoegerus
1501 2624 1582 2675 ipse
1607 2633 1648 2658 se
1666 2617 1778 2658 valde

1122 2684 1298 2721 reluctari
1327 2684 1399 2730 ait,
1427 2682 1460 2719 si
1493 2680 1576 2732 quis
1596 2678 1645 2716 ob
1664 2687 1777 2727 prae-

1121 2742 1348 2792 positionem
1386 2738 1427 2785 ἐς
1454 2736 1640 2774 adiectam
1670 2743 1777 2783 prae-

1121 2799 1219 2836 ferre
1254 2797 1346 2836 velit
1385 2794 1536 2848 ἔτρεψε.
1600 2791 1658 2828 Ac
1685 2799 1776 2826 sane
