1789 3213
475 194 564 231 ET
622 191 1130 231 CORRIGENDA.
1458 191 1540 230 821

288 314 378 343 σεως
409 302 476 336 τοῦ
511 300 651 346 γάμου,
682 300 758 335 τῶν
787 299 957 345 νυμφίων
991 295 1378 344 συγκατακλινομένων.
1422 297 1541 343 Itaque

286 353 323 383 et
353 349 427 393 ipse
458 348 577 382 Corais
607 347 870 381 emendationem
900 346 1007 380 minus
1037 346 1140 379 habet
1172 342 1407 377 necessariam.
1451 344 1540 378 Ibid.

286 395 391 428 verba
420 392 581 436 κατέχων
611 390 748 427 πολλὸν
781 390 870 431 τοὺς
904 388 1036 431 ἄλλους
1058 392 1108 424 sic
1131 388 1288 434 exponit:
1335 383 1377 428 ὃς
1399 386 1540 430 ἐκράτει

283 440 359 473 τῶν
394 434 535 472 ἄλλων·
585 434 684 477 ὅστις
706 434 872 491 ’ὑπερεῖχε
904 435 998 471 πολὺ
1024 437 1099 470 τῶν
1123 432 1250 470 ἄλλων.
1298 429 1398 473 ὅστις
1427 431 1540 468 εἷλκεν

284 485 337 524 εἰς
370 482 506 519 ἑαυτὸν
542 482 588 518 τὰ
629 480 776 526 ὄμματα
811 480 907 517 ὅλων
937 482 1013 516 τῶν
1047 479 1256 524 παρόντων.
1301 479 1537 513 Locutionem:

283 526 496 574 οἷπορχήσαο
523 548 565 554 -
598 527 665 563 τὸν
704 525 822 572 γάμον
860 539 933 561 eum
971 529 1006 562 in
1040 529 1171 562 modum
1207 527 1469 570 interpretatur:
1518 523 1538 559 ὁ

280 573 489 630 χρρόςισου
524 576 563 610 σὲ
594 572 747 619 ἀφαιρεῖ
768 571 836 608 τόν
857 571 998 617 γάμον·
1032 571 1214 618 ἀπέβαλες
1239 569 1302 607 διὰ
1333 570 1402 606 τοῦ
1427 571 1538 615 χοροῦ

279 633 348 654 τον
365 632 495 664 γαμον.

65 676 118 711 Ad
143 676 199 721 VI,
224 678 286 714 131
311 688 388 721 pag.
405 677 483 712 412.
529 678 586 719 Iis,
612 689 698 722 quae
721 676 764 710 de
786 675 924 709 Periclis
947 675 1053 720 stirpe
1076 674 1265 716 citavimus,
1288 673 1364 709 add.
1382 673 1541 717 Wiggers

283 722 428 763 Quaest.
451 723 493 756 de
518 723 650 756 Cornel.
685 723 810 766 Nepot.
834 720 999 755 Alcibiad.
1024 721 1144 765 (Lips.
1180 720 1287 762 1833)
1320 731 1353 763 p.
1378 719 1424 754 46
1447 731 1541 763 seqq.

283 767 432 801 Coniicit
454 772 564 803 autem
587 768 650 801 hoc
673 779 715 801 ex
737 766 902 801 Herodoti
936 766 1009 800 loco
1041 766 1174 810 laeger.
1206 765 1360 810 Disputt.
1394 765 1541 800 Herodd.

280 825 360 858 pag.
391 813 437 848 24
467 825 540 847 cum
573 813 704 848 Pericle
736 817 867 857 patrem
898 811 1060 846 historiae
1092 814 1260 846 versatum
1283 822 1368 851 esse,
1392 810 1542 855 quando-

280 858 414 902 quidem
445 859 589 893 Periclis
620 860 715 902 origo
747 870 812 892 non
840 858 913 891 sine
944 857 1087 902 quadam
1115 857 1149 890 vi
1182 856 1255 890 sive
1287 856 1412 890 affectu
1435 867 1542 900 pecu-

278 904 378 946 liari,
425 916 467 938 ex
501 916 566 950 quo
599 904 775 939 admiratio
808 903 920 948 magni
953 902 1018 937 viri
1050 904 1202 944 eluceat,
1248 902 1312 935 hoc
1344 901 1418 936 loco
1441 911 1542 935 enar-

280 955 388 985 retur.

65 1004 118 1038 Ad
139 1003 199 1047 vi,
231 1005 299 1085 132
320 1017 399 1050 pag.
429 1003 498 1043 416
530 1006 638 1052 prima
661 1006 801 1041 column.
837 1005 893 1040 lin.
927 1006 948 1040 5
979 1015 1041 1050 pro
1077 1004 1194 1039 Bekk
1207 1015 1264 1038 er.
1296 1002 1429 1047 legend.
1462 1003 1541 1037 Do-

310 1063 459 1086 raon&

65 1105 117 1140 Ad
141 1107 199 1150 VI,
225 1109 292 1145 137
314 1119 390 1153 pag.
411 1107 480 1143 418
509 1108 565 1141 lin.
591 1109 634 1143 6:
667 1105 806 1151 ταύτην
830 1104 881 1147 ὦς
905 1105 997 1141 ἰδεῖν
1020 1126 1065 1132 —-
1088 1103 1155 1150 τήν
1177 1103 1358 1149 πρότερον
1382 1102 1476 1139 εἶναι
1503 1116 1537 1138 κ.

280 1165 312 1186 τ.
338 1155 369 1187 λ.
415 1154 466 1187 Ad
491 1158 696 1187 structuram
719 1154 785 1188 loci
809 1158 844 1187 et
867 1153 1109 1187 infinitivorum
1130 1151 1293 1185 rationem
1309 1152 1353 1186 cf.
1377 1151 1416 1184 C.
1434 1151 1538 1184 Eich-

279 1199 361 1232 hoff.
387 1199 540 1234 Versuch
563 1210 593 1234 z.
617 1198 961 1233 wissenschaftlichen
983 1197 1155 1242 Begriind.
1178 1197 1212 1230 d.
1238 1195 1378 1230 Griech.
1396 1196 1537 1239 Syntax.

279 1256 315 1289 p.
339 1243 395 1279 47.
419 1264 464 1269 —
497 1244 584 1278 lbid.
615 1245 673 1278 lin.
700 1247 741 1280 15
764 1255 865 1278 voces
889 1255 928 1277 τε
952 1242 1015 1277 καὶ
1037 1241 1126 1282 τοὺς
1149 1241 1288 1280 παῖδας
1310 1242 1405 1275 uncis
1428 1241 1539 1274 inclu—

280 1290 325 1323 sit
348 1290 486 1334 Negris,
510 1289 752 1332 Gaisfordium,
775 1297 815 1323 ut
837 1289 899 1330 ait,
923 1295 1072 1323 secutus.
1117 1289 1164 1322 At
1187 1286 1414 1330 Gaisfordius‚
1439 1297 1537 1332 quem

282 1346 343 1370 nos
365 1336 473 1370 secuti
495 1346 620 1379 sumus,
644 1335 727 1370 nihil
749 1335 818 1375 tale
840 1335 934 1370 fecit.

64 1448 116 1484 Ad
139 1447 215 1491 VII,
239 1449 258 1484 1
283 1447 340 1481 lin.
363 1449 397 1483 3.
421 1445 698 1492 κεχαραγμένον.
747 1447 830 1483 Add.
852 1447 1025 1482 Plutarch.
1050 1447 1119 1482 vit.
1136 1446 1256 1481 Aemil.
1277 1445 1375 1479 Paul.
1401 1445 1456 1483 23,
1479 1443 1538 1478 ubi

278 1493 361 1527 item
383 1494 507 1538 legitur
529 1492 802 1538 κεχαραγμένος,
826 1494 916 1538 quod
938 1497 1108 1540 exponunt
1130 1497 1372 1538 exasperatus,
1410 1492 1536 1535 effera—

277 1545 343 1574 tus.
391 1539 489 1574 Conf.
511 1539 558 1573 ibi
580 1540 680 1574 Held.
702 1552 780 1585 pag.
804 1538 884 1575 234.

65 1598 119 1633 Ad
140 1597 217 1641 VH,
242 1598 284 1632 10
307 1598 341 1639 §-
364 1597 387 1631 2
409 1608 487 1641 pag.
511 1596 579 1632 448
602 1597 657 1630 lin.
684 1598 736 1632 12.
759 1594 836 1630 καὶ
861 1592 914 1639 δὴ
938 1594 1016 1629 καὶ
1039 1591 1236 1638 συνήνεικε.
1285 1592 1362 1627 Vim
1386 1591 1535 1636 particu-

277 1642 383 1676 larum
406 1641 467 1676 καὶ
491 1641 536 1686 δὴ
562 1642 624 1676 καὶ
647 1642 696 1676 sic
719 1641 887 1686 expressit
908 1641 1076 1684 Hartung.
1101 1640 1213 1673 Lehre
1222 1651 1253 1672 v.
1264 1638 1296 1672 d.
1307 1637 1434 1683 griech.
1452 1638 1538 1671 Par-

278 1687 339 1721 tik.
365 1688 380 1721 1
401 1699 434 1732 p.
459 1689 526 1723 266
551 1688 624 1734 (ubi
648 1688 731 1723 citat
754 1686 881 1722 Herod.
905 1687 980 1729 VH,
1007 1687 1112 1731 186)=
1140 1686 1286 1728 woman,
1310 1696 1344 1719 es
1358 1684 1448 1718 kann
1466 1683 1536 1717 sich

277 1734 367 1768 auch
389 1738 559 1779 zutragen
581 1738 647 1768 etc.

65 1791 116 1826 Ad
151 1790 229 1835 VII,
261 1792 305 1825 10
328 1793 360 1833 ἓ.
385 1791 407 1825 8
429 1802 508 1835 pag.
534 1790 681 1825 4571in.
705 1793 738 1827 6.
770 1786 1076 1833 διαφορεύμενον.
1121 1787 1207 1822 Add.
1241 1784 1411 1829 Aristoph.
1444 1784 1534 1829 qu.

281 1838 350 1870 294
373 1841 408 1870 et
431 1837 520 1870 conf.
536 1836 635 1869 Held.
660 1836 703 1870 ad
727 1836 899 1870 Plutarch.
922 1834 1127 1868 Timoleont.
1151 1833 1235 1867 XIII
1259 1844 1293 1877 p.
1317 1833 1396 1867 309.

65 1891 116 1927 Ad
139 1892 216 1938 VII,
244 1893 287 1928 16
308 1895 342 1934 §-
368 1895 385 1928 l
411 1904 490 1937 pag.
513 1891 581 1927 464
607 1892 665 1926 lin.
687 1895 742 1928 10.
786 1891 902 1925 Verba
936 1888 984 1924 τὰ
1019 1887 1056 1924 σὲ
1079 1890 1141 1924 καὶ
1166 1887 1357 1933 ἀμφότερα
1391 1899 1422 1921 κ.
1446 1899 1477 1921 τ.
1504 1887 1535 1921 λ.

281 1937 332 1971 sic
362 1938 509 1982 explicat
539 1938 683 1982 Negris:
723 1935 760 1971 σὲ
793 1933 934 1980 ἥκοντα
965 1935 1027 1970 καὶ
1060 1935 1142 1979 περὶ
1175 1931 1367 1978 ἀμφότερα
1403 1932 1538 1974 ταῦτα.

279 1981 469 2017 τουτέστιν
484 1980 774 2028 ὑπερβάλλοντα,
797 1979 1024 2026 ὑπερέχοντα
1048 1981 1110 2016 καὶ
1125 1978 1202 2015 κατ’
1228 1977 1421 2023 ἀμφότερα
1443 1977 1536 2012 ταῦ-

278 2040 337 2071 τα,
359 2034 398 2062 ut
421 2030 481 2069 VI,
506 2031 561 2064 86.
607 2030 698 2062 Idem
729 2028 855 2072 Negris
877 2039 911 2072 p.
935 2028 1002 2063 468
1025 2028 1081 2064 lin.
1104 2029 1126 2063 3
1149 2038 1236 2082 pro:
1268 2024 1331 2059 καὶ
1355 2021 1422 2058 ov'n
1451 2036 1470 2057 ο
1485 2021 1533 2057 ἶοέ

278 2085 329 2108 τε
362 2072 481 2109 αὐτὸ
515 2073 750 2120 παρατρέψαι
780 2074 907 2108 mavult
940 2073 1006 2119 legi
1029 2072 1091 2107 καὶ
1116 2084 1184 2108 ουκ
1214 2068 1277 2105 οἷοὶ
1311 2080 1356 2105 σε
1381 2066 1530 2104 αὐτοῦ

279 2118 527 2165 παρατρέψαι.

64 2179 116 2213 Ad
139 2177 216 2221 VH,
242 2179 284 2212 17
308 2189 387 2221 pag.
422 2178 489 2212 468
513 2177 570 2211 lin.
596 2178 640 2213 12
661 2173 858 2220 ὕπερστάν.
905 2174 985 2209 Vid.
1009 2175 1146 2209 Homer.
1170 2173 1210 2209 Π.
1234 2171 1280 2214 ΙΙ,
1302 2173 1359 2208 20.
1385 2170 1431 2212 Χ,
1455 2168 1534 2205 496.

280 2223 407 2302 gdyss.
430 2224 499 2302 IdV‚I
501 2224 581 2302 l1(AE
604 2222 737 2302 (ibique
759 2221 937 2266 Nitzsch.)
962 2221 1021 2264 VI,
1044 2223 1100 2256 21.
1125 2219 1204 2263 XX,
1226 2219 1281 2255 32.
1304 2216 1428 2252 Attulit
1450 2216 1533 2250 haec

313 2270 391 2302 othe
417 2280 437 2302 a
512 2269 544 2302 ia
568 2269 597 2301 's
636 2293 644 2302 .
666 2269 688 2302 l.

64 2325 116 2361 Ad
140 2326 216 2369 VII,
238 2326 284 2362 22
307 2337 386 2370 pag.
409 2324 476 2361 478
499 2325 557 2359 lin.
580 2327 604 2360 2
626 2335 741 2359 numos
767 2324 971 2358 Toronaicos
998 2321 1181 2367 quosdam,
1214 2320 1271 2366 qui
1294 2320 1328 2354 in
1350 2318 1534 2354 rarioribus

279 2378 371 2406 certe
403 2376 604 2414 censentur,
634 2373 867 2406 commemorat
898 2368 1096 2412 Cousinery.
1131 2368 1270 2412 voyage
1301 2371 1366 2400 etc.
1397 2365 1431 2398 ΙΙ
1453 2375 1532 2409 pag.

66 2474 118 2510 Ad
139 2474 219 2520 VII,
242 2475 288 2512 23
310 2485 389 2518 pag.
412 2472 479 2509 479
502 2473 560 2507 lin.
585 2473 639 2509 11.
665 2468 822 2516 ὄρυσσον
845 2483 877 2505 κ.
902 2483 933 2505 τ.
958 2472 989 2505 λ.
1034 2470 1130 2504 Haec
1152 2468 1257 2503 verba
1281 2466 1462 2501 vernacule
1484 2465 1531 2499 sic

279 2519 429 2554 reddidit
452 2519 618 2553 Schoell.:
643 2539 718 2561 ‚‚—
743 2519 872 2561 gruben
888 2517 940 2550 sie
961 2517 1024 2550 den
1048 2517 1152 2550 obern
1176 2513 1334 2548 Einstich
1356 2512 1416 2545 des
1440 2513 1531 2545 Gra·-

280 2565 363 2598 bens
387 2565 522 2609 doppelt
544 2576 581 2598 so
604 2564 703 2606 breit,
730 2564 780 2597 als
806 2564 866 2597 der
891 2563 1029 2597 Graben
1053 2561 1159 2595 selbst
1181 2560 1317 2593 werden
1340 2558 1439 2591 sollte
1462 2559 1527 2589 und

280 2610 404 2644 liessen
441 2611 501 2644 mit
531 2610 605 2643 dem
638 2609 847 2644 Fortschritt
876 2608 938 2643 der
970 2606 1088 2641 Arbeit
1105 2606 1221 2639 immet
1243 2604 1336 2637 mehr
1359 2602 1528 2646 eingehen.

281 2656 360 2689 Wie
382 2667 419 2689 es
442 2667 509 2689 nun
532 2667 607 2689 zum
631 2656 751 2690 Grund
773 2655 861 2697 kam,
883 2653 982 2689 stand
1004 2653 1090 2687 auch
1103 2652 1178 2686 ihre
1202 2649 1319 2684 Arbeit
1342 2649 1406 2682 den
1440 2647 1530 2681 iibri-

392 2701 488 2736 leich.

71 2759 121 2794 Ad
147 2758 220 2795 vn.
243 2713 390 2804 ἓξὲξ
405 2757 470 2793 481
496 2757 554 2792 lin.
578 2757 610 2792 3.
659 2757 711 2792 Ad
729 2755 942 2804 participium
967 2750 1247 2797 ἐλαστρευμένας
1283 2751 1369 2785 conf.
1394 2749 1529 2785 Homer.
