1834 3258
402 177 876 217 POLYMNIA.
937 177 1036 213 VII.

1285 177 1370 216 519

98 286 311 341 ,βιαιρεάι
341 284 476 337 εἶναι,
526 286 817 341 παυσώμεθα,
848 285 966 341 ’μηδὲ
1004 288 1152 328 κακῶν
1182 284 1369 340 μεμνεώ·

71 360 268 410 2,,μεθα,
308 354 470 410 χρηστὰ
509 355 678 410 ἔχοντες
715 352 950 409 πρήγματα
980 353 1026 396 ἐν
1054 354 1184 408 χερσί.

1253 353 1368 406 Φρά-

100 434 212 476 ,,σον
241 423 287 466 δέ
315 439 392 478 μοι
421 422 531 467 τόδε.
591 425 630 466 εἴ
658 439 725 465 τοι
756 420 784 478 ἦ
827 420 927 472 ὄψις
956 425 1036 464 τοῦ
1066 421 1278 465 ἐνυπνίου
1308 421 1367 478 μή

99 489 310 546 ,,ἐναργὴς
350 491 466 534 οὕτω
511 491 675 547 ἐφάνη,
719 489 825 546 εἶχες
856 489 912 532 ἂν
931 489 1011 544 τὴν
1043 487 1229 546 ἀρχαίην
1255 488 1370 544 γνώ-

96 574 234 614 ,,μην,
285 556 368 601 οὐκ
397 559 481 602 ἐῶν
510 576 561 615 με
591 558 905 614 στρατεύεσθαι
942 557 1010 600 ἐπὶ
1051 557 1130 613 τὴν
1158 556 1424 605 Ἐλλάδα,85

98 625 155 682 „if
194 626 394 682 μετέστης
432 627 510 679 ἄν,
561 628 666 684 φέρε
703 644 780 683 μοι
823 629 954 669 τοῦτο
985 621 1198 680 ἄτρεκέὼς
1237 626 1367 668 εἰπὲ.“

67 693 145 737 3‘0
183 693 230 737 δὲ
269 692 466 752 ἀμείβετο
508 695 667 751 λέγων·
721 729 730 747 ,

736 697 807 744 ,Ὠ
846 697 1050 749 βασιλεῦ,
1092 692 1194 745 ὄψις
1224 694 1304 749 μὲν
1339 692 1367 749 ἡ

93 761 380 818 ,ἐπιφανεῖσα
400 767 480 807 τοῦ
512 762 712 818 ὀνείρου,
746 761 803 814 ὥς
833 761 1086 818 βουλόμεθα
1109 760 1363 818 ἀμφότεροι,

66 831 401 887 4,,τελευτήσειε.
461 832 543 887 ἐγώ
577 832 614 876 δ’
644 833 705 877 ἔτι
734 833 807 875 καὶ
839 832 880 882 ἐς
909 829 1008 874 τόδε
1043 829 1245 886 δείματός
1274 831 1361 884 εἰμι

91 897 355 951 ,,ὑπόπλεος,
405 898 500 943 οὐδ’
539 899 662 951 ἐντός
703 900 945 956 ἐμεωυτοῦ·
989 896 1099 942 ἄλλα
1139 915 1184 941 τε
1224 897 1421 942 avonemo

95 967 450 1023 ,,ἐπιλεγόμενος,
487 967 561 1010 καὶ
600 966 654 1022 δή
687 968 755 1010 καὶ
790 967 931 1022 ὁρέων
959 984 1025 1011 τοι
1047 966 1131 1010 δύο
1161 965 1214 1010 τὰ
1253 966 1366 1022 μέγι-

94 1046 200 1087 ,,στα
229 1034 408 1078 πάντων
442 1035 572 1079 ἐόντα
600 1035 942 1092 πολεμιώτατα.“
988 1036 1150 1092 Ξέρξης
1181 1035 1226 1079 δὲ
1255 1035 1368 1090 πρὸς

88 1104 227 1146 ταῦτα
277 1100 476 1160 ἀμείβετο
521 1105 686 1147 τοῖσδε·

743 1103 981 1159 ,,Δαιμόνιε
1019 1103 1199 1157 ἀνδρῶν
1210 1137 1221 1157 ,
1263 1108 1364 1146 κοῖα

38 1198 45 1203 2
90 1174 254 1223 ,,ταῦτα
292 1172 428 1227 λέγεις
469 1170 581 1215 εἶναι
623 1170 704 1215 δύο
734 1188 810 1227 μοι
846 1172 1172 1228 πολεμιώτατα,
1202 1170 1363 1226 κότερά

92 1256 187 1291 ,,τοι
217 1238 241 1283 ὁ
271 1239 399 1293 πεζὸς
430 1240 619 1296 μεμπτὸς
648 1239 757 1283 κατα
778 1239 826 1284 τό
859 1240 1028 1298 πλῆθός
1068 1240 1180 1294 ἐστι,
1212 1240 1286 1283 καὶ
1314 1238 1419 1282 τὸ95

89 1307 375 1365 ,ξΕλληνικὸν
407 1309 653 1365 στράτευμα
683 1311 887 1365 φαίνεται
926 1308 1256 1364 πολλαπλήσιον
1276 1307 1363 1352 ἔσε-

90 1381 222 1427 ,,σθαι
258 1380 339 1420 τοῦ
378 1377 618 1434 ἡμετέρους
669 1377 698 1434 ἦ
726 1378 776 1422 τὸ
815 1376 1027 1422 ναυτικόν
1061 1376 1111 1420 τὸ
1153 1375 1363 1433 ἡμέτερον

26 1552 90 1588 ius
127 1552 213 1589 loco
244 1550 426 1603 equidem
448 1563 538 1588 cum
560 1551 694 1600 Gaisf„

28 1609 214 1659 probante
225 1607 484 1660 Schweigh.,e
505 1609 697 1645 Saucrofti

28 1666 126 1703 libro
146 1668 299 1717 reposui
319 1664 487 1717 διαιρέαι
500 1695 509 1713 ,
530 1666 644 1715 plane
654 1672 697 1703 ut

29 1722 110 1770 VII,
142 1722 196 1763 50
223 1724 306 1760 init.
338 1723 392 1764 52
428 1722 596 1773 φοβέαι,
629 1724 697 1759 ubi

29 1777 130 1816 hanc
158 1780 364 1817 lectionem
402 1780 483 1830 ipse
520 1778 694 1817 exhibuit

29 1833 227 1873 Matthiae.
278 1834 436 1872 Bekker
456 1837 611 1873 retinuit
633 1837 694 1875 δι-

31 1890 192 1943 αιρέεαι,
221 1892 287 1929 sed
307 1893 389 1939 VII,
413 1892 466 1932 52
489 1891 593 1929 dedit
617 1907 695 1942 φο-

28 1947 130 1999 βέαι.
188 1948 251 1986 Ad
288 1949 395 1986 verbi
430 1949 600 2000 διαιρεῖν
620 1962 695 1985 no-

27 2007 175 2042 tionem
201 2005 302 2043 conf.
334 2004 383 2042 ad
417 2006 496 2053 VII,
531 2008 581 2045 16
609 2007 647 2050 ξ.
669 2008 694 2046 3

28 2063 152 2099 allata.
166 2085 223 2090 —-
243 2064 287 2098 In
307 2063 483 2113 proxime
504 2075 612 2113 seqq.
633 2075 695 2098 re-

26 2120 125 2156 tinui
146 2116 408 2170 μεμνεώμεθα
429 2120 477 2156 ob
489 2120 695 2155 meliorum

30 2175 141 2214 codd.
163 2177 441 2214 auctoritatem.
471 2177 597 2227 Vulgo
626 2190 697 2226 με-

30 2228 226 2284 μνώμεθα
256 2246 345 2270 cum
377 2231 550 2271 Eustath.
577 2232 626 2270 ad
645 2233 691 2269 Il.

29 2302 117 2340 pag·
137 2292 231 2337 767,
253 2292 304 2331 36
320 2303 350 2327 S.
373 2289 467 2338 674,
493 2293 529 2330 1.

82 2345 229 2396 χρηστοὶ
283 2345 434 2397 ἔχοντες
477 2342 690 2398 πρήγματα

26 2400 69 2440 ἐν
101 2402 250 2451 χερσί.]
305 2405 363 2439 De
394 2402 465 2440 hac
496 2405 689 2440 locutione

26 2458 129 2496 conf.
150 2459 229 2495 citt.
250 2458 299 2495 ad
326 2461 408 2507 Vll,
434 2462 484 2501 16
506 2462 543 2506 ξ.
565 2464 605 2502 3.
643 2461 689 2497 In

27 2528 135 2567 seqq.
171 2514 219 2552 ad
239 2528 376 2552 vocem
397 2514 564 2568 ἐναργής
586 2518 687 2556 conf.

28 2578 122 2609 nott.
144 2570 193 2608 ad
213 2571 258 2618 V,
281 2571 349 2612 55.
391 2574 513 2610 Panlo
533 2573 690 2611 inferius

30 2629 190 2665 verbum
228 2630 412 2667 τελευτᾶν
452 2628 499 2666 de
547 2632 691 2668 somniis

29 2683 185 2731 dicitur,
240 2697 338 2736 quae
376 2690 503 2722 exeunt
541 2699 572 2723 s.
601 2699 691 2736 quae

30 2741 256 2791 complentur,
287 2749 329 2779 ut
348 2743 413 2789 111,
440 2741 532 2783 125.

87 2793 173 2838 οὐδ’
199 2795 310 2845 ἐντός
340 2797 539 2850 ἐμεωυτοῦ
550 2799 569 2848 ]
600 2798 626 2838 i.
655 2812 690 2839 e.

751 1565 814 1590 nec
837 1554 925 1590 satis
944 1554 1013 1589 mei
1040 1564 1116 1588 sum
1138 1563 1285 1601 compos.
1342 1549 1420 1585 Eo·
1494 1597 1498 1601 .

754 1609 844 1647 dem
872 1608 990 1646 modo
1025 1610 1161 1646 Noster
1190 1608 1338 1644 locutus
1366 1613 1421 1644 est

751 1668 781 1715 1,
817 1669 910 1708 119.
959 1664 1064 1703 Add.
1095 1662 1347 1702 Demosthen.
1378 1663 1420 1699 in

751 1723 980 1761 Phormion.
1021 1737 1061 1774 p.
1102 1723 1183 1762 913
1220 1718 1350 1758 Reisk.
1382 1726 1420 1756 et

750 1780 889 1818 Suidas
919 1794 951 1821 s.
980 1793 1017 1818 V.
1047 1775 1172 1826 ε’ντός.
1230 1778 1317 1813 Alia
1347 1775 1418 1813 da-

749 1838 805 1874 bit
833 1835 1052 1874 Blomfield.
1087 1836 1128 1871 in
1162 1835 1328 1871 Glossar.
1369 1831 1419 1869 ad

749 1892 931 1945 Aeschyl.
962 1890 1180 1942 Choephor.
1201 1893 1298 1931 227.
1318 1890 1417 1927 Ver-

750 1952 846 1987 bum
885 1947 1138 2000 ἕπιλὲγεσθαι
1165 1959 1278 1984 secum
1314 1959 1417 1997 repu—

747 2007 854 2045 tandi
864 2037 873 2054 ‚
907 2005 1160 2044 considerandi
1177 2005 1335 2041 notione
1355 2010 1415 2040 at-

746 2065 901 2115 tigimus
922 2062 971 2100 ad
992 2063 1036 2110 V,
1059 2065 1127 2103 30.
1165 2062 1230 2110 VI,
1252 2062 1292 2101 9.

936 2187 1028 2239 Cap.
1050 2187 1222 2224 XLVIII.

802 2285 1026 2341 Δαιμόνιε]
1054 2287 1143 2329 Vid.
1162 2295 1259 2326 nott.
1281 2286 1330 2326 ad
1349 2289 1414 2336 IV,

748 2349 843 2388 126.
918 2348 1013 2384 Mox
1052 2359 1072 2383 e
1115 2346 1282 2383 Florent.
1323 2359 1413 2383 cum

747 2402 960 2441 Gaisfordio
981 2403 1082 2440 edidi
1103 2398 1206 2442 εἶναι
1231 2398 1306 2442 δύο
1330 2418 1412 2453 μοι,

745 2462 813 2498 ubi
832 2462 999 2513 reliquae
1011 2459 1098 2498 edd.
1113 2475 1181 2510 μοι
1202 2456 1304 2499 εἶναι
1324 2455 1413 2499 δύο.

745 2517 810 2555 Ad
844 2531 983 2556 vocem
1009 2513 1311 2566 πολλαπλήσιον
1333 2514 1411 2552 vid.

746 2581 843 2614 nott.
874 2574 923 2612 ad
952 2575 999 2623 V,
1019 2573 1074 2616 45
1101 2581 1137 2610 et
1165 2573 1212 2610 de
1243 2573 1411 2623 genitim

746 2633 819 2670 τοῦ
839 2629 1046 2683 ἡμετέρου,
1068 2631 1134 2682 qni
1155 2629 1410 2680 subsequitur,

745 2687 883 2726 Matth.
912 2689 980 2725 Gr.
1009 2689 1076 2724 Gr.
1113 2687 1151 2731 ᾧ.
1190 2686 1271 2726 356
1322 2697 1410 2734 pag.

748 2747 843 2784 670.
886 2745 1034 2782 Vocem
1054 2739 1216 2794 ἄγερσιν
1237 2742 1344 2792 attigi
1365 2739 1413 2777 ad

746 2801 827 2848 VII,
850 2799 890 2841 5.
