1815 3181
58 290 185 326 gantos,
209 294 276 313 eum
293 286 318 312 is

77 321 121 347 uis
147 320 239 347 solius
261 319 332 346 viri-

59 329 333 392 Imsparumfide-

57 392 115 423 ret,
140 388 268 428 Αῐῑιηιὴι
267 396 308 414 rn
311 387 336 414 is

61 425 101 458 [0-
108 410 153 448 '52
156 423 178 455 ]
201 430 258 456 οι8
243 429 290 448 8111

59 464 151 490 exspo
139 464 223 482 secer
242 455 286 481 iu-

58 492 94 517 be
98 494 151 516 utu
134 498 177 516 ur.
215 489 280 522 Quo
265 487 302 514 od

58 533 77 551 ιι
69 523 161 557 negoti
166 531 213 549 um
235 521 299 548 Ari*

58 562 143 590 stage
128 565 197 583 osra
214 555 269 582 siib
273 558 333 582 met

58 591 119 626 ipsi
135 590 244 625 imponi
262 597 331 625 pas-

387 168 443 207 46

782 161 1247 198 HERODOTI

395 272 420 316 ὁ
454 270 777 327 Μολπαγόρεω,
816 268 1010 325 γαμβρός
1038 286 1082 313 τε
1110 269 1197 313 ἔων
1224 269 1297 313 καὶ
1327 268 1506 321 άνεψιός
1529 271 1647 312 Ἱστι-

393 344 495 384 αίου
532 343 611 383 τοῦ
642 335 928 392 Λυσαγόρεω,
966 335 1044 381 τὸν
1079 338 1103 381 ὁ
1134 342 1324 393 Δαρεῖος
1360 338 1406 381 ἐν
1434 338 1648 381 Σούσοισι

364 413 572 463 3κατεῖχε.
615 405 638 449 ὁ
667 423 750 461 γαρ
777 404 973 457 Ἱστιαῖος
1001 404 1217 460 τύραννος
1246 409 1301 462 ἠν
1330 406 1543 462 Μιλήτου,
1573 405 1647 449 καὶ

393 475 594 531 ἐτύγχανε
623 477 785 516 τοῦτον
811 472 886 517 τὸν
915 471 1076 528 χρόνον
1105 473 1204 517 ἔων
1220 473 1267 517 ἐν
1297 473 1537 526 Σούσοισι,
1574 472 1645 516 ὅτε

391 545 435 587 οἱ
463 542 621 593 Νάξιοι
661 536 828 596 ἦλθον,
872 542 1005 593 ξεῖνοι
1041 542 1146 597 πρὶν
1176 542 1320 594 ἐόντες
1352 546 1415 599 τῷ
1444 540 1643 599 Ἱστιαίῳ.

360 610 651 664 4άπικόμενοι
680 609 725 653 δὲ
755 611 799 653 οἱ
825 608 987 661 Νάξιοι
1015 608 1059 660 ἐς
1089 606 1173 666 τήν
1196 611 1420 666 Μίλητον,
1467 607 1640 652 ἐδέοντο
1659 613 1701 647 15

385 683 467 722 τοῦ
493 676 828 733 Ἀρισταγόρεω,
883 679 923 720 εἴ
948 693 1033 727 κως
1063 675 1234 722 αὐτοῖσι
1263 676 1483 733 παράσχοι
1513 675 1646 720 δυ’να-

386 748 461 802 μίν
499 763 615 797 τινα,
661 747 734 789 καὶ
771 744 1024 789 κατέλθοιεν
1069 746 1113 796 ἐς
1152 747 1231 802 τήν
1271 746 1459 789 ἑωυτῶν.
1519 742 1542 788 ὁ
1586 742 1647 794 δὲ,

358 813 688 869 5ἐπιλεξάμενος
718 813 777 865 ὥς
812 811 869 870 ἦν
906 810 966 855 δι’
1005 812 1172 856 ἑωυτοῦ
1211 814 1452 856 κατέλθωσι
1495 812 1537 863 ἐς
1567 811 1648 867 τὴν

386 881 514 925 πόλιν
546 881 664 938 ἄρξει
694 886 770 938 τῆς
801 879 976 932 Νάξου,
1017 885 1178 936 σκῆψιν
1205 883 1250 924 δὲ
1280 879 1541 935 ποιεύμενος
1569 877 1706 934 τὴνΞΟ

387 951 546 1006 ξεινίην
597 950 678 1006 τὴν
721 949 946 999 Ἱστιαίου,
1012 949 1137 993 τόνδε
1185 960 1264 1005 σφι
1313 948 1448 1005 λόγον
1491 947 1648 1002 προσέ-

355 1026 514 1073 ὀφερε·

553 1016 725 1071 ,,Αύτὸς
765 1018 844 1072 μὲν
879 1016 986 1072 ὑμῖν
1027 1016 1080 1060 ού
1117 1016 1357 1073 φερέγγυός
1399 1019 1484 1072 εἶμι
1515 1015 1647 1059 δύνα-

385 1103 488 1141 „mv
517 1085 732 1140 τοσαύτην
762 1090 1023 1141 παρασχεῖν,
1054 1084 1161 1128 ὥστε
1191 1084 1393 1140 κατάγειν
1424 1083 1647 1128 ἀεκόντων

385 1158 502 1207 „miv
530 1153 610 1210 τήν
637 1153 766 1196 πόλιν
795 1151 981 1209 ἐχόντων
1013 1154 1216 1206 Ναξίων·
1255 1151 1540 1208 πυνθάνομαι
1561 1149 1646 1207 γὰρ

331 1305 382 1341 Τ.
402 1305 456 1341 ΠΙ
475 1317 513 1355 p.
536 1303 589 1345 64
605 1310 641 1340 et
651 1303 793 1339 Pollux
811 1303 878 1350 111,
895 1304 987 1342 109.

329 1361 394 1409 VI,
436 1362 528 1401 197.
592 1358 708 1411 Apud
745 1357 990 1396 Athenaeum

331 1419 417 1455 loco
445 1430 539 1453 mox
568 1415 761 1454 laudando
788 1415 906 1452 iidem
927 1414 989 1451 di·-

332 1482 471 1511 cuntur
502 1474 543 1512 οἱ
563 1471 740 1525 εὔποροι.
798 1474 864 1509 Tu
886 1472 987 1509 conf.

331 1538 525 1582 praeterea
555 1530 602 1567 de
632 1530 704 1567 hac
731 1543 825 1566 voce
846 1527 989 1565 Herod.

331 1589 377 1636 V,
408 1590 474 1628 77.
505 1588 568 1634 VI,
598 1590 647 1627 21
678 1587 808 1638 ibique
826 1587 988 1623 Wesse-

331 1646 425 1694 ling.
455 1645 518 1691 VI,
549 1646 615 1684 91.
636 1644 716 1691 VII,
742 1643 833 1684 156.
856 1641 987 1680 Schol.

332 1700 381 1738 ad
391 1699 584 1752 Aristoph.
595 1701 695 1752 qu.
710 1698 831 1740 1045.
849 1701 986 1736 Blom-

332 1757 434 1794 field.
454 1759 494 1793 iu
515 1758 678 1795 Glossar.
698 1755 878 1807 Aeschyl.
900 1757 986 1793 S.c.

331 1813 458 1852 Theb.
496 1817 578 1855 769
620 1813 773 1862 [771].
818 1812 989 1851 Wachs-

330 1869 454 1908 muth.
476 1872 625 1907 Hellen.
657 1868 935 1907 Alterthumsk.
957 1870 987 1917 I,

331 1931 358 1968 2
378 1941 464 1978 pag.
487 1926 582 1968 440.
640 1925 878 1976 Molpagoras
898 1927 987 1979 qui-

332 1984 422 2021 dam
459 1983 561 2034 apud
595 1981 788 2019 Plutarch.
827 1985 864 2019 H
899 1995 988 2034 pag.

336 2040 414 2080 147
435 2042 479 2086 B,
501 2041 566 2076 ubi
585 2040 686 2076 conf.
708 2052 730 2075 a
752 2039 823 2076 Cr.
845 2042 991 2076 excita-

332 2104 418 2133 tum
454 2094 732 2147 Wytteubach.
767 2108 856 2145 pag.
895 2098 989 2135 917.

333 2175 389 2180 —
419 2153 620 2189 Caeterum
648 2152 811 2188 similem
832 2152 910 2187 fere
929 2164 992 2187 se-

334 2209 540 2257 ditionem,
586 2221 682 2260 quae
715 2209 992 2258 quinquaginta

334 2267 481 2302 circiter
501 2272 587 2301 aute
608 2265 714 2301 annis
735 2265 888 2300 Naxum
909 2264 992 2313 agi-

336 2324 439 2369 tavit,
461 2323 585 2358 retulit
595 2335 642 2357 ex
655 2322 855 2357 Aristotele
871 2318 990 2356 Athe-

335 2392 452 2416 naeus
482 2379 580 2425 VIII,
610 2378 664 2418 40
695 2391 732 2427 p.
765 2379 845 2417 348
886 2378 931 2413 B.
960 2389 991 2412 s.

334 2448 422 2486 pag.
438 2434 510 2475 141
528 2448 606 2486 seq.
620 2434 798 2484 fragmm,
820 2434 994 2470 Aristott.

337 2492 397 2528 ed.
426 2493 642 2528 Neumann.
674 2512 730 2517 —-
767 2489 830 2526 Ad
856 2502 991 2527 vocem

337 2548 547 2599 ἐπίτροπος
569 2548 670 2585 conf.
690 2547 770 2594 Vll,
796 2549 862 2587 62.

394 2606 433 2644 εἴ
440 2619 517 2652 κως
531 2601 684 2644 αὐτοῖσι
703 2599 897 2654 παράσχοι
919 2598 993 2641 δυ’-

338 2663 459 2712 ναμίν
486 2677 573 2700 τινα
603 2660 670 2700 καὶ
701 2658 931 2698 κατέλθοιεν
953 2657 993 2704 ἐς

337 2733 412 2768 την
436 2718 619 2766 ἑωυτῶν]
649 2717 873 2766 Elegantem
903 2716 996 2752 Val-

338 2774 385 2812 ck
391 2776 529 2811 enaerii
540 2776 809 2820 coniecturam,
821 2771 896 2824 quit
906 2786 995 2811 τινα

1043 1308 1213 1338 mutetur
1240 1303 1282 1338 in
1312 1301 1399 1350 ἵνα,
1443 1308 1480 1338 et
1519 1301 1731 1352 particula«

1044 1358 1112 1398 καὶ
1134 1360 1306 1395 eliciatur
1322 1388 1331 1406 ‚
1370 1365 1413 1395 ut
1441 1357 1503 1395 hic
1529 1358 1609 1394 fere
1628 1358 1704 1394 loci

1046 1417 1180 1452 existat
1206 1427 1358 1452 sensus:
1388 1415 1535 1452 velletne
1562 1415 1632 1452 sibi
1649 1427 1705 1451 co-

1041 1474 1124 1523 pias
1155 1473 1260 1519 dare,
1294 1475 1335 1509 ut
1366 1474 1405 1509 in
1427 1474 1586 1522 patriam
1618 1484 1701 1521 pos-

1045 1532 1121 1565 sent
1139 1530 1291 1576 restitui,
1312 1530 1453 1566 vellem
1471 1529 1559 1565 libri
1573 1528 1702 1578 scripti

1043 1586 1269 1636 probarent3
1292 1586 1427 1637 quibus
1446 1586 1572 1622 invitis
1588 1583 1704 1636 quid-

1045 1655 1163 1694 quam
1190 1644 1395 1678 immutare
1425 1655 1505 1678 non
1526 1640 1703 1678 audeam.

1042 1699 1248 1750 Vulgatam
1275 1700 1378 1735 enim
1404 1700 1457 1735 ita
1476 1700 1643 1749 accipio:
1672 1699 1707 1735 si

1046 1769 1117 1806 qua
1147 1757 1233 1805 ipsis
1260 1758 1439 1806 copiarum
1477 1755 1704 1806 aliquantum

1038 1813 1202 1863 praebere
1222 1816 1356 1863 posset,
1387 1812 1535 1863 indeque
1550 1810 1705 1862 ips-issa-

1044 1869 1159 1907 cultas
1179 1870 1285 1921 fleret
1306 1871 1466 1919 patriam
1498 1870 1538 1906 in
1573 1871 1706 1905 terram

1045 1926 1227 1964 redeundi.
1305 1928 1364 1962 De
1405 1926 1573 1976 optativo
1602 1924 1706 1962 conf.

1044 1981 1182 2020 Matth.
1216 1984 1282 2019 Gr.
1313 1984 1379 2020 Gr.
1411 1983 1449 2027 ς.
1471 1984 1548 2023 531
1573 1988 1653 2018 not.
1675 1983 1704 2022 2

1045 2052 1134 2090 pag.
1169 2042 1288 2079 1037.
1340 2038 1407 2076 Cr.
1436 2037 1484 2074 de
1513 2036 1586 2074 hoc
1618 2038 1704 2074 loco

1047 2095 1210 2132 conferri
1227 2095 1310 2131 vult
1329 2092 1518 2130 Addenda
1539 2092 1588 2130 ad
1602 2095 1705 2130 Mat-

1044 2150 1148 2188 thiae
1167 2151 1323 2187 Miscell.
1344 2149 1491 2201 philon.
1520 2161 1609 2200 pag.
1631 2149 1699 2191 84.

1045 2228 1102 2234 —-
1121 2208 1166 2242 In
1196 2219 1301 2258 seqq.
1323 2202 1599 2256 ἐπιλεξάμενος
1625 2212 1702 2243 est:

1046 2264 1109 2300 ubi
1127 2265 1305 2313 reputavit
1319 2275 1442 2311 secum,
1464 2269 1506 2299 ut
1526 2263 1555 2310 Ι,
1576 2265 1602 2303 7
1606 2265 1645 2304 8.
1656 2263 1703 2311 V,

1048 2322 1116 2361 80.
1136 2320 1199 2367 Vl,
1221 2321 1260 2360 9.
1281 2321 1333 2360 86
1356 2321 1442 2364 §.1.
1462 2318 1702 2366 V11,47.52.

1105 2371 1154 2414 ου’
1174 2372 1386 2428 φερέγγυός
1406 2376 1503 2427 εἰμι]
1534 2377 1560 2413 i.
1582 2389 1615 2413 e.
1632 2389 1703 2413 non

1048 2435 1137 2469 satis
1155 2432 1296 2469 idoneus
1316 2446 1346 2469 s.
1363 2445 1433 2482 par
1454 2445 1530 2469 sum
1553 2431 1603 2469 ad
1622 2435 1703 2469 tan-

1048 2492 1106 2525 tas
1130 2489 1349 2538 praebendas
1377 2491 1507 2540 copias.
1566 2487 1704 2526 Suidas

1046 2543 1141 2581 haec
1161 2547 1249 2582 citat
1268 2559 1298 2582 s.
1310 2559 1346 2583 v.
1368 2545 1417 2582 T.
1429 2547 1483 2582 III
1502 2557 1596 2613 pag.
1609 2543 1703 2592 592,

1047 2602 1112 2638 ubi
1125 2600 1340 2669 φερέγγυος
1351 2603 1561 2653 explicatur
1571 2596 1706 2650 ἄσφα-

1048 2654 1121 2707 λὴς
1139 2686 1150 2704 ,
1216 2654 1440 2705 άξιὸπιστος
1499 2652 1705 2710 ἕγγυητης.

1050 2715 1182 2751 Glossa
1203 2713 1441 2752 Herodotea.
1474 2712 1701 2766 φερέγγυος·

1050 2768 1284 2822 βεβαιωτής.
1358 2772 1462 2808 Allos
1500 2771 1604 2807 locos
1653 2767 1702 2806 de
