1851 3181
440 208 525 249 526

441 316 657 370 ,,κω’τατοι
695 313 774 369 μέν
809 330 895 357 νυν
936 312 1185 369 γινόμενοι,
1241 312 1372 358 οὐδὲν
1408 312 1565 370 κέρδος
1599 313 1709 370 μέγα
1764 319 1846 364 535

847 204 1308 243 HERODOTI

443 384 573 442 ,,ἡμΐν
602 380 948 438 προσβάλλουσι·
983 382 1250 426 δικαιότατοι
1279 383 1325 426 δὲ
1353 381 1590 438 γινόμενοι,
1621 379 1709 425 οἷοί

445 469 516 506 „vs
531 451 808 508 δηλήσασθαι
835 449 1030 505 μεγάλως
1056 449 1138 507 τήν
1168 450 1249 506 σήν
1266 449 1471 506 στρατιὴν
1500 451 1711 506 γίνονται.

412 519 548 573 5,,Ἐς
577 519 726 575 θυμὸν
759 513 820 561 ὧν
849 521 983 574 βαλεῦ
1013 519 1087 562 καὶ
1116 517 1165 561 τὸ
1195 517 1384 562 παλαιὸν
1413 519 1538 569 ἔπος,
1569 514 1629 568 ὦς
1656 511 1707 560 εὖ

443 590 659 644 ,,εἰ’ρηται,
715 586 764 629 τό
804 585 861 642 μή
892 585 979 642 ἅμα
1012 585 1123 643 άρχῇ
1162 590 1251 629 πᾶν
1278 586 1401 637 τέλος
1443 585 1769 640 καταφαίνε-7Ο

315 664 380 709 52
440 661 615 708 ,,σθαι.“
672 654 903 711 Ἀμείβεται
932 655 1042 709 πρὸς
1071 658 1209 698 ταῦτα
1225 652 1409 710 Ξέρξης·
1439 651 1710 709 ,,Ἀρτάβανε,

439 728 555 777 „miv
586 722 817 780 ἀπεφήναο
847 724 1057 780 γνωμέων
1079 722 1292 779 σφάλλεαι
1319 720 1431 765 κατὰ
1461 720 1627 777 ταύτην
1656 719 1710 776 δή

440 791 675 850 ,,μάλιστα,
705 790 918 843 ὃςἼωνας
949 788 1107 846 φοβέαι
1136 788 1194 846 μὴ
1224 789 1526 846 μεταβάλωσι·
1557 791 1645 832 τῶν
1673 787 1769 832 «ξ’-75

441 877 600 917 ,,χομεν
629 864 784 916 γνῶμα
814 859 1038 915 μέγιστον,
1084 862 1173 901 τῶν
1203 857 1258 901 σύ
1290 875 1335 902 τε
1366 859 1532 913 μάρτυς
1560 857 1713 912 γίνεαι,

443 929 544 981 „uoci
577 929 620 971 οἱ
652 925 1080 982 συστρατευσάμενοι
1116 928 1292 984 Δαρείῳ
1331 925 1455 971 ἄλλοι
1490 925 1559 968 ἐπὶ
1588 922 1713 968 Σκύ-

440 1002 577 1049 ,,θας,
609 995 675 1039 ὅτι
705 995 773 1039 ἐπὶ
802 994 1045 1051 τούτοισιὴ
1076 993 1397 1050 πᾶσαΠερσική
1428 992 1604 1049 στρατιή
1625 991 1713 1048 ἐγέ-

442 1081 582 1118 ,,νετο,
615 1066 871 1119 διαφθεῖραι
896 1063 969 1107 καὶ
998 1065 1300 1124 περιποιῇσαι,
1344 1063 1388 1104 οἱ
1417 1061 1464 1105 δὲ
1493 1057 1714 1104 δικαιοσύ-

443 1150 553 1189 ,.,νην
583 1133 656 1176 καὶ
686 1133 920 1188 πιστότητα
947 1130 1187 1182 ἐνέδωκαν,
1221 1129 1349 1186 ἄχαρι
1381 1129 1426 1172 δὲ
1457 1128 1599 1173 οὐδέν.
1634 1126 1714 1171 πά-

413 1203 543 1256 9.,ρεξ
573 1201 618 1244 δὲ
646 1200 829 1249 τούτου,
859 1199 906 1242 ἐν
938 1202 991 1256 τῇ
1021 1198 1205 1255 ἡμετέρῃ
1236 1196 1554 1247 καταλιπόντας
1583 1196 1713 1239 τέκνα
1726 1203 1769 1236 80

441 1287 512 1323 ,,τε
541 1269 614 1314 καὶ
643 1272 856 1324 γυναῖκας
874 1267 949 1309 καὶ
967 1268 1177 1322 χρήματα,
1209 1263 1302 1309 οὐδ’
1334 1265 1606 1320 ἐπιλέγεσθαι
1632 1262 1712 1320 χρὴ

412 1334 688 1390 3,,νεώτερόν
725 1353 767 1379 τι
806 1334 1020 1391 ποιήσειν.

1085 1333 1209 1377 Οὕτω
1250 1333 1359 1389 μῃδὲ
1399 1336 1531 1375 τοῦτο
1563 1330 1717 1388 φοβέο,

441 1403 578 1458 „omen
595 1403 745 1461 θυμόν
779 1403 888 1460 ἔχων
909 1401 1093 1458 ἀγαθὸν,
1125 1405 1231 1455 σῶζε
1262 1399 1385 1446 οἶκόν
1414 1416 1460 1444 τε
1484 1399 1564 1444 τὸν
1594 1398 1714 1456 ἐμόν,

444 1574 564 1619 οὐδὲν
616 1576 757 1630 κέρδος
807 1573 905 1628 μέγα
950 1573 1050 1626 ἡμῖν

355 1652 358 1656 ·
385 1631 703 1689 προσβάλλουσι]
721 1634 746 1671 i.
764 1645 797 1669 e.
813 1645 881 1669 non
901 1633 1049 1669 multum

386 1694 481 1730 lucri
497 1707 526 1730 s.
555 1692 726 1729 utilitatis
746 1688 914 1740 adserunt
936 1690 1049 1726 nobis.

387 1750 512 1787 Simili
551 1748 669 1786 modo
699 1748 892 1784 invenitur
927 1757 1048 1797 προσ-

387 1803 547 1858 βάλλειν
567 1808 596 1853 Ι,
622 1807 715 1846 136.
736 1803 799 1850 VI,
821 1805 887 1844 70.
937 1801 1050 1848 Quod

386 1865 557 1915 sequitur
586 1861 626 1908 ἐς
654 1857 793 1911 θυμόν
814 1860 948 1912 βαλεῦ,
971 1862 1051 1897 ani-

386 1934 439 1957 mo
476 1922 594 1969 cogita
621 1931 664 1956 ac
691 1921 802 1955 tecum
822 1919 968 1966 reputa,
1001 1929 1050 1953 ex

384 1978 545 2013 Homeri
577 1976 790 2012 imitatione
819 1973 972 2010 fluxisse
991 1974 1052 2010 vi-

386 2033 513 2081 detur,
554 2039 596 2069 ut
617 2031 696 2069 dixi
717 2030 765 2068 ad
784 2032 814 2078 1,
837 2028 903 2072 84.
947 2029 1050 2067 Add.

384 2091 484 2137 VIII,
508 2091 561 2130 68
580 2089 644 2126 fin.
658 2086 837 2139 Aeschyl.
854 2085 1050 2124 Prometh.

385 2148 463 2186 731
486 2146 615 2197 ibique
626 2143 843 2182 Blomfield.
864 2158 902 2195 p.
916 2145 983 2185 50.
998 2167 1049 2172 —-

384 2202 709 2251 καταφαίνεσθαι
732 2201 920 2252 significat
940 2214 1051 2252 appa-

385 2271 471 2306 rere,
492 2265 534 2296 ut
554 2260 583 2307 1,
607 2258 674 2299 58.

625 2347 718 2398 Cap.
738 2347 820 2385 LII.

445 2425 491 2474 ὃς
531 2424 703 2478 φοβέαι]
737 2423 884 2475 φοβέαι
917 2437 938 2460 e
959 2425 1049 2460 Flo-

386 2491 483 2523 tent.
506 2491 542 2521 et
563 2483 755 2521 Sancrofti
775 2483 870 2518 libro
888 2494 955 2531 pro
970 2495 1049 2530 ‹po-

386 2539 506 2592 βέεαι.
565 2540 676 2577 Conf.
697 2539 778 2586 Vll,
801 2537 869 2578 47.
898 2539 959 2573 Ex
981 2550 1049 2574 eo-

387 2598 476 2634 dem
508 2598 730 2634 Florentiuo
761 2607 916 2646 unoque
938 2595 1047 2630 Pari-

385 2656 468 2692 sino
500 2654 646 2691 editum
693 2647 942 2704 μεταβάλωσι
979 2664 1047 2701 pro

387 2712 492 2762 vulg.
515 2705 798 2762 μεταβάλλωσι,
822 2707 923 2760 quod
953 2708 1047 2744 Mat-

387 2766 487 2804 thiae
506 2769 672 2805 retinuit.
704 2769 842 2818 γνῶμα
871 2771 925 2801 est
955 2765 1049 2801 incli-

387 2827 497 2873 cz'um,
548 2825 805 2871 documentum,
845 2823 1048 2873 interprete

1107 1575 1380 1626 Wesselingio,
1403 1574 1468 1626 qui
1488 1569 1771 1624 citatSophocl.

1107 1630 1292 1669 Trachin.
1324 1631 1405 1671 599
1430 1630 1542 1679 [594‚
1571 1631 1639 1667 ubi
1667 1628 1770 1666 conf.

1105 1688 1267 1726 Wakef.
1287 1686 1389 1724 Add.
1410 1685 1594 1724 Abresch.
1621 1685 1670 1723 ad
1689 1686 1771 1721 Ae·-

1105 1744 1224 1797 schyl.
1245 1746 1477 1795 Agamemn.
1502 1745 1607 1784 1323
1637 1742 1771 1779 Blom-

1105 1802 1227 1850 field]
1261 1809 1298 1838 et
1307 1798 1532 1838 ·Aretaeum*
1553 1798 1773 1850 Cappadoc.

1104 1858 1389 1905 Morb.Acut.l‚
1404 1861 1423 1897 1
1447 1857 1514 1894 fin.
1533 1879 1583 1884 —
1605 1858 1651 1892 In
1665 1868 1772 1908 seqq.

1106 1915 1156 1953 ad
1170 1916 1431 1953 locutionem:
1454 1912 1519 1953 ἐπὶ
1538 1908 1772 1952 τούτοισι-

1105 1994 1161 2002 -
1184 1971 1333 2025 ἐγένετο
1366 1971 1468 2008 conf.
1498 1976 1595 2009 nott.
1619 1968 1669 2006 ad
1686 1969 1770 2017 VII,

1109 2032 1161 2070 10
1179 2031 1216 2075 §.
1233 2032 1257 2070 3
1270 2035 1306 2066 et
1319 2027 1365 2065 de
1376 2027 1581 2074 infinitivis,
1602 2027 1668 2078 qui
1677 2026 1771 2063 sub-

1106 2093 1339 2138 sequuntur,
1382 2083 1518 2122 matth.
1546 2084 1614 2121 Gr.
1643 2084 1710 2120 Gr.
1731 2096 1769 2133 p.

1111 2145 1232 2184 1295.
1254 2143 1297 2180 C.
1318 2140 1510 2179 Eichhoff.
1525 2137 1717 2178 Vei-suche
1737 2152 1773 2176 z.

1106 2198 1392 2237 wissenschaftl.
1433 2195 1699 2247 Begriindung
1734 2194 1774 2232 d.

1109 2255 1260 2292 Griech.
1303 2255 1466 2307 Syntax.
1500 2255 1530 2301 I,
1571 2252 1587 2301 (
1607 2251 1771 2290 Crefeld.

1110 2313 1237 2361 1831)
1259 2325 1346 2362 pag·
1377 2314 1443 2352 33.
1474 2308 1674 2350 ἐνέδωκαν
1703 2321 1773 2346 va-

1107 2369 1180 2405 let:
1207 2369 1470 2419 praebuerunt,
1506 2368 1770 2418 praestiterunt.

1105 2426 1163 2461 De
1197 2438 1291 2462 voce
1323 2422 1442 2478 ἄχαρι
1470 2423 1557 2462 vide
1588 2424 1702 2462 citata
1721 2420 1770 2459 ad

1105 2482 1186 2530 VII,
1208 2484 1261 2524 50
1288 2481 1356 2520 fin.

1161 2590 1288 2645 πάρεξ
1309 2591 1351 2633 δὲ
1366 2589 1531 2642 τούτου]
1555 2593 1611 2632 Cf.
1623 2590 1769 2631 Schne-

1105 2651 1175 2691 fer.
1205 2651 1253 2688 ad
1283 2653 1444 2702 Gregor.
1478 2648 1648 2687 Corinth.
1679 2659 1768 2698 pag.

1105 2711 1174 2749 21.
1231 2709 1400 2745 Verbum
1433 2705 1680 2758 ἐπιλέγεσθαι
1711 2710 1769 2740 at-

1106 2765 1175 2815 tigi
1209 2764 1257 2801 ad
1288 2766 1331 2812 V,
1363 2768 1416 2805 30
1458 2770 1494 2800 et
1534 2762 1767 2800 locutionem

1107 2817 1300 2873 νεώτερόν
1317 2836 1352 2860 τι
1374 2815 1559 2871 ποιήσειν
1581 2817 1630 2855 ad
1641 2817 1688 2865 V,
1702 2818 1767 2858 19.
