1789 3213
444 229 531 266 ET
589 228 1094 266 CORRIGENDA.
1429 230 1510 269 819

255 338 341 372 dam.
412 336 489 372 vid.
537 336 697 370 Michaud
746 335 1044 381 Corroepondance
1080 335 1247 370 d'Orient.
1288 335 1331 369 T.
1375 336 1390 369 1
1433 349 1511 382 pag.

37 429 89 464 Ad
112 429 171 473 vl,
196 431 241 466 82
255 386 434 474 ἶόοὲθὲἓὶ)
457 427 519 460 col.
546 427 605 461 alt.
629 426 686 461 lin.
710 428 732 463 5
755 426 796 460 ab
813 426 873 460 inf.
921 426 972 460 De
983 427 1046 461 hac
1058 426 1244 471 particulae
1263 421 1310 459 ἄν
1334 426 1509 460 omissione

255 478 414 509 accurate
440 472 511 516 egit
534 473 733 506 Stallbaum.
758 472 800 505 ad
828 472 1153 506 Platon.’Phaedon.
1198 484 1231 516 p.
1264 471 1418 516 4oseq.‚
1451 473 1509 506 ubi

254 524 347 554 recte
371 519 537 559 observat,
571 529 636 551 non
658 518 746 562 apud
770 521 888 562 poetas
909 524 1039 551 tantum
1062 517 1120 551 sed
1144 517 1245 551 etiam
1268 518 1356 561 apud
1380 518 1509 551 solutae

252 564 415 599 orationis
442 563 626 606 scriptores
649 563 755 597 omitti
770 573 871 607 posse
896 558 962 596 6221:
986 575 1051 607 quo
1075 563 1118 596 de
1139 574 1201 596 usu
1225 568 1260 595 et
1282 563 1315 596 h.
1340 563 1362 596 l.
1386 569 1421 596 et
1443 564 1505 607 IV,

257 612 332 645 196.
357 610 382 648 Ι,
409 611 451 644 19
477 609 550 644 (ubi
574 607 661 652 πρὶν
685 604 707 651 ἢ
732 612 894 653 sequente
919 608 1126 643 coniunctim
1151 608 1222 640 sine
1247 603 1311 651 ὃὶν)
1337 609 1473 642 excitat.

34 655 88 690 Ad
112 656 172 698 VI,
195 657 238 691 85
263 667 341 701 pag.
366 655 435 689 345
473 654 530 688 lin.
562 656 596 689 7.
641 651 885 698 πανώλεθρον
913 651 1039 687 κακόν.
1088 653 1138 687 Ad
1162 653 1375 687 ‘locutionem
1418 656 1505 690 conf.

250 700 402 743 Aeschyl.
427 701 464 733 S.
489 713 516 733 c.
545 700 708 734 Theb.7l
734 699 847 744 ibique
871 698 1054 733 Blomfield.
1079 700 1111 732 in
1136 699 1290 733 Glossar.

35 746 88 780 Ad
110 746 172 788 VI,
194 747 239 781 86
261 758 339 791 pag.
355 747 422 781 347
444 745 502 778 lin.
529 748 560 779 1.
607 745 825 788 Participiuin
860 742 1054 791 ἱκνευμένῳ
1089 745 1213 789 Negris
1245 749 1337 778 recte
1369 744 1505 790 exponit

236 789 488 836 προσήκοντι,
513 788 702 833 πρέποντι,
727 787 925 835 (ὁρισμένῳ.

33 837 86 871 Ad
111 837 168 880 VI,
191 839 236 874 86
259 840 291 879 ἓ.
320 840 335 871 1
360 848 439 882 pag.
463 836 530 871 348
554 836 611 869 lin.
639 839 670 870 1.
719 831 759 875 ὃς
795 832 826 869 δ’
867 832 919 869 ἂν
955 833 1043 879 ἔχων
1067 848 1098 869 κ.
1123 848 1154 869 τ.
1179 837 1208 870 λ.
1257 835 1354 869 Hunc
1387 838 1503 878 locum,

249 883 338 928 quod
371 894 449 915 sane
480 881 629 921 mireris,
656 881 780 921 affert,
804 883 959 925 neglecta
983 883 1101 915 vocula
1126 878 1184 919 ἒὶν,
1210 881 1376 925 Hartung.
1395 881 1504 914 Lehre

250 939 284 962 v.
297 928 329 961 d.
357 929 420 962 Gr.
445 927 575 962 Partik.
600 927 632 960 Il
657 939 689 972 p.
715 928 792 961 298.
839 930 884 960 At
914 927 1067 972 equidem
1093 939 1156 961 non
1182 927 1344 971 intelligo,
1369 937 1433 972 quo
1445 938 1505 959 no-

248 973 337 1007 mine
361 974 415 1007 hle
437 973 601 1018 particula
625 969 672 1005 ἂν
697 972 808 1006 omitti
832 972 948 1016 possit.

31 1019 82 1053 Ad
106 1019 168 1062 VI,
192 1020 236 1054 88
258 1031 337 1064 pag.
360 1020 428 1054 352
451 1018 504 1050 lin.
519 1021 551 1054 8.
599 1018 697 1057 Quod
723 1023 800 1062 post
824 1016 964 1052 ἑωυτοῦ
989 1017 1177 1051 Lar-cheros
1200 1017 1302 1050 inseri
1326 1017 1398 1050 vult
1423 1028 1501 1049 ver-

246 1065 324 1097 bum
360 1061 562 1106 ἐπράξατο,
598 1063 633 1096 id
665 1065 783 1097 merito
815 1063 981 1107 improbat
1004 1064 1140 1107 Negti&
1175 1075 1305 1096 sensum
1328 1063 1396 1096 loci
1415 1063 1501 1096 hunc

245 1122 321 1143 esse
342 1116 456 1143 ratus:
495 1108 805 1163 ἃυσᾳρεστῃμένος
839 1107 913 1143 ἀπὸ
948 1107 1036 1147 τοὺς
1069 1107 1260 1153 Αἰγινήτας
1292 1107 1388 1143 διότι
1412 1120 1502 1152 προ-

246 1152 433 1199 λαβόντως
456 1153 522 1188 τὸν
548 1158 644 1197 εἰχον
667 1154 886 1198 υπερορίσαι
907 1155 972 1198 τῆς
995 1153 1117 1198 νήσου.

27 1202 80 1236 Ad
103 1202 162 1243 VI,
178 1202 222 1236 89
248 1213 329 1246 pag.
352 1202 421 1235 353
445 1201 506 1234 col.
531 1201 588 1233 alt.
613 1200 670 1233 lin.
696 1203 716 1236 7
741 1211 820 1244 pro:
845 1202 1032 1244 propr-essi
1053 1201 1227 1243 legendum
1251 1202 1457 1243 progressi.

29 1248 81 1283 Ad
106 1248 166 1291 Vl,
188 1249 231 1283 89
254 1258 334 1290 pag.
357 1246 437 1281 354.
484 1247 535 1278 Ad
561 1246 682 1279 verba:
710 1246 854 1279 διδοῦσι
879 1245 918 1278 δὲ
943 1244 1244 1288 πενταδράχμους
1277 1243 1503 1287 ἀποδόμενοι

244 1292 328 1325 haec
348 1296 488 1325 annotat
511 1290 659 1334 Negris:
683 1289 915 1334 πωλήσαντες
936 1289 1043 1323 πέντε
1068 1292 1238 1333 (δραχμῶν
1261 1286 1284 1334 ἢ
1313 1291 1396 1330 ἴσως
1414 1302 1503 1323 ναυ-

244 1335 674 1376 λτόσαντες,δανείσαντες
699 1334 815 1375 αὐτάς
838 1335 901 1370 διὰ
924 1335 1032 1370 πέντε
1056 1335 1230 1379 δραχμάς.

26 1383 80 1418 Ad
104 1384 163 1426 VI,
185 1385 228 1419 91
253 1395 332 1441 pag.
354 1383 421 1418 355
432 1382 491 1420 lin.
518 1385 571 1418 11.
618 1379 845 1427 ἐπισπαστὴρ
869 1388 1008 1416 auctore
1033 1382 1160 1427 Negris
1181 1383 1269 1416 idem
1301 1382 1503 1428 valetatque

272 1441 343 1462 οπτ
369 1441 421 1462 ον.

25 1475 78 1509 Ad
100 1474 162 1517 VI,
177 1472 223 1510 94
246 1442 325 1518 ἕεις.
345 1441 415 1509 ε358
438 1475 496 1508 lin.
521 1474 552 1509 3.
599 1475 723 1507 Vocem
755 1473 874 1507 Δᾶτιν
912 1474 1005 1508 Pott.
1031 1473 1220 1518 Etymolog.
1256 1473 1395 1507 Forsch.
1421 1483 1500 1516 pag.

242 1520 408 1554 XXXVII
440 1521 546 1553 refert
577 1520 619 1553 ad
643 1516 1019 1554 Sanscritanum'dalta
1042 1519 1065 1552 i.
1080 1531 1109 1553 e.
1136 1520 1259 1553 datus:
1285 1530 1326 1552 ex
1350 1530 1415 1563 quo
1425 1519 1498 1554 scil.

241 1565 373 1599 nomine
383 1565 479 1610 plura
503 1565 633 1599 nomina
655 1565 791 1599 formari
815 1567 958 1599 soleant.

24 1611 77 1646 Ad
102 1611 161 1653 VI,
184 1612 229 1646 96
254 1622 332 1655 pag.
365 1613 433 1648 359
464 1611 520 1644 lin.
545 1613 578 1646 9.
626 1608 769 1654 ἐπεῖχον
801 1610 926 1654 Negris
947 1611 1195 1656 interpretatur
1218 1606 1316 1653 εἶχον
1339 1608 1495 1645 σκοπόν·

240 1655 336 1700 εἶχον
360 1657 411 1695 εἰς
434 1655 500 1691 τὸν
522 1657 616 1690 νοῦν
639 1668 725 1689 των·
751 1653 1009 1691 ὃιευθύνοντο.

22 1703 77 1738 Ad
99 1702 160 1746 VI,
182 1704 228 1739 97
251 1714 327 1747 pag.
344 1703 417 1737 360.
434 1703 492 1736 lin.
517 1705 571 1737 12.
618 1702 727 1742 Quam
753 1712 812 1735 nos
836 1701 1063 1735 Gaissordium
1087 1700 1195 1734 secuti
1214 1699 1364 1734 dedimus
1381 1701 1498 1733 lectio-

239 1760 313 1781 nem
347 1746 408 1782 ἐπὶ
439 1746 599 1782 τοσοῦτό
634 1758 673 1791 γε
706 1744 874 1791 φρονέω,
915 1759 989 1781 eam
1021 1746 1140 1791 reponi
1179 1757 1313 1790 quoque
1345 1747 1498 1780 voluerat

240 1794 368 1827 Osann.
404 1795 437 1827 in
470 1796 610 1828 Auctar.
642 1794 705 1826 Gr.
738 1793 853 1839 Lexic.
886 1804 963 1838 pag.
999 1795 1043 1827 66
1066 1792 1108 1825 de
1133 1791 1327 1826 confusione
1356 1794 1496 1826 voculae

239 1837 291 1873 ἔτι
314 1851 387 1873 cum
412 1837 483 1881 ἐπὶ,
506 1840 581 1873 aliis
604 1838 753 1880 vocibus,
773 1841 870 1883 plura
893 1839 1049 1872 afferens.

21 1897 71 1931 Ad
88 1895 151 1937 VI,
171 1897 216 1931 98
240 1907 317 1940 pag.
341 1897 409 1930 362
433 1895 488 1930 lin.
513 1897 548 1930 2.
594 1894 673 1929 καὶ.
701 1894 831 1937 πρῶτα
866 1894 947 1929 καὶ
978 1891 1131 1928 ὕστατα.
1184 1893 1258 1926 Vim
1281 1892 1382 1934 illam,
1407 1904 1494 1937 quae

236 1942 270 1974 in
301 1941 473 1985 duplicata
510 1941 676 1986 particula
704 1940 767 1974 καὶ
790 1941 898 1982 inest,
924 1941 1034 1974 hocin
1061 1942 1134 1974 loco
1159 1945 1194 1972 et
1219 1939 1245 1979 Ι,
1270 1940 1311 1973 61
1338 1940 1495 1972 observat

237 1987 403 2030 Hartung.
438 1987 550 2020 Lehre
573 1999 603 2020 v.
619 1986 652 2019 d.
677 1986 814 2020 Griech.
851 1987 978 2020 Partik.
1014 1986 1029 2018 I
1054 1997 1130 2030 pag.
1157 1986 1234 2020 144.
1258 2003 1302 2008 --
1350 1984 1435 2017 Ibid.
1462 1985 1494 2017 in

236 2029 464 2075 Ἀρταξέρξου
488 2044 605 2066 nomen
628 2032 740 2065 multis
763 2043 869 2076 nuper
892 2031 1066 2076 inquisivit
1091 2032 1182 2064 Pott.
1206 2030 1228 2064 l.
1245 2031 1267 2064 l.
1294 2041 1373 2074 pag.
1397 2030 1495 2064 LXII

236 2090 333 2122 seqq.
366 2078 480 2111 LXIX
511 2090 605 2122 seqq.
639 2077 714 2111 coll.
747 2088 824 2122 pag.
855 2077 960 2118 LXV,
985 2078 1040 2110 ubi
1067 2078 1186 2110 Xerxis
1208 2087 1321 2108 vocem
1345 2075 1495 2108 indicare

238 2123 410 2157 contendit
432 2135 549 2169 regem
573 2123 778 2167 eandemque
800 2134 917 2157 vocem
940 2129 1071 2156 auctam
1096 2133 1216 2156 sonare
1239 2124 1471 2156 Artaxerxem.

17 2181 71 2216 Ad
95 2180 157 2223 VI,
180 2182 247 2216 100
270 2192 347 2224 pag.
371 2181 440 2215 367
463 2180 521 2213 lin.
546 2179 579 2214 4.
605 2181 636 2215 5.
686 2176 821 2212 ἐὼν-τὰ
846 2179 986 2221 πρῶτα.
1035 2179 1131 2212 Conf.
1158 2177 1257 2212 etiam
1280 2177 1323 2211 ad
1350 2177 1492 2211 locutio-

233 2237 307 2259 nem
332 2226 494 2259 Herodot.
519 2225 581 2266 IX,
606 2227 661 2260 78.
709 2225 746 2258 In
766 2225 916 2268 proxime
939 2224 1213 2258 antecedentibus
1237 2222 1280 2257 ad
1311 2224 1418 2256 verba
1443 2220 1489 2256 τὰ

236 2269 331 2314 ἄκρα
354 2272 420 2315 τῆς
444 2269 610 2316 Εὐβοίης
634 2271 724 2306 conf.
749 2270 851 2304 etiam
874 2275 958 2306 nott.
983 2271 1025 2304 ad
1052 2270 1146 2311 VIII,
1173 2271 1225 2304 13.

17 2329 70 2363 Ad
92 2329 153 2371 VI,
174 2330 237 2365 101
264 2340 301 2373 p.
311 2329 378 2363 368
403 2327 448 2361 lin
464 2329 498 2362 5.
523 2327 561 2361 εἴ
580 2339 652 2366 κως
676 2325 715 2361 δὲ
738 2339 770 2360 κ.
796 2339 827 2360 τ.
851 2328 881 2361 λ..
928 2326 980 2360 De
1002 2337 1063 2359 usu
1086 2325 1273 2370 particulae
1302 2325 1337 2359 εἰ
1357 2327 1486 2358 confer.

231 2375 400 2417 Hartung.
422 2375 477 2408 l.¹l.
488 2372 633 2408 Tom.lI
643 2385 675 2417 p.
685 2375 764 2413 206,
789 2372 844 2406 ubi
859 2377 992 2415 praeter
1016 2373 1103 2404 hunc
1134 2371 1241 2404 locum
1266 2371 1393 2404 excitat
1418 2372 1486 2403 He-

231 2420 370 2454 rodotea
393 2420 419 2459 1,
443 2421 499 2454 53.
524 2419 570 2461 ΙΙ,
598 2420 651 2453 52.
675 2439 720 2443 -
751 2419 804 2451 Ad
820 2423 1022 2451 structuram
1046 2417 1140 2450 verbi
1162 2415 1259 2459 με’λει
1284 2417 1315 2449 in
1339 2416 1488 2460 proxime

234 2476 328 2509 seqq.
362 2465 489 2498 faciunt
521 2476 607 2509 quae
642 2464 777 2508 collegit
799 2464 948 2508 Strange
970 2463 1004 2497 in
1028 2462 1173 2497 Seebod.
1197 2467 1234 2495 et
1249 2462 1341 2496 Iahn.
1368 2462 1486 2495 Annal.

232 2510 351 2554 Suppl.
374 2511 418 2550 ΙΙ,
441 2512 462 2545 3
487 2521 519 2554 p.
542 2511 620 2545 400.

15 2567 68 2601 Ad
91 2566 151 2612 Vl,
174 2568 241 2603 102
268 2577 345 2611 pag.
368 2567 434 2601 369
462 2566 519 2599 lin.
544 2567 577 2600 2.
602 2567 635 2602 3.
689 2567 804 2600 Verba
842 2563 1080 2608 κατέργοντές
1113 2573 1152 2597 τε
1183 2561 1321 2597 πολλὸν
1362 2562 1487 2604 Negris

231 2611 371 2655 exponit
400 2609 500 2644 ποῖνυ
530 2608 620 2651 τούς
649 2609 867 2656 Ἀθηναίους
908 2609 1124 2654 ἐγκείμενοι,
1167 2608 1486 2651 στενοχωροῦντες,

228 2654 407 2695 κλείοντές
429 2668 525 2695 τους.
549 2675 594 2682 -
640 2657 695 2695 lis,
719 2669 806 2701 quae
829 2669 905 2701 pag.
929 2658 998 2690 370
1029 2655 1071 2687 de
1096 2655 1223 2697 campis
1257 2654 1485 2687 Marathoniis

229 2702 480 2743 adnotavimus,
512 2702 587 2735 add.
612 2701 776 2737 Dodwell.
799 2703 896 2738 class.
913 2701 1016 2735 Reise
1039 2700 1141 2733 durch
1165 2699 1358 2732 Griechenl.
1382 2699 1426 2737 Η,
1452 2700 1485 2732 1.

228 2759 303 2792 cap.
337 2749 383 2783 20
406 2759 482 2790 pag.
515 2747 583 2782 258
606 2758 701 2791 seqq.
726 2748 780 2781 ed.
803 2747 975 2781 vernacul.
1023 2743 1175 2784 Cognovi
1201 2756 1333 2789 quoque
1359 2743 1483 2782 Leake‚

230 2793 368 2838 Anglum
391 2794 534 2834 doctum,
558 2791 617 2838 qui
639 2793 711 2837 ipse
732 2793 793 2828 has
808 2793 961 2838 regiones
992 2791 1107 2825 invisit
1121 2816 1130 2832 ‚
1160 2789 1196 2859 ἒι
1227 2789 1408 2835 scriptione
1441 2788 1482 2822 dc

1092 2838 1145 2879 52
