1815 3181
411 198 494 237 124

805 197 1267 234 HERODOTl

410 304 552 360 φυλὰς
593 303 887 360 μετωνόμασε,
927 305 998 348 καὶ
1037 305 1207 362 ἐποίησε
1246 309 1436 357 πλεῦνας
1476 307 1517 358 ἐξ
1556 306 1729 350 {Mo-95

355 490 499 538 φίλους
517 488 813 540 προστίθεσθαι
833 488 956 541 (quod
981 492 1011 538 1,

354 546 407 588 56
430 544 569 582 dicitur
588 541 921 597 προσκτήσασθαι
943 547 1014 597 φί-

350 605 462 649 λους)
481 604 610 639 amicos
627 603 696 640 siba·
713 602 913 650 conciliare,
943 604 1012 641 ad-

352 661 498 707 iungere
517 657 619 709 apud
629 657 852 710 Thucydid.
867 661 929 707 VI,
948 661 1012 700 18.

287 723 289 725 “
353 714 495 752 Herod.
515 717 581 763 111,
603 714 671 755 74.
719 717 825 761 Quae
850 715 1011 753 afferens

351 770 648 809 Valckenaerius
661 801 670 819 ,
699 772 752 809 ita
772 773 1008 824 subscripsit:

352 830 482 875 „Dum
510 829 663 866 favebat
683 831 928 880 optimatibus
948 831 1010 866 in-

349 886 479 936 primis
497 887 680 936 Isagoras,
708 885 942 923 adversarius
970 888 1010 922 in

350 941 651 979 administranda
696 944 892 994 republica
931 943 1011 980 Cli-

349 996 492 1036 sthenis
519 999 678 1036 restituit
705 1001 825 1051 plebis
847 1001 1009 1037 auctori-

349 1062 492 1103 tatem3
523 1069 641 1108 quam
676 1057 716 1092 in
744 1058 906 1107 imperio
936 1070 1011 1108 po—

350 1113 473 1162 pulari
492 1113 738 1150 constitutam
758 1114 934 1150 aSolone
946 1115 1009 1149 Pi-

348 1171 515 1206 sistratus
564 1169 710 1221 filiique
756 1170 1011 1208 labefactave-

349 1233 447 1262 rant.
460 1228 484 1245 a.
553 1225 656 1263 Add.
701 1231 1012 1277 προσποιεῖσθαι

350 1283 394 1330 V,
416 1285 467 1323 71
489 1283 580 1335 ibiq.
602 1289 697 1320 nott.
756 1284 900 1328 Quibus
920 1296 1011 1321 vero

349 1340 572 1376 muneribus
607 1340 796 1390 populum
833 1341 904 1377 sibi
941 1339 1009 1377 de-

349 1397 513 1432 vinxerit
526 1395 747 1445 Clisthenes,
769 1410 1010 1434 commemo-

351 1459 407 1489 rat
425 1454 781 1504 Isocrat.Areopag.
804 1456 842 1495 6.
864 1468 901 1505 p.
915 1456 1007 1495 220.

349 1510 408 1545 De
427 1510 513 1560 Big.
548 1512 599 1550 10
619 1523 708 1561 pag.
728 1512 822 1551 612.
881 1511 1008 1562 Atque

352 1564 401 1602 ad
421 1564 496 1603 hoo
518 1565 718 1604 Clisthenis
746 1566 915 1603 studium
934 1580 1008 1618 po-

349 1623 481 1673 pulare
501 1629 669 1673 spectare
681 1622 1008 1661 videturWachs—

350 1677 500 1716 muthio
517 1681 547 1727 I,
564 1683 583 1719 1
599 1694 637 1731 p.
651 1682 732 1720 269
751 1687 831 1717 not.
853 1683 905 1721 24
926 1693 1008 1717 ver-

350 1737 444 1772 bum
478 1734 721 1788 ἐλευθεροῦν
734 1766 742 1782 ,
784 1750 860 1788 quo
895 1750 1008 1787 supra

348 1795 484 1829 Noster
502 1805 591 1831 usus
614 1794 659 1841 V,
682 1792 747 1834 65.
770 1795 835 1842 66,
857 1793 922 1830 ubi
943 1794 1008 1830 Tu

348 1848 424 1886 vid.
446 1856 542 1886 nott.

404 1903 473 1953 wig
490 1902 621 1956 φυλοῖς
640 1902 905 1957 μετωνόμασε,
940 1905 1007 1944 καὶ

348 1961 510 2013 ἐποίησε
552 1964 726 2010 πλεῦνας
767 1962 806 2010 ἐξ
847 1958 1008 2002 ἔλασσό-

349 2020 457 2068 νων]
503 2020 700 2056 Pertiuent
747 2018 846 2067 huc,
909 2032 1007 2071 quae

349 2088 463 2126 supra
493 2082 642 2112 exstant
672 2077 717 2123 V,
755 2078 831 2116 66:
870 2091 1004 2126 τετρα-

350 2129 504 2181 φύλους
523 2127 660 2178 ἐόντας
674 2131 920 2182 Ἀθηναίους
936 2132 1004 2170 δε-

348 2183 556 2238 καφύλους
602 2187 774 2239 ἐποίησε.
845 2186 1007 2224 Clisthe-

350 2258 416 2282 nes
437 2251 600 2297 quatuor
618 2245 804 2294 prioribus
833 2244 1006 2282 tribubus

348 2302 502 2338 sublatis
515 2331 525 2348 ,
565 2299 701 2338 decem
721 2301 913 2338 constituit
932 2314 1005 2337 no-

350 2370 427 2405 vas,
455 2371 523 2409 per
551 2371 644 2409 quas
665 2371 797 2395 omnes
825 2355 956 2394 demos
974 2371 1006 2394 s.

349 2416 462 2462 vicos,
485 2426 650 2467 quormn
668 2427 871 2451 numerum
892 2414 1008 2463 vulgo

350 2471 503 2509 tradunt
514 2472 719 2518 CLXXIV,
740 2472 789 2508 ita
809 2468 1007 2518 distribuit,

352 2535 392 2565 ut
415 2529 568 2580 quaevis
587 2528 706 2565 tribus
726 2541 756 2564 s.
787 2523 894 2577 φυλὴ
921 2540 1006 2563 cer—

350 2592 432 2622 tum
459 2584 652 2637 quendam
690 2584 1005 2634 complecteretur

348 2640 549 2678 demorum
591 2654 810 2678 numerum.
876 2640 1002 2691 Atque

349 2697 420 2735 hoc
441 2699 566 2749 ipsum
587 2705 660 2746 est,
694 2695 798 2749 quod
826 2695 1004 2733 Herodo-

348 2762 405 2792 tus
433 2756 547 2806 paulo
578 2761 661 2806 post
699 2753 755 2791 his
795 2754 1003 2790 enuntiavit

348 2812 489 2848 verbis:
530 2810 623 2851 δέκα
644 2809 685 2852 δὲ
713 2810 779 2850 καὶ
814 2806 906 2856 τούς
933 2805 1002 2859 ‹31¹¹-

1071 505 1171 540 μους
1203 490 1389 542 κατένεμε
1417 491 1457 538 ἐς
1488 487 1560 537 τοὶς
1585 488 1728 540 φυλὰς,

1069 548 1096 584 i.
1117 561 1150 583 e.
1171 549 1210 585 in
1241 548 1356 585 decem
1383 560 1461 585 vero
1492 549 1605 585 tribus
1624 550 1729 586 etiam

1070 603 1181 641 demes
1239 604 1422 641 distribuit
1484 603 1728 654 (singulos);

1071 673 1189 712 quem
1230 661 1306 697 loci
1340 674 1495 697 sensum
1535 674 1614 697 esse
1649 662 1729 697 iam

1073 718 1170 753 bene
1192 716 1287 754 vidit
1308 718 1454 754 Con-sini
1473 719 1514 753 in
1526 719 1556 753 F
1559 724 1628 754 ast.
1646 718 1728 755 Att.

1067 775 1121 810 III
1149 786 1236 824 pag.
1263 777 1340 815 128
1373 787 1394 810 a
1429 773 1498 811 Cr.
1527 772 1728 822 laudatus3

1068 842 1304 882 quamquam
1322 837 1422 877 sunt,
1444 831 1511 882 qui
1526 829 1622 868 haec
1640 843 1729 867 ver-

1068 888 1116 923 ba
1135 887 1187 923 ita
1197 886 1423 936 intelligant,
1447 887 1545 923 utin
1558 888 1728 937 singulas

1067 944 1185 980 tribus
1215 942 1350 979 decem
1373 941 1582 981 Clisthenes
1602 942 1728 980 distri-

1067 1001 1191 1037 buerit
1204 998 1358 1037 demos:
1386 1014 1436 1037 ex
1455 1013 1531 1052 quo
1552 1001 1728 1037 omnium

1066 1057 1238 1093 tribuum
1259 1056 1421 1093 efficitur
1439 1070 1621 1094 numerus
1634 1071 1728 1094 cen—

1066 1115 1246 1161 tenarius,
1276 1126 1297 1149 a
1316 1111 1507 1150 Clisthene
1518 1114 1616 1151 bene
1631 1127 1728 1151 con-

1067 1171 1229 1218 stitutus,
1243 1171 1310 1222 qui
1320 1171 1467 1221 primus
1477 1183 1615 1220 agrum
1626 1171 1728 1208 Atti-

1069 1240 1159 1263 cum
1193 1228 1234 1263 in
1264 1234 1419 1264 centum
1451 1226 1618 1264 diviserit
1636 1240 1726 1278 par—

1068 1291 1135 1331 tes,
1167 1283 1304 1336 quibus
1326 1279 1466 1335 δήμων
1487 1282 1633 1320 dederit
1652 1296 1728 1320 no·-

1065 1353 1169 1376 men.
1239 1340 1350 1377 Conf.
1394 1338 1630 1378 Schomann.
1668 1341 1728 1376 De

1068 1398 1222 1434 Comitt.
1243 1409 1331 1447 pag.
1354 1398 1435 1437 363
1456 1410 1535 1449 seq.
1566 1397 1652 1434 coll.
1683 1397 1726 1436 C.

1065 1455 1108 1491 F.
1129 1455 1341 1490 Hermann.
1352 1451 1558 1490 Lehrbuch
1584 1453 1621 1490 d.
1631 1454 1726 1490 Hel-

1063 1512 1141 1548 len.
1163 1508 1438 1564 Staatsaltertb.
1468 1511 1505 1556 ξ.
1530 1512 1603 1550 111
1637 1523 1726 1561 pag.

1064 1568 1159 1608 209.
1217 1568 1269 1603 At
1299 1580 1431 1604 omnes
1450 1565 1600 1615 demos,
1630 1579 1726 1618 quos

1064 1624 1242 1660 novimus
1255 1653 1265 1671 ,
1286 1625 1317 1660 si
1336 1630 1599 1674 supputemus,
1619 1624 1726 1660 mul-

1065 1687 1102 1717 to
1132 1681 1256 1717 maior
1279 1693 1402 1732 quum
1430 1680 1566 1716 existat
1584 1693 1725 1716 nume-

1065 1750 1128 1774 rus
1156 1735 1267 1786 (mun
1300 1743 1457 1773 centum
1485 1737 1724 1787 septuaginta

1065 1800 1228 1845 quatuor
1239 1793 1360 1830 ferme
1369 1794 1547 1830 novimus
1559 1791 1722 1841 deuios),

1065 1863 1264 1902 quumque
1290 1851 1352 1888 vel
1381 1856 1469 1886 ante
1491 1847 1723 1887 Clisthenem

1064 1905 1267 1944 demorum
1306 1907 1522 1944 inveniatur
1564 1907 1723 1955 mentio,

1066 1977 1161 2015 quos
1189 1964 1305 2014 igitur
1333 1977 1354 2000 a
1376 1959 1568 2000 Clisthene
1598 1963 1722 2013 primo

1063 2022 1253 2058 institutos
1275 2027 1311 2057 et
1322 2027 1542 2071 temporum
1561 2017 1722 2057 decursu

1063 2090 1084 2113 a
1105 2077 1322 2114 centenario
1359 2089 1521 2113 numero
1553 2074 1601 2112 ad
1631 2089 1724 2113 cen-

1065 2140 1146 2170 tum
1166 2133 1406 2184 septuaginta
1422 2139 1584 2184 quatuor
1603 2145 1724 2184 usque

1063 2190 1223 2226 crevisse
1253 2201 1451 2240 negamus,
1483 2187 1724 2226 dissentiente

1065 2247 1237 2298 quamvis
1255 2247 1338 2296 ipso
1358 2244 1567 2282 Niebuhrio
1588 2245 1721 2294 (Rom.

1063 2303 1200 2341 Histor.
1223 2303 1240 2337 Ι
1259 2315 1347 2353 pag.
1370 2301 1466 2343 426.
1487 2303 1521 2338 Π
1539 2314 1627 2352 pag.
1640 2304 1721 2343 377

1065 2359 1152 2397 coll.
1190 2356 1462 2396 Wachsmuth.
1492 2359 1519 2395 l.
1550 2359 1576 2395 Ι.
1607 2360 1655 2404 11,
1698 2360 1716 2397 1

1066 2428 1153 2465 pag.
1175 2415 1259 2464 22),
1292 2416 1357 2452 vix
1378 2415 1440 2451 illa
1462 2414 1618 2467 quidem
1642 2420 1721 2451 sta—

1065 2485 1104 2508 re
1142 2473 1278 2523 poterit
1316 2472 1585 2522 interpretatio.
1644 2471 1721 2507 Ita-

1064 2542 1138 2579 que
1150 2527 1471 2580 acquiescendmn
1488 2529 1526 2564 in
1549 2540 1592 2564 ea
1604 2540 1721 2578 quam

1062 2583 1236 2622 dedimus
1286 2585 1360 2621 loci
1412 2585 1721 2635 interpretatione

1059 2641 1216 2692 probatis
1266 2654 1420 2693 quoque
1463 2640 1719 2690 Wesseliugio

1060 2705 1097 2734 et
1127 2699 1207 2735 aliis
1238 2696 1423 2734 Herodoti
1451 2697 1720 2748 interpretibus

1060 2755 1206 2806 ipsique
1226 2752 1524 2791 Wachsmuthio
1555 2753 1580 2790 l.
1596 2753 1623 2792 l.
1644 2753 1674 2799 1,
1696 2754 1714 2791 1

1063 2825 1147 2861 pag.
1172 2814 1263 2858 271,
1286 2811 1525 2861 improbante
1547 2808 1721 2861 quamvis
