1834 3258
527 220 828 256 ERATO.
888 220 961 256 VI.

1300 219 1383 260 353

119 349 202 389 μος
252 330 520 386 Ἀθηναίοισι
568 328 648 385 τὴν
684 327 893 409 παλαιὴν
928 327 1191 409 καλεομένην
1241 327 1381 371 πόλιν.

0 397 64 443 89
118 399 342 455 Ἀθηναῖοι
373 396 418 440 δὲ
449 395 504 440 ον’
527 396 847 451 παραγίνονται
876 394 919 447 ἐς
949 394 1158 440 δέον.οὐ
1180 395 1262 451 γὰρ
1295 395 1382 438 «ξ’-τυ

121 484 199 524 χον
240 468 393 510 ἐοῦσαι
444 463 537 515 νέες
550 475 660 532 σφι
708 461 931 519 ἀξιόμαχοι
977 468 1076 521 τῇσι
1114 464 1382 520 Αἰγινητέων

117 533 395 592 συμβαλέειν·

85 609 198 658 Ξσφι
234 599 357 652 νέας,
407 599 454 643 ἐν
501 599 642 656 τούτῳ
685 599 906 655 διεφθάρη
946 598 1000 641 τὰ
1038 601 1281 655 πρήγματα.

446 533 492 576 ἐν
531 533 564 591 ᾧ
608 533 671 574 ὠν
709 534 971 585 Κορινθίων
1021 531 1192 574 ἐδέοντο
1226 531 1384 587 χρῆσαί

1335 601 1379 642 οἱ
1434 603 1516 646 480

116 670 161 713 δὲ
201 670 460 723 Κορίνθιοι,
509 662 622 723 ἦσαν
662 667 746 722 γάρ
786 678 864 721 σφι
903 671 1063 710 τοῦτον
1100 667 1180 710 τόν
1219 667 1380 723 χρόνον

115 740 237 793 φίλοι
264 737 306 788 ἐς
326 736 379 779 τὰ
412 734 622 791 μάλιστα,
648 733 921 791 Ἀθηναίοισι
943 734 1409 790 διδοῦσίδεομένοισιὲ

56 906 155 950 nocto}
191 906 241 949 to}
276 907 529 962 συνεθήκατο
561 911 715 948 Struvio

57 968 182 1018 placet
203 967 329 1004 delere
348 965 396 1006 τεὶ
410 997 419 1015 ,
450 975 491 1004 ut
510 969 646 1004 monui
667 966 717 1004 ad

56 1024 118 1071 VI,
140 1025 209 1065 53.

113 1079 187 1132 τὴν
240 1077 418 1131 παλαιήν
473 1077 716 1130 καλεομένην

54 1133 201 1185 πόλιν]
231 1138 442 1189 Antiquam
461 1138 634 1187 Aeginae
653 1149 721 1172 ur-

53 1194 144 1231 bem
161 1194 218 1230 nil
235 1195 308 1231 nisi
327 1207 441 1231 arcem
456 1207 534 1230 esse
551 1199 720 1230 conten-

54 1249 109 1287 dit
129 1251 172 1288 C.
189 1251 232 1288 Ο.
255 1252 404 1289 Miiller.
425 1251 618 1301 Aeginett.
630 1262 720 1300 pag.

56 1306 149 1355 147,
169 1314 254 1344 tum
273 1307 378 1360 quod
390 1307 642 1345 Nicodromus
654 1313 717 1358 ty-

36 1363 256 1401 rannidem
271 1364 465 1412 affectans,
489 1377 574 1401 eam
593 1365 717 1415 ipsam

54 1433 242 1473 occupare
299 1422 475 1473 primitus
514 1420 716 1469 studuerit,

52 1484 137 1514 tum
149 1476 254 1531 quod
274 1479 436 1531 antiquis
456 1479 613 1515 inmore
628 1478 716 1514 fue-

53 1536 122 1583 rit,
181 1534 356 1572 editiores
390 1536 562 1586 primum
610 1535 714 1571 locos

52 1593 292 1628 communire
303 1600 417 1644 atque
425 1593 593 1629 incolere
605 1604 615 1639 3
637 1605 714 1627 un-

52 1646 100 1685 de
130 1649 294 1696 factum,
334 1656 377 1686 ut
406 1662 509 1686 arces
527 1662 714 1686 nonnun-

51 1717 168 1757 quam
199 1705 310 1743 nudis
343 1707 467 1744 verbis
497 1703 526 1757 η’
561 1700 712 1745 παλαιοὶ

50 1757 166 1809 πόλις
204 1762 517 1813 significarentur.
582 1763 712 1814 Atque

51 1815 164 1856 huius
184 1821 300 1856 moris
322 1820 500 1870 exempla
520 1818 713 1871 quaedam

52 1874 158 1912 addit
169 1877 226 1911 vir
248 1874 394 1923 doctus,
411 1877 473 1913 cui
482 1883 612 1912 tamen
634 1888 710 1927 quo

50 1932 178 1968 minus
202 1934 395 1980 assentiar,
415 1933 525 1983 plura
546 1932 710 1969 obstant.

51 1989 227 2039 Namque
274 1995 384 2025 vetus
432 1989 710 2038 Aeginetarum

50 2045 139 2081 urbs
160 2043 208 2081 ad
228 2046 354 2095 ipsum
373 2058 480 2081 mare
500 2046 615 2082 sitain
624 2045 710 2081 loco

49 2101 269 2152 planissimo
298 2102 447 2138 nullam
465 2114 618 2153 prorsus
638 2099 712 2138 ha-

48 2158 131 2194 buit
150 2171 277 2195 arcem
296 2171 423 2210 neque
458 2159 616 2195 omnino
635 2156 710 2194 ha-

49 2215 138 2251 bere
160 2216 302 2266 potuit,
340 2228 461 2267 quum
480 2216 606 2252 nullus
626 2216 708 2252 istic

49 2273 257 2322 reperiatur
276 2273 381 2308 locus
403 2271 549 2320 editior,
569 2273 611 2308 in
631 2284 707 2324 quo

50 2340 177 2364 arcem
197 2335 389 2365 exstruere
408 2330 584 2366 licuisset.
633 2330 707 2365 At-

50 2397 124 2437 que
148 2383 240 2421 hinc
268 2387 383 2422 etiam
412 2387 538 2433 nulla,
580 2398 706 2437 quan-

50 2447 133 2478 tum
161 2442 258 2489 scio,
304 2441 407 2492 apud
433 2449 579 2479 veteres
615 2443 708 2479 scri-

49 2504 174 2548 ptores
195 2500 338 2535 mentio
372 2499 464 2535 arcis
485 2513 514 2536 s.
544 2511 707 2549 acropo-

48 2553 127 2592 leos
143 2555 439 2605 Aeginetarum,
463 2568 559 2606 quae
579 2557 610 2592 si
629 2557 707 2592 ulla

51 2612 267 2658 exstitisset,
311 2624 379 2648 suo
413 2618 513 2648 certe
548 2614 706 2648 nomine

50 2679 135 2704 eam
163 2670 297 2705 Noster
322 2667 538 2715 indicasset,
579 2681 706 2720 neque

49 2726 215 2775 antiquae
246 2725 344 2762 urbis
375 2725 627 2775 appellatione
653 2726 706 2761 si-

51 2780 272 2829 gnificasset.
327 2783 462 2832 Itaque
482 2780 591 2817 valde
612 2782 707 2817 arri-

51 2834 113 2873 det
131 2838 314 2874 sententia
344 2839 414 2874 viri
436 2845 472 2875 et
502 2837 707 2875 doctissimi

106 2894 325 2933 meonor.
347 2895 414 2932 111.

774 917 812 947 et
841 912 1090 961 sagacissimi,
1120 911 1254 948 Liberi
1278 912 1437 947 Baronis

774 965 822 1004 de
853 967 1117 1018 Stackelberg,
1150 969 1215 1019 qui
1240 968 1349 1004 Oeam
1371 967 1438 1015 (de

773 1023 850 1075 qua
876 1023 954 1061 vid.
983 1031 1080 1061 nott.
1109 1023 1159 1061 ad
1186 1025 1231 1071 V,
1263 1022 1344 1075 83)
1374 1023 1438 1061 hic

771 1079 932 1117 indicari
965 1082 1188 1128 arbitratur,
1220 1081 1437 1131 antiquissi-

775 1149 883 1173 mam
911 1138 1026 1174 totius
1058 1138 1205 1174 insulae
1237 1135 1369 1173 sedem
1403 1144 1439 1174 et

776 1195 885 1246 quasi
903 1195 1132 1245 metropolin
1144 1222 1154 1241 ,
1185 1207 1206 1230 e
1228 1206 1302 1245 qua
1317 1195 1438 1244 Aegi-

773 1257 885 1287 netae
900 1252 1087 1302 propressi
1107 1250 1156 1287 ad
1174 1263 1300 1301 mare,
1329 1258 1438 1301 post-

772 1307 890 1345 modo
910 1308 1047 1345 urbem
1076 1306 1282 1344 condidere
1292 1335 1309 1352 ,
1341 1320 1438 1359 quae

772 1366 948 1416 primitus
978 1372 1135 1416 portum
1165 1365 1266 1402 Oeae
1295 1377 1438 1415 sugge-

771 1422 892 1459 rebat.
944 1422 1026 1468 Qua
1047 1423 1142 1459 urbe
1162 1422 1355 1457 maritima
1377 1420 1438 1458 di-

771 1478 870 1526 ruta,
892 1479 947 1515 nil
966 1480 1122 1526 mirum,
1146 1477 1194 1515 ad
1213 1479 1436 1515 interiorem

770 1535 935 1572 insulam
957 1535 1083 1573 denuo
1104 1535 1248 1572 incolas
1267 1548 1306 1572 se
1327 1548 1437 1572 rece-

769 1593 868 1643 pisse
914 1593 1045 1644 ibique
1097 1605 1218 1644 prope
1265 1598 1437 1629 veterem

770 1650 891 1687 Oeam
920 1648 1115 1687 domicilia
1139 1649 1304 1700 cepisse,
1346 1649 1436 1701 qui-

768 1705 839 1743 bus
879 1707 1081 1744 recentiori
1118 1705 1278 1743 demum
1312 1712 1434 1742 aetate

767 1764 921 1811 relictis,
942 1762 991 1801 ad
1030 1776 1137 1800 mare
1175 1761 1302 1799 denuo
1342 1774 1436 1812 pro-

768 1833 936 1870 gressos,
970 1821 1107 1856 urbem
1139 1818 1353 1856 condidisse
1368 1831 1433 1854 me

767 1876 874 1913 idem
894 1875 1047 1913 edocuit
1066 1878 1124 1913 vir
1144 1874 1284 1911 harum
1304 1876 1433 1925 reglo-

765 1945 865 1969 num
903 1939 1157 1984 perscrutator
1195 1931 1434 1969 accuratissi-

767 2001 866 2027 mus.
948 1988 1051 2026 Add.
1097 2001 1195 2040 quae
1238 2002 1287 2024 ex
1338 1989 1433 2025 alius

767 2046 1060 2097 peregi-illatoris
1081 2046 1272 2082 itinerario
1291 2045 1432 2095 legun-

766 2109 829 2139 tur
847 2104 911 2139 in:
932 2103 1076 2140 Blatter
1095 2102 1159 2138 fiir
1184 2102 1323 2141 literar.
1346 2103 1431 2138 Un-

766 2158 998 2209 terhaltung.
1024 2161 1130 2200 1832
1146 2171 1206 2195 nr.
1228 2158 1310 2200 358
1339 2171 1429 2210 pag.

767 2214 874 2257 1498
894 2229 974 2268 seq.

923 2306 1017 2358 cap.
1044 2307 1265 2344 LXXXIX.

820 2382 859 2432 ἐς
885 2384 1005 2435 δέον]
1047 2386 1132 2425 Vid.
1161 2392 1259 2423 nott.
1290 2383 1338 2422 ad
1360 2384 1423 2432 VI,

820 2496 863 2537 ἐν
885 2491 917 2551 ᾧ
938 2491 996 2536 οἷν
1023 2499 1259 2551 Κορινθίων
1275 2514 1312 2538 κ.
1325 2513 1358 2537 τ.
1370 2497 1427 2546 λ.]

762 2555 786 2591 i.
808 2567 842 2591 e.
873 2568 939 2604 quo
969 2559 1118 2621 tempore
1147 2555 1345 2593 corintheos
1368 2568 1425 2591 ro-

762 2611 919 2661 gabant,
963 2615 1004 2648 ut
1029 2614 1139 2668 ipsis
1149 2617 1271 2649 mutuo
1298 2612 1424 2649 darent

761 2681 883 2706 naves.
941 2667 1005 2705 Ad
1039 2669 1082 2708 ἐν
1107 2670 1136 2722 ᾠ
1164 2669 1264 2705 cons.
1285 2666 1422 2706 Matth.

762 2725 828 2763 Gr.
851 2726 917 2761 Gr.
938 2737 1026 2775 pag.
1050 2727 1171 2765 1138.
1202 2727 1423 2776 χρῆσαιεο-

763 2780 991 2827 deminodo,
1014 2794 1090 2832 quo
1105 2782 1169 2827 111,
1179 2782 1245 2822 58.
1256 2802 1290 2808 ν·
1303 2781 1423 2816 Mox

763 2850 852 2874 cum
882 2839 999 2874 Gaisf.
1032 2836 1120 2873 dedi
1150 2831 1256 2886 ἦσαν
1281 2849 1349 2888 pro
1381 2835 1422 2876 ε’-

1092 2895 1143 2933 23
