1851 3181
430 217 513 255 380

834 214 1292 253 HERODOTI

430 328 583 367 λευον’
634 324 677 366 oz
716 322 762 365 δὲ
802 319 884 365 οὐκ
916 321 1180 378 ἠπίστησαν,
1218 322 1315 368 ἀλλ’
1342 323 1588 380 Ἀθηναίων
1620 328 1749 381 ἱραὸο

431 389 674 434 ποιεύντων
702 395 814 434 τοῖσι
843 389 1012 434 δώδεκα
1040 395 1211 442 θεοῖσι,
1243 392 1378 436 ἱκέται
1412 392 1599 449 ἱζόμενοι
1628 395 1695 437 ἐπὶ
1751 398 1832 443 489

432 459 508 502 τόν
547 457 719 513 βωμὸν,
756 458 960 502 ἐδίδοσαν
1001 459 1137 513 σφέας
1179 458 1353 512 αὐτούς.

1426 464 1611 516 Θηβαῖοι
1651 463 1697 506 δὲ

405 535 425 567 7
437 525 677 581 πυθόμενοι
698 529 857 575 ταῦτα,
887 526 1196 579 ἐστρατεύοντο
1220 528 1288 571 ἐπὶ
1309 528 1412 580 τούς
1431 529 1696 581 Πλαταιέας·

427 592 656 649 Ἀθηναῖοι
676 593 721 636 δέ
751 605 831 648 σφι
854 592 1082 650 ἐβοήθεον.
1123 594 1367 651 μελλόντων
1396 597 1441 640 δὲ
1461 597 1697 640 συνάπτειν
1708 605 1752 639 85

430 660 591 717 μάχην,
648 662 884 714 Κορίνθιοι
921 660 975 705 οὐ
1009 665 1249 717 περιεῖδον·
1287 663 1606 719 παρατυχόντες
1635 665 1693 717 δὲ,

429 729 503 771 καὶ
544 729 911 781 καταλλάξαντες,
952 729 1273 784 ἐπιτρεψάντων
1304 730 1580 786 ἀμφοτέρων,
1621 730 1694 775 οὕ-

431 808 559 850 ρισαν
591 797 671 852 τήν
700 795 845 852 χώρην
885 797 952 841 ἐπὶ
991 800 1156 842 τοῖσδε·
1197 798 1274 842 ἐᾶν
1306 801 1527 855 Θηβαίους
1556 803 1694 842 Βοιω·

402 868 521 907 ὃτῶν
549 864 654 915 τούς
681 864 738 921 μή
759 864 1056 921 βουλομένους
1087 866 1128 917 ἐς
1159 866 1383 917 Βοιωτοὺς
1412 867 1580 910 τελέειν.
1611 870 1695 910 Κο-

432 933 598 985 ρι’νθιοι
627 933 705 986 μὲν
736 933 788 989 δή
819 937 956 977 ταῦτα
984 934 1162 989 γνόντες
1183 933 1528 978 ἀπαλλάσσοντο.
1572 933 1752 990 Ἀθη-9ο

431 1001 593 1043 ναίοισι
623 1001 669 1043 δὲ
699 997 879 1044 ἀπιοῦσι
909 1001 1179 1058 ἐπεθήκαντο
1209 1004 1419 1046 Βοιωτοί·
1450 1002 1696 1058 ἐπιθέμενοι

401 1066 502 1119 ιἅδε,
545 1066 805 1124 ἑσσώθησαν
844 1072 898 1125 τῇ
928 1070 1053 1128 μάχῃ.
1107 1070 1377 1126 ὑπερβάντες
1414 1071 1460 1114 δὲ
1491 1072 1534 1114 οἱ
1558 1069 1694 1127 Ἀθη-

431 1139 549 1178 ναῖοι
585 1135 688 1187 τούς
737 1138 781 1180 οἰ
810 1139 1045 1191 Κορίνθιοι
1081 1139 1247 1195 ἔθηκαν
1276 1142 1542 1182 Πλαταιεῦσι
1580 1136 1693 1182 εἶναι

432 1201 623 1259 οὔρους,
664 1204 851 1256 τούτους
887 1204 1174 1262 ὑπερβάντες,
1213 1206 1291 1250 τὸν
1326 1205 1527 1251 Ἀσωπόν
1557 1204 1694 1250 αὐτὸν

376 1423 398 1446 ει
419 1413 549 1448 ceteris
570 1414 745 1462 gentibus
765 1427 804 1451 se
821 1428 1034 1466 quamma-

372 1468 477 1503 xime
497 1482 646 1519 semper
661 1474 906 1521 segregarint,
920 1472 1034 1509 iude-

374 1537 450 1575 que
472 1538 558 1561 eam
590 1527 834 1564 calliditatem
865 1530 1033 1581 aliosque

372 1581 575 1619 fraudandi
622 1591 658 1620 et
700 1583 913 1635 decipiendi
951 1594 1034 1623 stu-

374 1636 493 1686 dium,
503 1641 544 1675 in
566 1653 641 1690 quo
662 1648 792 1677 tamen
803 1649 839 1679 et
856 1644 938 1692 ipso
948 1657 1034 1679 ma-

371 1696 498 1731 ximus
537 1698 679 1746 patriae
727 1710 834 1735 fflnor
871 1700 1033 1748 latuerit,

373 1753 492 1802 repeti
522 1754 625 1800 vult,
667 1755 713 1791 ab
735 1755 815 1791 aliis
836 1762 1033 1807 tantopere

373 1807 659 1858 reprehensum.
745 1812 796 1847 Et
835 1825 925 1848 saue
967 1815 1033 1864 qui

374 1878 532 1901 omnem
557 1867 758 1903 Laconum
787 1881 871 1904 rem
900 1870 1031 1920 publi-

374 1935 459 1958 cam
478 1923 653 1974 vitaeque
672 1925 861 1961 rationem
872 1938 1030 1963 accura-

373 1980 444 2015 tius
464 1982 709 2030 perspexerit,
737 1983 804 2018 νὴ(
832 1981 1028 2031 dubitabit,

372 2037 465 2086 quin
476 2037 565 2073 talia
578 2050 626 2073 ex
645 2051 796 2075 summo
808 2039 878 2076 isto
900 2052 1030 2077 amore

372 2149 535 2200 tiquius,
566 2157 647 2186 orta
668 2165 746 2188 esse
767 2151 879 2192 dicat.

430 2205 470 2244 οἷ
489 2203 530 2243 ὁὲ
553 2201 627 2245 οὐκ
645 2202 904 2258 ἠπίστησαν]
948 2210 972 2248 i.
994 2223 1030 2248 e.

371 2262 429 2298 illc·
446 2274 524 2298 vero
538 2262 600 2299 hoc
619 2264 796 2301 consilium
815 2267 927 2302 secuti
935 2270 1030 2303 sunt.

376 2318 545 2355 Verbum
567 2314 744 2359 άπιστεῖν
765 2322 871 2371 attigi
891 2321 939 2358 ad
962 2324 1029 2370 IH,

378 2374 441 2416 15.
474 2374 634 2413 Addunt
652 2378 874 2427 Harpocrat.
902 2391 940 2428 p.
963 2378 1031 2425 50,

375 2433 440 2483 qui
462 2427 641 2471 άπιστεῖν
673 2435 801 2470 scribit
820 2435 911 2484 poni
939 2430 1030 2473 οἷντὶ

373 2491 446 2528 τοῦ
474 2484 661 2528 οἷπειθεῐν
687 2491 858 2542 itemque
887 2492 1028 2527 Zonar-

374 2559 410 2595 p.
427 2543 510 2585 234
531 2542 718 2593 ἄπιστος·
758 2545 778 2587 ὅ
801 2543 856 2598 μή
884 2543 1029 2587 πειθό-

373 2616 502 2653 μενος.

429 2657 491 2695 Ad
524 2659 756 2697 locutionem
790 2655 857 2711 ἱρά
898 2663 1031 2699 ποιεῖν

376 2715 477 2752 conf·
507 2716 551 2763 V,
581 2716 634 2757 57
674 2723 712 2753 et
751 2715 797 2753 de
825 2715 1029 2753 duodecim

375 2771 536 2809 deorum
569 2785 632 2808 ara
665 2773 712 2821 11,
734 2776 759 2813 7
781 2773 909 2824 ibique
931 2780 1027 2812 nott.

373 2849 427 2856 —
446 2830 491 2865 lu
519 2841 625 2881 seqq.
650 2828 697 2866 de
717 2836 903 2868 structura
923 2831 1029 2868 verbi

1089 1415 1246 1463 ἵζεσθαι
1274 1415 1374 1454 conf.
1405 1415 1519 1453 citata
1547 1414 1596 1452 ad
1615 1416 1660 1464 V,
1684 1419 1750 1457 12.

1089 1474 1146 1509 Ac
1176 1485 1267 1509 sane
1287 1480 1391 1523 patet
1421 1486 1470 1509 ex
1498 1471 1573 1509 hoc
1593 1473 1679 1509 loco
1707 1473 1750 1509 in

1089 1531 1225 1581 Lysiae
1261 1537 1355 1566 orat.
1384 1530 1534 1568 funebr.
1565 1531 1602 1575 ξ.
1621 1529 1752 1569 1216-

1089 1585 1262 1636 gendum
1293 1599 1396 1623 esse:
1440 1585 1562 1625 ἷκέται
1583 1584 1648 1625 ἐπὶ
1685 1583 1752 1625 τὸν

1090 1640 1230 1694 βωμὸν
1264 1641 1523 1690 ἐκαθέζοντο,
1561 1643 1628 1679 ubi
1657 1643 1752 1679 olim

1090 1701 1168 1738 τῶν
1189 1700 1350 1749 βωμῶν.
1409 1700 1474 1735 Tu
1493 1699 1570 1738 vid.
1589 1698 1637 1735 ad
1658 1697 1697 1736 h.
1722 1699 1751 1736 l.

1089 1757 1243 1792 Lebeau
1256 1757 1296 1791 in
1317 1756 1470 1796 Observ.
1487 1757 1527 1791 iu
1536 1757 1672 1806 Lysiae
1686 1756 1750 1792 Or.

1088 1814 1114 1851 f.
1146 1813 1314 1863 Specim.
1345 1825 1433 1862 pag.
1466 1814 1532 1861 21,
1553 1813 1619 1848 ubi
1638 1813 1749 1862 plura

1090 1871 1254 1906 citantur
1286 1869 1510 1906 consimilia.
1555 1868 1624 1906 Cr.
1654 1881 1751 1905 cou-

1086 1927 1224 1963 tulerat
1245 1926 1404 1977 Taylor.
1434 1926 1475 1961 iu
1494 1927 1631 1977 Lysiae
1649 1926 1749 1975 Epi-

1085 1980 1190 2033 taph.
1220 1995 1309 2033 pag.
1330 1985 1354 2022 7
1357 1985 1384 2023 2
1404 1980 1533 2019 Reisk.
1562 1983 1746 2019 Deverbo

1088 2035 1304 2079 συνάπτειν
1328 2038 1421 2075 conf
1434 2045 1530 2078 nott.
1553 2038 1600 2076 ad
1622 2039 1666 2087 V,
1679 2039 1746 2087 75,

1087 2103 1124 2133 et
1145 2095 1192 2132 de
1211 2097 1327 2134 verbo
1354 2092 1630 2134 καταλλάττειν
1649 2102 1745 2134 nott.

1087 2152 1135 2189 ad
1155 2153 1200 2200 V,
1222 2155 1285 2193 28.
1346 2151 1409 2188 Ad
1439 2153 1554 2190 verba
1574 2149 1669 2197 votis·
1689 2148 1744 2202 μή

1085 2208 1351 2260 βουλομένους
1383 2207 1485 2245 conf.
1513 2206 1648 2244 matth.
1678 2208 1746 2248 Gr.

1085 2267 1151 2302 Gr.
1176 2279 1215 2314 p.
1256 2266 1349 2304 626.
1427 2263 1539 2308 Quod
1577 2266 1746 2316 sequitur

1086 2321 1125 2367 ἒς
1153 2316 1354 2366 Βοιωτούς
1384 2318 1528 2359 τελέειν
1558 2321 1746 2358 illustrant

1085 2378 1225 2415 similes
1244 2377 1318 2413 loci
1337 2376 1403 2424 ΙΙΙ,
1427 2375 1494 2417 34.
1513 2377 1576 2425 VI,
1588 2377 1656 2418 53.
1677 2377 1745 2415 Vi-

1087 2433 1197 2471 detur
1226 2440 1355 2469 autem
1374 2432 1446 2470 haic
1466 2434 1657 2471 locutione
1686 2447 1745 2470 re-

1085 2491 1179 2542 spici
1197 2488 1245 2526 ad
1265 2489 1397 2527 foedus
1412 2492 1647 2528 Boeotorum
1677 2489 1745 2540 (de

1087 2560 1163 2600 quo
1194 2547 1295 2583 conf.
1324 2548 1437 2584 citata
1465 2546 1514 2584 ad
1533 2548 1578 2595 V,
1599 2550 1675 2593 79)
1707 2554 1744 2584 et

1088 2603 1136 2641 ad
1157 2604 1323 2640 civitates
1357 2601 1431 2641 hoc
1460 2603 1614 2641 foedere
1635 2617 1743 2641 com-

1085 2659 1401 2712 prehensas,quae
1411 2660 1632 2698 dicebantur
1648 2672 1744 2699 συν-

1085 2720 1220 2765 τελεῖς,
1242 2730 1331 2753 cum
1351 2729 1460 2754 suam
1478 2715 1662 2755 habereut
1681 2715 1742 2752 di-

1086 2775 1230 2811 tionem
1250 2780 1364 2825 atque
1384 2787 1466 2810 rem
1485 2774 1677 2825 publicam
1705 2778 1742 2809 et

1084 2833 1139 2868 sui
1149 2842 1300 2883 prorsus
1313 2837 1434 2868 essent
1441 2831 1544 2878 iuris,
1556 2830 1627 2867 nisi
1638 2827 1741 2882 quod
