1815 3181
416 182 499 221 128

812 181 1275 219 HERODOTI

415 305 546 344 μενος
593 289 640 332 δὲ
682 288 904 344 ἑταιρηΐηυ
948 293 1034 332 τῶν
1081 290 1364 346 ἡλικιωτέων,
1417 297 1676 351 καταλαβεῖν

414 356 496 413 τήν
536 354 776 412 ἀκρόπολιν
805 357 1030 413 ἐπειρήθη·

1073 358 1128 401 οὐ
1158 359 1402 416 δυνάμενος
1430 363 1475 406 δὲ
1505 362 1676 416 ἐπικροι·
1691 369 1731 404 15

386 429 564 481 3τῆσαι,
611 423 750 480 ἱκέτης
787 426 897 480 ἵζετο
939 426 1050 483 πρὸς
1085 427 1300 485 τῶγαλμα.
1355 430 1543 481 τούτους
1582 428 1674 473 οἰνι-

358 599 500 633 sumere,
532 584 630 638 μέγα
649 591 815 638 φρονεῖν
830 618 840 636 ,
871 596 914 626 ut
932 591 1016 626 Eu-

358 642 468 680 stath.
492 643 554 680 l.l.
572 656 700 694 expon
719 655 748 692 t,
782 648 867 683 coll.
883 646 1013 686 Schol.

358 699 406 735 ad
427 698 620 749 Aristoph.
650 702 696 738 Pl
715 709 752 738 ut.
774 703 880 746 5723
911 703 1014 740 unde

356 769 446 791 cum
478 755 697 807 Schweigh.
726 765 763 796 et
791 758 1016 798 Schneider.

358 814 396 849 in
408 814 504 849 Lex.
518 814 583 850 Gr.
605 815 656 851 ita
673 816 912 867 interpretari
929 830 1018 854 ma-

357 870 449 906 lim:
481 870 520 906 ob
551 873 714 921 spiritum
741 875 908 922 nimium,
950 887 1016 924 quo

356 927 505 976 inflatus
525 927 628 977 fuit,
672 930 896 980 tyrannidem
924 931 1016 980 affe-

356 985 469 1020 ctavit
497 997 527 1020 s.
554 985 676 1035 magis
697 985 745 1023 ad
774 987 855 1038 ipsa
874 988 1013 1026 verba:

356 1040 561 1089 tyrannidis
590 1044 826 1092 acquirendae
849 1058 907 1094 spe
928 1058 1014 1095 pro-

351 1100 470 1146 posita
488 1098 656 1147 superbiit
673 1101 837 1151 inflatus.
861 1101 926 1139 Cr.
956 1102 1014 1139 ci-

355 1159 411 1189 tat
439 1155 717 1205 VVyttenbach.
749 1156 798 1193 ad
817 1157 1012 1195 Plutarch.

358 1209 510 1254 Quaest.
533 1212 689 1253 Graece.
711 1226 799 1264 pag.
821 1213 874 1255 64
900 1216 1012 1264 (ΥΟΕ

357 1267 405 1314 Π,
429 1267 483 1316 1),
503 1268 571 1304 ubi
591 1267 638 1305 de
657 1270 738 1320 ipsa
762 1283 802 1306 re
821 1278 1014 1310 monetur.

357 1323 469 1368 Quod
498 1326 680 1363 continuo
706 1328 876 1379 sequitur
895 1340 1016 1380 προσ-

354 1376 626 1432 ποιησάμενος
645 1384 813 1434 accipio:
845 1398 921 1422 cum
948 1385 1017 1422 sibi

356 1437 586 1486 conciliasset,
616 1439 666 1477 ad
693 1453 777 1477 suas
793 1446 913 1491 partes
930 1455 1015 1493 per-

355 1496 544 1542 traxisset,
586 1496 790 1548 interprete
831 1498 1014 1536 Valcken.

356 1549 406 1587 ad
429 1552 499 1597 VI,
531 1555 597 1601 66,
627 1554 695 1590 ubi
715 1555 803 1591 citat
828 1554 1009 1606 Thucyd.

355 1609 384 1655 1,
416 1608 481 1649 57.
510 1609 704 1661 Aristoph.
725 1612 798 1662 Eq.
821 1612 902 1652 215
923 1613 1011 1650 coll.

356 1664 498 1702 Herod,
519 1667 588 1714 IX,
611 1670 679 1708 36.
711 1667 813 1705 Add.
845 1669 911 1720 qui
931 1671 1013 1705 He·-

354 1720 479 1758 rodoti
505 1722 636 1759 locum
667 1723 837 1761 laudavit
867 1724 1012 1763 Thom.

354 1779 504 1828 Magist.
529 1792 558 1816 s.
579 1793 616 1817 v.
641 1793 729 1831 pag.
755 1781 838 1822 754
859 1789 896 1818 et
916 1795 1011 1819 con-

353 1835 411 1871 fer
440 1848 553 1886 supra
573 1837 629 1884 V,
652 1840 730 1878 66:
780 1834 850 1876 τὸν
883 1839 1015 1888 δῆμον

354 1893 699 1944 προσεταιρίζεται,
721 1895 787 1931 ubi
808 1894 884 1932 vid.
907 1896 1010 1932 citat.

414 1947 544 1998 ἱκέτης
565 1949 664 1997 ἵζετο
686 1947 786 2001 πρὸς
809 1948 1011 2004 τῶγαλμα]

356 2003 418 2040 Ad
438 2005 670 2050 locutionem
690 2007 792 2044 conf.
812 2009 857 2055 V,
883 2011 946 2049 12.
959 2009 1014 2050 25

354 2061 446 2113 ibiq.
466 2069 562 2098 nott.
600 2064 644 2099 In
664 2071 890 2113 argumento
912 2078 1014 2102 non-

355 2116 450 2154 nihil
479 2120 613 2155 Noster
643 2118 828 2171 discrepat
855 2133 877 2157 a
897 2120 1012 2157 Thu—

356 2173 511 2225 cydide,
557 2176 623 2227 qui
661 2177 848 2227 Cylonem
886 2178 1012 2228 ipsum

355 2243 432 2267 una
457 2244 547 2267 cum
572 2232 686 2269 fratre
714 2233 901 2283 aufugisse
932 2240 1011 2270 tra-

354 2286 434 2335 dit,
495 2294 637 2325 ceteros
677 2302 767 2326 vero
815 2288 1012 2326 obsidione

353 2356 497 2395 pressos
517 2357 560 2381 ac
581 2346 704 2393 fame,
734 2344 809 2397 quit
835 2347 1012 2383 nonnulli

353 2400 451 2437 adeo
470 2401 631 2438 absumti
650 2402 802 2449 suerint,
826 2401 874 2439 ad
893 2415 1009 2452 aram,

356 2471 454 2511 quae
476 2465 529 2495 est
548 2459 588 2494 in
610 2471 695 2495 arce
712 2488 721 2506 ,
755 2458 980 2496 consedisse.

411 2510 578 2561 τούτους
623 2510 824 2554 οἷνιστὲασι
864 2512 937 2566 μὲν
971 2515 1014 2554 οἵ

356 2567 552 2623 πρυτάνις
594 2573 674 2610 τῶν
719 2568 1006 2622 Ναυκράρων]

355 2624 521 2675 τούτους
542 2627 604 2666 hic
633 2627 681 2665 ad
702 2628 890 2679 Cylonem
911 2629 1007 2665 eius-

356 2698 429 2736 que
451 2687 570 2723 socios
583 2716 592 2733 ,
613 2682 686 2735 τήν
705 2683 907 2735 ἑταιρηίην
926 2686 1007 2724 τῶν

352 2740 593 2791 ’ἡλικιωτέων
608 2742 740 2778 refero.
788 2742 861 2786 Qui
881 2743 1006 2778 Hero-

355 2797 433 2836 doti
471 2806 559 2836 suut
599 2799 642 2839 οἵ
681 2793 884 2850 Πρυτάνις
924 2800 1004 2837 τῶν

1076 586 1353 643 Ναυκρᾶρων,
1375 604 1509 628 eorum
1527 592 1612 628 loco
1629 591 1731 643 apud

1072 647 1346 699 Thucydidem
1373 650 1402 696 1,
1435 651 1514 689 126
1543 649 1732 700 Cylouem

1073 706 1229 756 eiusque
1258 706 1378 742 socios
1419 704 1597 742 dicuntur
1637 700 1732 744 οἷνα-

1073 763 1213 812 στῆσαι
1225 761 1266 800 οἱ
1273 763 1354 800 τῶν
1362 757 1592 812 Ἀθηναίων
1605 760 1733 802 ἐπιτε-

1072 816 1285 869 τραμμένοι
1315 815 1388 869 τήν
1425 815 1633 869 φυλακήν,
1664 819 1732 871 qui

1069 873 1188 911 iidem
1217 875 1330 925 paulo
1361 881 1448 911 ante
1476 882 1663 912 vocantur
1691 874 1734 915 οἷ

1071 930 1185 971 ἐννέα
1193 928 1402 983 ’Ἄρχοντες
1422 930 1508 983 (qui
1525 938 1617 969 tunc
1629 938 1731 968 tem-

1069 989 1170 1039 poris
1190 988 1355 1039 plurima
1373 989 1414 1024 in
1435 989 1630 1040 republica
1649 995 1729 1026 tra-

1070 1045 1249 1094 ctabant)
1279 1046 1384 1089 sive,
1423 1052 1467 1082 ut
1505 1046 1557 1082 ait
1583 1046 1731 1083 Pausa-

1068 1103 1150 1139 nias
1178 1102 1260 1149 VH,
1280 1101 1334 1143 25
1370 1103 1408 1147 ξ.
1432 1104 1477 1141 1:
1510 1101 1552 1141 οἱ
1577 1101 1732 1152 ἔχοντες

1068 1155 1140 1206 τοὶς
1178 1153 1314 1210 ἆρχοῖς.
1390 1158 1495 1203 Quae
1532 1157 1729 1210 quomodo

1071 1228 1161 1252 cum
1197 1214 1422 1252 Herodoteis
1465 1216 1727 1265 concilientur,

1070 1285 1151 1308 non
1170 1273 1256 1309 satis
1267 1272 1427 1323 perspici
1445 1284 1554 1322 posse
1575 1273 1626 1308 ait
1636 1272 1730 1308 Val-

1072 1327 1199 1376 cken.,
1214 1330 1286 1365 nisi
1296 1327 1568 1379 Thucydidem
1576 1329 1617 1364 in
1626 1326 1730 1365 hisce

1071 1386 1190 1422 alium
1214 1392 1328 1437 atque
1348 1384 1587 1421 Herodotum
1617 1398 1729 1422 secu-

1069 1448 1154 1479 tum
1175 1456 1254 1479 esse
1273 1449 1412 1479 statuas
1420 1448 1628 1479 auctorem.
1647 1443 1730 1478 He-

1072 1498 1237 1536 rodoteis
1255 1500 1373 1535 utitur
1381 1500 1628 1549 Harpocratio
1643 1512 1673 1535 s.
1688 1512 1727 1536 v.

1073 1551 1272 1607 δήμαρχος
1292 1568 1380 1606 pag.
1405 1558 1483 1596 120
1503 1562 1540 1592 et
1556 1570 1729 1606 ναυκρα-

1071 1609 1162 1663 ρικά
1183 1625 1271 1662 pag.
1292 1613 1373 1653 250
1386 1640 1396 1659 ,
1425 1612 1491 1648 ubi
1512 1611 1624 1649 docet
1641 1624 1730 1648 ma-

1068 1670 1243 1718 gistratus
1275 1669 1367 1705 olim
1388 1669 1594 1718 appellatos
1613 1669 1728 1705 fuisse

1069 1721 1355 1776 Ναυκράρους,
1384 1725 1493 1775 plura
1513 1738 1561 1761 ex
1579 1725 1729 1762 Aristo-

1070 1782 1152 1818 telis
1166 1784 1308 1818 Rerum
1319 1782 1488 1820 Publice.
1510 1782 1613 1818 libris
1624 1794 1728 1818 nunc

1071 1837 1273 1889 deperditis
1313 1837 1493 1886 affere1153
1542 1837 1646 1874 unde
1664 1836 1728 1874 'ea

1070 1907 1226 1946 quoque
1247 1894 1464 1942 fluxerunt,
1496 1907 1594 1946 quae
1625 1893 1727 1945 apud

1070 1952 1218 1988 Polluc.
1249 1952 1350 1998 VIII,
1393 1953 1484 1991 108.
1516 1949 1648 1988 Schol.
1677 1949 1727 1988 ad

1067 2006 1260 2059 Aristoph.
1285 2009 1387 2045 Nub.
1412 2010 1477 2055 37,
1508 2008 1595 2044 coll.
1615 2006 1727 2044 Suid.

1068 2078 1098 2101 s.
1118 2079 1156 2102 v.
1180 2060 1441 2116 Navnqapmot
1463 2065 1512 2101 T.
1532 2066 1568 2100 II
1596 2064 1727 2114 p.599

1069 2128 1105 2158 et
1117 2120 1268 2168 Photio‚
1288 2122 1478 2170 leguntur,
1501 2127 1601 2157 recte
1614 2121 1726 2156 allata

1066 2178 1107 2213 iu
1135 2178 1351 2214 Aristotelei
1387 2177 1473 2213 libri
1504 2177 1727 2227 fragmentis

1066 2245 1088 2269 a
1118 2234 1160 2270 C.
1191 2235 1408 2270 Neumann.
1440 2245 1529 2283 pag.
1562 2235 1615 2274 88
1643 2246 1724 2284 seq.

1068 2289 1174 2334 Quae
1208 2290 1382 2340 longiora
1408 2301 1500 2326 sane
1527 2302 1646 2341 quam
1682 2295 1726 2326 ut

1066 2344 1106 2382 h.
1145 2346 1171 2382 l.
1209 2347 1356 2397 integra
1395 2353 1645 2396 apponantur,
1684 2344 1725 2382 id

1066 2408 1167 2439 certe
1199 2404 1372 2440 evincere
1408 2402 1605 2450 videntur,
1636 2408 1725 2439 ante

1068 2453 1294 2510 δημάρχους
1323 2473 1353 2497 s.
1387 2460 1625 2509 singulorum
1653 2457 1723 2496 de·

1065 2528 1220 2552 morum
1247 2516 1455 2566 praefectos
1475 2529 1497 2552 a
1518 2513 1721 2563 Clisthene,

1066 2578 1108 2608 ut
1143 2573 1293 2619 volunt,
1325 2573 1533 2619 institutos,
1561 2570 1722 2608 Athenis

1066 2628 1177 2664 fuisse
1219 2625 1488 2681 Ναυκράρους
1520 2629 1597 2664 iam
1631 2634 1720 2664 ante

1065 2685 1262 2731 Solonem,
1293 2687 1400 2722 aliter
1419 2697 1461 2721 ac
1481 2683 1594 2721 tradit
1614 2683 1722 2721 Pho-

1061 2742 1146 2786 tius,
1177 2742 1409 2788 constitutos,
1436 2748 1473 2778 et
1493 2739 1630 2777 eodem
1643 2741 1724 2777 fere

1063 2810 1219 2834 munere
1232 2828 1241 2846 ‚
1263 2812 1339 2850 quo
1362 2799 1427 2850 qui
1446 2799 1485 2834 in
1506 2809 1639 2834 eorum
1659 2797 1721 2834 lo-
