1789 3213
424 151 895 191 POLYMNIA.
952 151 1051 190 VII.

83 269 106 306 3
119 264 423 314 συνεστεῶτας,
437 259 727 313 ἀπολιπόντας
746 261 949 316 οἴχεσθαι.
973 257 1032 312 ὥς
1047 258 1093 303 δὲ
1105 259 1214 304 κατοὲ
1234 259 1370 316 ’Ῑηπυ-
1427 263 1508 306 585

1283 149 1367 192 705

113 333 215 388 γίην
239 330 439 387 γενέσθαι
467 328 705 380 πλώοντας,
735 326 1015 385 ὑπολαβόντα
1049 327 1186 383 σφέας
1216 329 1423 383 χειμῶ-ΞΟ

85 404 173 444 4να
207 400 342 456 μέγαν
369 397 587 454 ἐκβαλέειν
616 397 658 448 ἐς
685 395 765 452 τὴν
793 399 887 452 γῆν.
935 396 1300 450 συναραχθέντων
1321 395 1368 438 δὲ

112 471 200 511 τῶν
217 469 394 518 πλοίων,
426 463 634 520 οὐδεμίαν
662 463 747 520 γάρ
779 474 857 519 σφι
882 463 943 506 ἔτι
971 462 1157 520 κομιδήν
1184 463 1227 515 ἐς
1250 461 1367 518 Κρή·

109 550 190 590 την
219 536 468 589 φαίνεσθαι,
496 532 689 576 ἐνθαῦτα
702 530 850 586 Ὑρίην
869 529 998 574 πόλιν
1019 533 1263 582 κτίσαντας,
1291 547 1368 574 κα-

109 603 307 657 ταμεῖναί
334 618 393 656 τε,
423 601 496 645 καὶ
523 598 844 657 μεταβαλόντας
873 597 970 642 ἀντὶ
990 599 1068 654 μὲν
1082 602 1267 655 Κρητῶν
1294 614 1367 654 γε-
1378 603 1424 640 25

110 670 264 714 νέσθαι
290 668 491 728 Ἰήπυγας
520 669 826 719 ΝΙεσσαπίους,
857 663 954 711 ἀντὶ
982 667 1029 712 δὲ
1067 664 1180 711 εἶναι
1208 665 1366 723 νησιώ-

53 841 148 878 bum
179 837 436 894 ὑπολαβόντα
465 841 598 891 (cuius
624 842 709 878 loco

51 897 94 934 in
113 898 333 936 Florentino
345 900 536 936 invenitur
557 896 710 937 ἀπολα-

52 951 193 1005 βόντα)
213 956 278 1003 IV,
302 958 394 996 179.
416 957 516 1003 VIII,
538 957 603 996 96.
619 957 709 1002 118,

52 1011 120 1047 ubi
146 1012 316 1048 similiter
347 1011 394 1048 de
428 1019 542 1049 vento
574 1010 710 1048 dicitur

53 1067 176 1105 subito
196 1068 388 1117 abripiente
412 1081 455 1105 ac
477 1067 664 1118 deferente.

109 1123 441 1175 συναραχθέντων
454 1124 496 1163 δὲ
507 1126 586 1162 τῶν
595 1123 709 1162 πλοί-

53 1180 135 1228 ων]
164 1181 244 1221 scil.
273 1183 329 1232 τῷ
358 1183 540 1231 χειμῶνι,
580 1183 710 1229 tempe-

48 1239 143 1274 state
163 1238 309 1274 navibus
330 1238 461 1274 collisis
474 1267 483 1285 ,
515 1236 709 1287 confractis

52 1294 144 1340 sive,
161 1300 205 1330 ut
231 1293 338 1330 Valla
360 1293 537 1331 dederat:
569 1294 708 1331 lacera-

53 1351 101 1386 tis
117 1351 277 1387 navibus.
336 1351 446 1388 Conf.
467 1353 520 1395 Π,
543 1352 595 1390 63
613 1349 678 1387 fin.

109 1403 252 1458 ‘Yplnv
274 1402 416 1455 πόλιν]
446 1409 492 1443 In
512 1407 614 1443 urbis
633 1419 707 1443 no-

51 1462 158 1499 mine
206 1463 405 1500 scribendo
442 1463 552 1501 codd.
594 1462 706 1500 valde

51 1519 251 1557 fluctuant.
327 1521 531 1570 Vulgatam
575 1526 707 1557 tenent

51 1574 238 1626 Stephan.
266 1577 363 1627 Byz.
384 1590 413 1613 s.
443 1591 479 1614 v.
501 1589 588 1627 pag.
611 1578 704 1617 729.

49 1633 224 1672 Eustath.
237 1631 285 1669 ad
297 1634 455 1685 DionyS.
468 1636 564 1675 378.
588 1631 706 1683 Apud

51 1689 283 1727 Strabonem
313 1691 346 1727 V
365 1702 453 1741 pag.
476 1692 558 1731 232
574 1703 603 1726 s.
623 1688 703 1729 431

50 1745 158 1798 quod
185 1747 348 1797 legimus
385 1743 557 1797 Οὐρίαν,
593 1758 708 1781 men-

52 1801 191 1840 dosum
209 1802 353 1839 habent
365 1832 374 1850 ,
395 1804 487 1850 nisi,
519 1808 561 1839 ut
581 1803 709 1839 statuit

50 1858 202 1896 Hoeck.
218 1860 318 1895 Cret.
338 1860 375 1895 ΙΙ
397 1873 437 1910 p.
456 1861 535 1899 383
548 1887 558 1906 ,
592 1871 709 1910 quam

52 1916 190 1952 Graeci
210 1916 434 1966 appellarint
442 1915 486 1952 Η
482 1917 597 1965 yriam
616 1916 706 1964 sive,

52 1978 96 2008 ut
116 1971 218 2022 apud
231 1973 334 2021 alios,
352 1971 522 2022 Hyrium,
535 1972 619 2008 Itali
628 1972 709 2022 pri-

52 2029 107 2065 sci
125 2030 297 2066 vocarint
339 2028 487 2075 Uriam,
518 2029 625 2064 cuius
645 2029 709 2064 in-

54 2085 162 2122 colae
179 2084 326 2122 Urz'tam'
353 2084 455 2135 apud
482 2085 709 2121 Frontinum

53 2147 91 2178 et
107 2140 247 2191 Hyrim'
265 2141 366 2192 apud
387 2142 568 2178 Plinium.
608 2141 709 2185 Quin

51 2197 250 2248 oppidum,
271 2197 375 2250 quod
394 2211 497 2235 nunc
518 2199 558 2234 in
573 2199 708 2235 veteris

51 2255 195 2305 Hyriae
218 2256 348 2292 locum
377 2261 612 2291 exstructum
641 2262 707 2303 est,

51 2317 211 2348 vocatur
243 2311 346 2349 Oria.
402 2310 488 2352 vid.
517 2313 709 2353 Mannert.

52 2368 121 2416 IX,
143 2370 170 2407 2
188 2380 227 2417 p.
249 2369 316 2408 66.
351 2367 420 2406 Cr.
446 2368 608 2405 conferri
627 2369 710 2406 vult

53 2423 211 2460 Comitis
242 2421 290 2459 de
310 2423 515 2475 Stollberg.
538 2426 649 2462 Reise
669 2426 707 2462 in

52 2481 187 2517 Italien
207 2480 292 2517 Vol.
309 2481 363 2515 ΠΙ
383 2481 477 2530 epist
499 2483 547 2520 81
571 2495 608 2531 p.
626 2483 707 2522 238

54 2549 136 2588 seq.
156 2549 242 2573 nov.
264 2534 352 2573 edit.
375 2537 473 2586 Opp.
504 2537 708 2581 Quemau-

54 2600 134 2632 tem
153 2605 266 2644 supra
295 2592 405 2628 citavi
434 2591 649 2641 Hoeckius,
676 2594 707 2631 is

55 2650 81 2686 l.
96 2650 122 2686 l.
143 2663 183 2700 p.
218 2648 298 2690 384
326 2649 486 2699 Hyriam
507 2660 527 2684 a
549 2649 708 2686 Creten-

54 2706 156 2743 sibus
176 2706 308 2756 primis
333 2704 527 2741 conditam
548 2718 626 2742 esse
636 2718 708 2741 ne-

55 2767 120 2812 gat
138 2760 396 2813 HerodotIque
424 2762 638 2799 testimonio
667 2759 708 2798 id

109 2820 331 2858 Hznonor.
352 2819 418 2856 ΠΙ.

766 853 889 877 unum
909 840 1024 877 tribui
1043 840 1135 888 vult,
1152 845 1207 885 ut,
1229 851 1318 875 cum
1338 839 1422 890 Hy-

765 898 820 933 ria
839 898 917 933 iam
935 897 1050 947 longe
1074 903 1162 933 ante
1184 896 1424 932 Cretensium

766 953 976 991 adventum
1012 955 1053 990 in
1092 953 1200 989 Italia
1240 952 1424 996 exstiterit

765 1011 953 1058 omnium,
975 1023 1069 1062 quas
1088 1010 1265 1060 Messapii
1284 1015 1424 1045 tenue-

765 1068 852 1114 rint,
874 1068 962 1103 urbs
979 1067 1252 1118 antiquissima,
1266 1065 1426 1101 Creten-

765 1136 822 1160 ses
843 1130 974 1173 postea
993 1124 1046 1159 ibi
1057 1121 1269 1160 consedisse
1280 1128 1424 1158 statua-

764 1191 862 1226 mus,
886 1180 951 1230 qui
970 1186 1100 1216 tamen
1121 1191 1210 1215 cum
1239 1178 1341 1214 Italis
1361 1179 1426 1214 in-

766 1237 855 1272 colis
885 1248 980 1272 mox
1006 1236 1060 1272 ita
1094 1235 1332 1281 coaluerint,
1381 1240 1425 1271 ut

764 1293 826 1330 vel
844 1292 1083 1329 Cretensium
1103 1304 1248 1328 nomen
1266 1290 1423 1326 interie—

764 1350 822 1387 rit.
880 1350 939 1385 De
974 1361 1050 1401 quo
1080 1349 1197 1386 velim
1226 1348 1423 1398 peritiores

762 1404 946 1442 iudicent.
1004 1404 1201 1441 Herodoto
1233 1411 1361 1441 autem
1381 1404 1424 1440 in

763 1463 900 1499 talibus
925 1461 1146 1498 enarrandis
1167 1473 1212 1497 eo
1232 1461 1424 1497 maiorem

764 1518 946 1571 equidem
967 1517 1085 1555 fidem
1105 1515 1325 1553 habendam
1342 1529 1424 1554 esse

762 1588 923 1622 censeo,
963 1587 1038 1627 quo
1072 1575 1226 1625 propior
1246 1573 1319 1620 kille
1349 1572 1424 1610 fuit

760 1630 819 1669 his
858 1632 947 1683 ipsis
986 1631 1078 1668 locis
1091 1659 1101 1679 ‚
1138 1628 1294 1667 Thuriis
1328 1628 1423 1666 dum

765 1689 1073 1726 commorabatur
1089 1717 1099 1735 ,
1119 1686 1222 1724 unde
1246 1688 1287 1723 in
1308 1684 1422 1723 hasce

763 1747 894 1796 plagas
931 1745 1121 1796 urbesque
1158 1756 1248 1780 eum
1285 1743 1423 1779 itinera

762 1803 894 1839 fecisse
924 1814 1112 1853 perquam
1140 1799 1183 1837 fit
1210 1799 1422 1850 probabile.

819 1856 1009 1910 γενέσθαι
1027 1853 1220 1908 Ἰήπυγας
1255 1857 1424 1894 Messa-

763 1914 911 1963 πίους]
942 1914 1067 1964 Vulgo
1099 1914 1217 1950 oratio
1246 1912 1380 1962 incipit
1399 1924 1422 1949 a

763 1983 858 2008 voce
873 1967 1082 2022 Ἰήπυγας,
1099 1970 1161 2006 cui
1182 1967 1286 2021 quod
1311 1967 1422 2005 addi-

763 2034 825 2064 tur
845 2026 884 2068 h.
901 2028 928 2064 l.
955 2027 1228 2072 Μεσσαπίους,
1250 2024 1289 2062 id
1306 2038 1422 2062 accu-

764 2091 891 2120 ratum
910 2083 1052 2121 indicat
1072 2085 1313 2133 scriptorem3
1330 2094 1423 2118 nam

764 2141 922 2191 Iapygia
942 2141 1046 2191 regio
1067 2141 1106 2176 in
1128 2147 1200 2176 tres
1224 2139 1340 2189 vulgo
1368 2137 1423 2174 di-

765 2197 904 2234 viditur
914 2205 1056 2248 partes,
1067 2209 1229 2248 quarum
1246 2208 1301 2243 ea,
1325 2207 1423 2246 quae

766 2253 814 2290 ad
833 2255 1130 2305 septentrionem
1144 2253 1313 2289 maxime
1334 2264 1423 2288 ver-

765 2311 845 2361 git,
888 2311 1055 2349 Dauniae
1093 2309 1226 2346 habuit
1263 2320 1421 2355 nomen,

768 2380 885 2419 quam
916 2368 1039 2418 ipsam
1073 2366 1221 2415 excepit
1255 2364 1423 2402 Peucetiam

767 2431 804 2461 et
824 2425 933 2461 tertia
953 2437 1039 2474 pars
1060 2421 1109 2459 ad
1130 2423 1317 2458 orientem
1337 2432 1422 2456 ma-

765 2481 871 2517 xime
901 2487 1072 2531 spectans
1104 2478 1311 2527 IlIessapia,
1359 2489 1422 2512 re-

765 2538 897 2587 giones
918 2537 1145 2574 Tarentinas
1157 2534 1422 2584 peninsulam-

765 2607 841 2644 que
890 2592 1090 2643 Iapygiam
1149 2590 1421 2639 complectens.

761 2648 848 2687 Vid-
888 2651 1077 2685 Mannert.
1116 2647 1184 2693 IX,
1219 2649 1244 2684 2
1273 2658 1359 2695 pag.
1393 2646 1420 2684 2

762 2718 868 2758 seqq.
889 2726 944 2731 —
973 2703 1036 2740 Ad
1056 2703 1170 2740 verba
1192 2695 1279 2739 α’ντὶ
1300 2698 1341 2739 δὲ
1364 2695 1421 2738 εἶ-

763 2776 830 2801 ναι
853 2756 1051 2811 νησιώτας
1071 2757 1148 2856 vi4d5.
1170 2764 1266 2794 nott.
1288 2755 1335 2794 ad
1356 2756 1419 2804 vl,
