1834 3258
513 265 820 302 ERATO.
878 265 958 302 Vl.

1294 263 1377 302 419

109 379 215 435 ,,τὴν
239 373 608 430 Ἐννεάκρουνον·
642 372 696 416 οὐ
726 371 812 429 γὰρ
844 369 958 415 εἶναι
985 374 1146 415 τοῦτον
1174 370 1253 414 τόν
1281 369 1377 426 χρό-

110 461 220 500 ,,νον
247 445 374 499 σφίσι
403 459 467 486 κω
507 440 610 486 οὐδὲ
639 445 754 484 τοῖσι
785 439 952 483 ἄλλοισι
974 438 1153 495 ’Ἕλλησι
1194 439 1376 490 οἰκέτας.

78 511 250 565 5,,ὅκως
270 511 317 554 δὲ
339 511 514 555 ἔλθοιεν
534 507 675 563 αὗται,
705 508 810 560 τούς
831 507 1085 563 Πελασγοὺς
1107 505 1191 550 ὑπὸ
1222 505 1380 562 ὕβριός

100 596 172 633 ,,τε
201 580 275 624 καὶ
305 579 539 635 ὀλιγωρίης
567 579 753 634 βιᾶσθαί
772 588 920 632 σφεας.
961 575 1035 619 καὶ
1064 578 1201 619 ταῦτα
1231 574 1379 630 μέντοι

102 649 259 702 ,,σφίσι
287 644 369 691 οὐκ
399 645 599 702 ἀποχρᾶν
618 645 802 696 ποιέειν,
835 642 941 687 ἀλλὰ
965 644 1084 694 τέλος
1114 643 1187 686 καὶ
1207 642 1378 699 ἐπιβον-
1391 648 1434 683 35

106 714 344 767 ,,λεύοντας
403 712 689 770 ἐπιχειρήσειν
745 716 942 769 φανῆναι
989 710 1055 755 ἐπ’

1113 709 1374 767 αὐτοφώρῳ.

72 782 329 836 6,,ἑωυτοῦς
364 781 410 826 δὲ
438 782 644 838 γενέσθαι
663 777 857 838 τοσούτῳ
880 779 1058 823 ἐκείνων
1079 778 1244 833 ἄνδρας
1264 778 1378 834 ἆμεί·

105 867 286 905 ,,νονας,
328 850 416 908 ὅσῳ
457 850 622 904 παρεὸν
663 846 836 892 αὐτοῖσι
880 847 1135 892 ἀποκτεῖναι
1161 846 1267 898 τούς
1297 850 1379 889 Πε-

105 918 347 974 ,,λασγούς,
384 919 477 962 ἐπεί
507 930 643 975 σφεας
674 917 832 973 ἔλαβον
862 915 1249 972 ἐπιβουλεύοντας,
1297 912 1380 958 οὐκ

105 988 358 1044 ,,ἒθελῆσαι,
400 985 509 1030 ἄλλα
550 998 630 1042 σφι
666 989 890 1039 προειπεῖν
919 984 968 1028 ἐκ
996 987 1072 1040 τῆς
1100 986 1182 1040 γῆς
1211 982 1378 1036 ἐξιέναι.
1391 986 1438 1023 40

76 1062 98 1096 7
109 1055 243 1109 ,πούς
272 1056 339 1106 δὲ,
381 1054 497 1097 οὕτω
537 1053 592 1111 δή
631 1053 986 1110 ἐκχωρήσαντας,
1028 1051 1139 1095 ἄλλα
1180 1066 1224 1094 τε
1263 1055 1380 1106 σχεῖν

106 1123 273 1178 ,,χωριά
301 1122 376 1165 καὶ
404 1123 459 1176 δὴ
499 1122 573 1165 καὶ
600 1126 811 1179 Λῆμνονέ
802 1125 826 1145 “
876 1118 1045 1164 Ἐκεῖνα
1072 1136 1152 1176 μεν
1179 1119 1233 1177 δή
1258 1118 1382 1163 Εκα-

0 1183 42 1230 ῗ8
107 1195 230 1241 ταῖος
268 1190 400 1243 ε’λεξε,
443 1193 580 1234 ταῦτα
620 1191 668 1235 δὲ
700 1189 927 1246 Ἀθηναῖοι
962 1187 1172 1243 λέγουσι.)
1241 1189 1296 1230 Οἱ
1340 1187 1386 1230 δὲ

108 1259 330 1314 Πελασγοὶ
367 1252 492 1302 οὗτοι
522 1262 702 1315 Λῆμνον
738 1258 835 1302 τότε
863 1255 1113 1312 νεμόμενοι,
1158 1256 1232 1300 καὶ
1267 1258 1382 1311 βου-

103 1325 283 1382 λόμενοι
309 1326 415 1378 τούς
441 1326 703 1383 Ἀθηναίους
743 1324 1102 1382 τιμωρήσασθαι,
1147 1320 1194 1368 εὖ
1225 1340 1270 1368 τε
1299 1324 1380 1376 εξε-

38 1389 44 1393 ’
105 1393 364 1450 πιστάμενοι
411 1393 486 1447 τὰς
526 1393 770 1452 Ἀθηναίων
810 1393 963 1450 ὁρτὰς,
1011 1393 1413 1451 πεντηκοντέρονς4
1394 1400 1437 1434 45

49 1522 216 1573 regionis
245 1524 408 1561 suavitas
438 1522 629 1576 fontisque
649 1535 718 1561 co-

34 1580 115 1631 ¹pia
134 1580 345 1628 uberrima,
369 1593 467 1632 quae
485 1581 531 1618 ab
552 1582 717 1633 antiquis

54 1643 256 1687 tantopere
304 1638 529 1675 celebratur.
609 1639 716 1684 Quae

51 1705 143 1732 vero
178 1692 253 1730 hoc
280 1694 365 1732 loco
405 1694 631 1743 traduntur,
672 1708 717 1732 ea

49 1751 112 1788 vel
130 1750 239 1801 pictis
258 1752 299 1787 in
327 1752 424 1789 vasis
446 1751 494 1789 ad
516 1753 716 1789 oculorum

50 1820 180 1844 sensus
191 1806 363 1845 traducta
377 1822 455 1846 esse
466 1810 595 1846 statuit
616 1810 658 1846 C.
671 1810 714 1846 O.

49 1864 201 1904 Mtiller.
230 1866 363 1917 Itaque
383 1867 424 1902 in
443 1868 604 1903 Etrusco
625 1879 715 1903 vaso

50 1933 177 1971 nuper
196 1930 370 1972 reperto,
397 1923 465 1958 ubi
485 1924 543 1960 vir
563 1924 715 1973 conspi-

53 1978 151 2014 citur
171 1985 337 2015 armatus
358 1977 562 2015 adfontem
578 1992 717 2029 aggre-

52 2033 160 2071 diens
193 2036 383 2085 virginem
400 2064 408 2082 ,
431 2036 619 2073 eiusmodi
639 2038 717 2072 Pe-

51 2090 204 2141 lasgum
223 2105 252 2129 s.
266 2091 517 2144 Tyrrhenum
536 2099 645 2143 putat
655 2106 719 2129 re-

49 2150 312 2199 praesentari,
365 2151 433 2200 qui
470 2151 636 2199 virgines
669 2148 718 2187 ad

49 2206 336 2242 Enneacrunon
360 2206 509 2243 fontem
530 2205 720 2243 acceden-

51 2267 108 2299 tes
128 2262 385 2313 aggrediatur.
426 2263 512 2301 vid.
542 2264 714 2313 Gotting.

52 2319 214 2369 Anzeig.
231 2321 350 2360 1832.
362 2333 420 2357 nr.
436 2323 514 2360 102
524 2334 564 2371 p.
591 2323 716 2360 1017.

109 2372 190 2415 ὑπὸ
225 2372 368 2427 ὕβριός
404 2391 445 2415 τε
472 2376 541 2415 καὶ
577 2371 717 2428 ὀλιγω-

8 2464 16 2474 ,
54 2431 167 2484 ρίης]
198 2431 347 2468 Eadem
384 2433 526 2470 locutio
556 2434 587 2481 Ι,
622 2434 716 2482 105,

54 2489 121 2524 ubi
140 2489 277 2526 vocula
297 2503 337 2528 τε
357 2497 442 2540 post
452 2487 533 2530 v‘no'
550 2490 718 2527 colloca-

54 2551 138 2593 tur,
166 2546 279 2596 plane
301 2552 343 2582 ut
370 2548 414 2593 V,
436 2547 475 2588 5.
533 2547 658 2592 Quam
678 2548 719 2583 in

56 2613 139 2638 rem
159 2603 269 2653 plura
290 2601 493 2654 disputavit
503 2604 717 2643 Wellauer.

55 2658 96 2695 in
134 2657 243 2696 lahu.
285 2666 322 2696 et
361 2658 527 2697 Seebod.
564 2659 718 2698 Iahrbb.

59 2715 260 2767 Supplem.
281 2717 298 2752 I
320 2716 468 2766 (1832)
489 2729 527 2767 p.
541 2717 634 2757 385.
655 2716 718 2754 Ad

61 2784 198 2810 vocem
215 2768 424 2825 ὀλιγωρίης
445 2772 546 2809 conf.
564 2780 658 2809 nott.
670 2772 718 2811 ad

60 2828 125 2877 III,
154 2830 206 2870 89
237 2836 273 2866 et
298 2829 346 2866 ad
366 2830 527 2867 verbum
549 2829 717 2879 βιᾶσθαι

62 2891 157 2926 nott.
174 2885 223 2923 ad
240 2886 305 2936 IV,
326 2885 392 2928 43.
451 2885 514 2924 Ad
535 2881 718 2940 ἀποχρᾶν

772 1522 849 1562 vid,
869 1529 966 1561 nott.
988 1521 1037 1560 ad
1056 1524 1086 1571 I,
1109 1525 1162 1564 66
1194 1529 1231 1560 et
1261 1521 1309 1560 de
1329 1523 1440 1560 locu-

772 1582 878 1617 tione
909 1575 968 1620 gn’
995 1575 1221 1635 αὐτοφώρω
1255 1582 1440 1632 φανῆναι

772 1639 835 1686 VI,
866 1640 933 1678 72

828 1689 1168 1748 τοσούτῳ-ὅσῳ]
1193 1691 1281 1730 vid.
1302 1691 1439 1730 Matth.

773 1752 839 1790 Gr.
871 1752 937 1788 Gr.
957 1765 997 1802 p.
1019 1750 1114 1791 852
1134 1752 1230 1791 897
1261 1745 1441 1802 τοσούτῳ

773 1807 955 1860 equidem
976 1821 1066 1845 oum
1086 1814 1244 1844 recentt.
1262 1805 1350 1843 dedi
1371 1819 1442 1857 pro

772 1867 958 1905 τοσοῦτο.
1016 1863 1079 1900 Ad
1099 1877 1250 1915 παρεον
1271 1863 1373 1900 conf.
1390 1863 1437 1911 V,

774 1924 840 1962 49.
887 1923 946 1958 De
975 1922 1168 1971 particulis
1189 1918 1257 1959 καὶ
1279 1917 1331 1970 δή
1357 1918 1438 1967 καὶ,

773 1984 982 2029 praeeunte
1012 1992 1051 2016 τε
1080 1976 1267 2016 Valcken.
1299 1978 1389 2013 citat
1408 1978 1438 2024 I,

775 2037 842 2075 29.
865 2037 959 2075 129.
980 2034 1043 2082 IV,
1076 2034 1170 2075 150.
1228 2034 1387 2081 Quibus,
1408 2035 1440 2071 si

776 2104 871 2141 opus
894 2097 1014 2132 esset,
1042 2091 1152 2141 plura
1173 2103 1222 2127 ex
1241 2089 1439 2128 Herodoto

777 2147 917 2184 addere
937 2160 1102 2198 possem.
1161 2146 1274 2193 Quod
1302 2149 1341 2184 in
1363 2147 1441 2184 fine

777 2206 908 2256 capitis
924 2206 1083 2255 legitur:
1116 2201 1141 2243 ἅ
1158 2207 1179 2243 λ
1191 2207 1211 2243 λ
1225 2221 1249 2243 α
1262 2219 1282 2242 τ
1295 2218 1312 2244 ε
1332 2208 1440 2255 σχεῖν

777 2263 900 2314 χωρία
919 2277 955 2300 κ.
975 2278 1007 2300 τ.
1031 2265 1065 2300 λ.
1095 2260 1170 2299 hoc
1205 2262 1248 2299 C.
1271 2262 1316 2298 Ο.
1335 2262 1440 2298 Miil—

775 2320 844 2356 ler.
866 2317 1098 2360 Orchomen.
1124 2332 1162 2370 p.
1184 2316 1267 2359 444
1283 2348 1292 2366 ‚
1323 2331 1442 2370 quem

775 2375 842 2414 Cr.
884 2377 998 2424 citat,
1039 2376 1154 2412 refert
1193 2374 1242 2412 ad
1272 2376 1441 2412 colonias

772 2432 958 2485 sedesque
1040 2431 1336 2484 Tyrrhenorum
1399 2433 1438 2468 in

774 2491 917 2527 Troica
948 2502 1014 2526 ora
1054 2491 1177 2544 prisco
1228 2487 1439 2526 admodum

774 2559 869 2586 aevo
888 2547 1135 2598 probabiliter
1153 2545 1338 2584 conditas.

927 2649 1017 2699 oap.
1041 2649 1293 2685 oxxxvm.

831 2715 1168 2768 πεντηκοντέρους
1179 2712 1438 2765 στησάμενοι]

774 2773 800 2810 i.
822 2786 855 2810 e.
877 2775 1030 2811 navibus
1054 2776 1248 2823 opportuno
1269 2772 1342 2808 loco
1367 2771 1440 2807 col-

774 2829 900 2867 locatis
929 2830 1081 2867 insidias
1100 2831 1320 2866 struxerunt.
1360 2828 1440 2867 Alii

772 2882 1034 2938 κτησάμενοι,
1074 2884 1149 2922 hoc
1187 2886 1266 2922 fere
1302 2897 1439 2925 sensu:

1061 2938 1155 2982 27*

1442 1184 1518 1213 Inde
1540 1187 1580 1215 ad
1598 1194 1716 1221 poenas

1442 1221 1593 1254 petendas
1602 1224 1700 1251 Bian-

1440 1261 1547 1281 r⁰¹lem
1555 1257 1702 1296 navibus,

1440 1288 1589 1325 appulsis,
1610 1300 1716 1318 nume

1437 1329 1506 1348 rum
1532 1312 1717 1352 feminarum

1446 1356 1616 1387 Atticarum
1646 1368 1701 1394 per

1441 1388 1715 1431 ins1d1as1ap1u1t

1439 1431 1506 1453 cum
1528 1425 1628 1465 iisque
1646 1435 1718 1457 cou-
