1815 3181
403 216 488 255 310

403 324 477 368 καὶ
516 322 714 367 δυσειδέα
749 321 931 376 ἐοῦσαν,

802 214 1266 251 HERODOTI

977 322 1085 377 πρὸς
1131 322 1176 365 δὲ
1217 322 1290 366 καὶ
1329 320 1517 377 ὁρέουσα
1557 324 1661 376 τοὺς

404 391 558 447 γονέας
587 388 820 444 συμφορὴν
847 389 896 432 τὸ
929 389 1042 441 εἶδος
1072 388 1203 445 αὐτῆς
1222 391 1527 446 ποιευμένους,
1561 396 1661 435 ταῦ-

318 469 326 472 ”
377 466 462 501 6τα
508 457 664 500 ἕκαστα
703 461 928 512 μαθοῦσα,

977 457 1253 513 ἐπιφράζεται
1290 458 1448 502 τοιάδε.

1508 458 1660 515 ἐφόρεε
1671 466 1716 501 30

405 523 545 580 αὐτὴν
581 523 666 568 civo}
705 529 850 568 πᾶσαν
887 524 1052 581 ἡμέρην
1090 526 1133 576 ές
1161 525 1210 570 τὸ
1239 530 1314 582 τῆς
1338 527 1509 581 Ἑλένης
1537 527 1655 581 ἱρόν·

402 593 452 636 τό
483 592 528 636 δ’
559 592 647 636 ἔστι
677 592 724 635 ἓν
752 597 805 650 τῇ
837 592 1042 650 Θεράπνῃ
1083 594 1344 650 καλευμένῃ,
1388 593 1549 647 ὕπερθε
1577 599 1659 638 τοῦ

408 662 622 716 Φοιβηίου
653 661 764 713 ἱροῦ.
804 660 915 712 ὅκως
937 661 982 704 δὲ
1012 661 1184 704 ἐνείκειε
1213 661 1239 716 ἡ
1268 660 1447 716 τροφός,
1478 661 1586 714 πρός
1615 678 1660 705 τε

400 726 605 784 τῶγαλμα
646 729 742 770 ἵστα
753 764 763 779 ,

811 729 883 772 καὶ
924 729 1110 772 ἐλίσσετο
1151 727 1231 783 τήν
1270 727 1379 771 θεὸν
1420 726 1659 780 ἀπαλλάξαι

373 798 482 850 7τῆς
513 798 787 852 δυσμορφίης
820 796 870 840 τὸ
903 798 1092 839 παιδίον.
1142 796 1215 839 καὶ
1245 793 1297 851 δή
1335 811 1432 839 κοτε
1471 793 1714 853 ἄπιοιῖσῃὸὄ

400 862 448 906 ἐκ
477 867 555 906 τοῦ
587 864 688 915 ἱροῦ
716 868 769 919 τῇ
797 868 949 920 τροφῷ
978 869 1164 919 γυναῖκα
1184 862 1349 918 λέγεται
1371 863 1659 920 έπιφανῆναι”’

402 929 687 985 ἐπιφανεῖσαν
725 930 792 984 δὲ,
847 931 1095 987 ἐπείρεσθαί
1130 947 1206 986 μιν
1245 931 1270 974 ὅ
1300 947 1340 974 τι
1381 930 1503 987 φέρει
1531 931 1580 975 ἐν
1608 935 1662 993 τῇ
1708 958 1711 960 -

345 1081 415 1104 um
435 1069 576 1106 civium
585 1070 686 1106 bona
695 1076 855 1121 aequata
868 1077 1002 1118 essent,

347 1133 534 1176 quaerunt
555 1124 594 1178 h.
622 1127 648 1163 l.
678 1128 743 1178 qui
763 1127 844 1163 fieri
863 1135 1003 1177 potue-
1012 1146 1019 1149 >·

346 1182 416 1228 rit,
446 1189 489 1218 ut
520 1182 666 1218 divitum
694 1190 896 1232 parentum
926 1183 1003 1219 filia

345 1245 605 1274 memoretur:
658 1240 730 1275 nisi
762 1241 840 1275 iam
868 1247 951 1276 tum
981 1252 1004 1276 a

343 1294 513 1345 Lycurgi
529 1295 705 1332 institutis
717 1295 922 1346 Spartanos
935 1295 1004 1332 de-

347 1352 496 1388 scivisse
517 1358 703 1401 putemus.
761 1351 873 1389 Addo
907 1353 1003 1389 alte-

347 1419 435 1443 rum
457 1421 505 1444 ex
523 1406 791 1457 VII,134,ubi
805 1409 1003 1459 viriSpar-

324 1464 427 1515 'tani
464 1472 811 1502 commemorantur
837 1466 1004 1502 nobilio-

347 1532 406 1556 res
436 1516 577 1586 (φήσει
608 1537 649 1571 y
637 1517 813 1571 γονότες
846 1516 888 1561 εὗ
920 1523 945 1560 i.
969 1535 1003 1559 e.

347 1577 581 1626 generosiori
607 1578 720 1628 stirpe
745 1578 924 1647 priundi)
955 1579 1004 1614 ii-

349 1631 412 1669 dei
387 1645 491 1700 itnqi
483 1647 515 1669 e
535 1646 706 1686 χρημασι
732 1630 948 1685 ἆνηκοντες
966 1634 1005 1681 ἔς

348 1703 397 1727 τοι
427 1705 563 1739 πρωτα
593 1692 619 1727 i.
641 1704 674 1727 e.
696 1692 838 1741 opibus,
871 1692 1006 1729 divitus

347 1746 538 1783 eminentes.
609 1745 720 1783 Unde
765 1749 851 1785 satis
888 1754 1004 1798 patet,

349 1801 454 1853 quod
486 1803 600 1839 etiam
627 1802 779 1840 aliunde
809 1806 1005 1855 cognitum

350 1855 554 1906 habemus,
595 1861 754 1896 minime
775 1874 861 1897 eam
880 1862 1002 1898 bono-

348 1927 438 1951 rum
456 1916 721 1966 aequalitatem
732 1917 890 1967 Spartae
909 1918 1005 1955 fuis-

348 1983 401 2019 se,
421 1984 537 2023 quam
555 1973 670 2022 vulgo
690 1975 892 2012 somniant.

408 2025 621 2079 συμφορήν
638 2050 692 2057 -
714 2029 1003 2082 ποιευμένους]

352 2083 464 2120 conf.
494 2090 590 2121 nott.
620 2083 669 2121 ad
687 2086 732 2133 V,
754 2086 794 2127 5.
851 2088 896 2122 In
915 2100 1008 2137 pro-

348 2140 455 2175 xime
493 2153 598 2191 seqq.
637 2140 891 2193 ἐπιφράζεται
929 2150 1005 2180 est:

350 2197 638 2244 comminiscitur,
666 2201 861 2247 excogitat.
894 2199 1006 2236 Conf.

348 2251 413 2300 IV,
429 2253 523 2291 200.
544 2253 606 2299 VI,
630 2254 722 2292 133.

407 2305 446 2353 ἒς
457 2304 499 2345 τό
511 2310 582 2358 τῆς
589 2307 744 2358 Ἑλένης
758 2304 863 2359 ἱρόν]
895 2307 1006 2346 The-

349 2375 486 2413 rapnas
504 2365 543 2400 in
564 2363 703 2415 oppido
724 2366 871 2401 Helena
891 2372 1004 2417 atque

350 2419 546 2457 Menelaus
589 2422 726 2471 sepulti
773 2422 1003 2469 ferebantur,

349 2474 516 2527 indeque
546 2476 680 2514 divinis
709 2476 913 2515 honoribus
944 2479 1003 2515 af-

350 2532 441 2569 fecti
467 2535 603 2585 pieque
630 2535 763 2582 culti‚‘'
779 2541 872 2571 teste
900 2535 1005 2571 Pau-

349 2601 432 2625 sau.
451 2590 516 2636 III,
540 2593 589 2630 19
611 2591 649 2635 ᾗ.
674 2593 714 2631 9.
771 2592 944 2642 Namque
964 2592 1004 2628 in

350 2645 479 2695 priscis
487 2647 674 2683 Laconiae
684 2649 902 2684 numinibus
919 2661 1006 2685 ma-

351 2702 458 2738 xime
477 2703 662 2740 celebrata
682 2704 846 2751 Helena,
877 2717 1004 2756 quam,

351 2756 402 2794 ad
428 2758 578 2796 lunares
609 2758 696 2797 deas
724 2761 901 2807 relatam,
946 2762 1005 2798 Ve-

351 2825 462 2852 nerem
482 2837 502 2843 -·
523 2815 666 2854 [sunam
702 2817 1006 2869 interpretantur,

1055 1070 1318 1120 interpositam
1336 1067 1439 1107 hisce
1452 1069 1587 1121 regum
1599 1071 1719 1122 Spar—

1057 1133 1236 1163 tanorum
1257 1127 1383 1163 rebus.
1439 1128 1558 1163 Plura
1582 1127 1652 1165 Cr.
1676 1129 1717 1164 in

1059 1183 1233 1233 Symbol.
1266 1184 1319 1218 III
1349 1196 1387 1232 p.
1410 1185 1477 1223 38.
1506 1184 1558 1220 IV
1575 1197 1615 1234 p.
1638 1182 1717 1223 150

1057 1252 1163 1290 seqq.
1186 1237 1288 1286 458,
1320 1241 1384 1289 qui
1414 1239 1518 1276 idem
1537 1241 1577 1276 in
1599 1241 1718 1276 Com-

1057 1301 1194 1331 mentt.
1218 1294 1387 1334 Herodd.
1422 1309 1509 1346 pag.
1542 1295 1647 1343 250,
1669 1295 1718 1332 de

1059 1350 1116 1388 his
1139 1352 1191 1387 ita
1221 1350 1387 1388 disserit:
1430 1351 1617 1398 „Quando
1638 1353 1720 1402 ipsa

1058 1408 1151 1444 luna
1196 1420 1301 1444 nunc
1330 1409 1460 1444 nubila
1496 1415 1569 1456 est,
1607 1409 1756 1454 tristis.

1059 1477 1102 1500 ac
1122 1462 1234 1501 foeda
1248 1493 1258 1512 ,
1286 1477 1390 1500 nunc
1410 1478 1561 1513 serena,
1591 1463 1720 1502 hilaris

1059 1533 1103 1557 ac
1123 1521 1311 1569 formosa,
1332 1522 1388 1557 nil
1408 1523 1551 1558 mirum
1563 1523 1640 1558 eius
1649 1523 1720 1559 be-

1060 1577 1197 1614 neficio
1219 1590 1262 1614 ac
1277 1584 1460 1627 potestate
1480 1579 1617 1616 variari
1639 1591 1719 1615 esse

1061 1633 1240 1670 traditam
1267 1634 1432 1671 formam
1450 1636 1600 1685 puellae
1642 1636 1721 1671 La-

1061 1691 1238 1738 conicae,
1289 1692 1394 1727 cuius
1434 1693 1565 1728 nutrix
1601 1692 1720 1728 Hele-

1060 1748 1306 1783 nae-Lunae
1335 1748 1497 1798 supplex
1517 1760 1603 1784 eam
1629 1760 1720 1798 gra-

1060 1804 1155 1839 tiam
1173 1806 1436 1854 poposcerat.“
1493 1804 1622 1855 Atque
1644 1803 1720 1840 hu-

1058 1860 1115 1896 ius
1145 1859 1238 1896 deae
1259 1860 1404 1896 cultum
1436 1873 1516 1897 non
1536 1861 1642 1898 aliter
1661 1867 1721 1897 at-

1061 1930 1137 1967 que
1169 1917 1441 1953 Dioscurorum
1487 1930 1592 1954 sacra
1631 1915 1719 1953 ante

1060 1974 1209 2009 Dorum
1233 1974 1470 2010 invasionem
1497 1987 1566 2024 per
1593 1975 1719 2010 Laco-

1061 2030 1168 2066 niam
1186 2029 1355 2066 floruisse
1383 2037 1420 2066 et
1438 2037 1568 2080 postea
1587 2029 1636 2066 ad
1656 2043 1721 2066 re-

1063 2093 1189 2123 centes
1210 2085 1373 2123 advenas
1393 2088 1592 2135 transiisse,
1612 2099 1718 2123 nunc

1063 2141 1221 2193 quidem
1267 2144 1353 2178 satis
1401 2149 1558 2181 constat.
1633 2144 1718 2187 Quo

1061 2205 1234 2248 tempore
1245 2199 1512 2248 anteSpartam
1524 2197 1719 2235 conditam

1060 2255 1100 2290 in
1111 2255 1277 2290 Laconia
1288 2255 1467 2305 Amyclas
1477 2261 1590 2306 atque
1606 2253 1718 2291 The-

1059 2322 1219 2360 rapnem
1238 2311 1406 2346 maxime
1427 2313 1627 2362 eminuisse
1637 2318 1718 2348 tra-

1060 2365 1156 2403 dunt
1201 2379 1280 2402 non
1318 2367 1432 2416 longe
1467 2375 1630 2405 remotas
1667 2368 1716 2404 ab

1057 2423 1138 2474 ipsa
1159 2423 1314 2473 Sparta,
1343 2425 1538 2473 primarias
1559 2431 1595 2462 et
1616 2425 1716 2460 anti-

1060 2480 1256 2531 quissimas
1304 2479 1548 2517 Achaeorum
1595 2480 1714 2528 sedes,

1059 2537 1188 2572 multis
1209 2548 1361 2588 quoque
1383 2538 1469 2574 artis
1483 2549 1716 2574 monumen-

1059 2593 1106 2629 tis
1121 2593 1299 2642 insignes.
1347 2594 1464 2630 Plura
1484 2594 1527 2630 C.
1549 2594 1593 2631 Ο.
1612 2594 1716 2630 Mal-

1060 2649 1128 2686 ler.
1148 2651 1241 2686 Dor.
1268 2650 1285 2684 I
1308 2663 1346 2700 p.
1368 2651 1422 2690 92
1440 2663 1519 2702 seq.
1548 2646 1590 2688 τὸ
1616 2651 1714 2688 Φοι-

1060 2707 1169 2757 βεῖον
1196 2718 1275 2742 non
1302 2706 1435 2756 procul
1466 2719 1488 2743 a
1508 2707 1714 2756 Therapne

1062 2763 1222 2799 collocat
1251 2763 1416 2799 Pausan.
1450 2764 1515 2810 ΙΙΙ,
1543 2765 1596 2802 20
1617 2763 1654 2807 §.
1678 2764 1713 2809 1,

1060 2819 1189 2872 ibique
1199 2819 1314 2856 etiam
1324 2819 1596 2856 Dioscurorum
1605 2830 1715 2856 com-

1798 1373 1815 1405 2¹⁴
