1789 3213
438 145 917 186 POLYMNIA.
975 146 1072 183 VII.

1300 146 1385 186 669

123 257 281 309 δύντος
317 255 445 312 ἡλίου
486 254 838 299 ἀπαλλάσσεσθαι
880 255 927 298 ἐκ
963 257 1039 311 τῆς
1074 251 1277 309 Ἀργείων
1305 253 1386 309 χιό-

0 328 55 374 50
122 340 226 383 ρης·
267 326 304 368 εἰ
344 324 390 367 δὲ
428 322 512 380 μὴ,
542 324 826 376 περιέψεσθαι
856 322 914 374 ὥς
937 323 1186 376 πολεμίους.

117 395 197 450 μὲν
236 391 419 448 Ἀργεῖοι
456 396 651 435 τοσαῦτα
678 390 850 435 τούτων
878 390 978 445 πέρι
1018 391 1206 446 λέγουσι.
1256 387 1379 433 ’Ἐστι

118 463 164 506 δὲ
181 460 311 512 ἄλλος
340 457 471 515 λόγος
500 458 729 515 λεγόμενος
750 458 835 503 ἄνα
857 458 936 515 τὴν
959 457 1154 512 Ἑλλάδα,
1189 456 1249 508 ὦς
1278 457 1383 513 Ξέρ-

118 530 190 585 ξης
220 529 376 584 ἔπεμψε
410 527 582 584 κήρυκα
619 526 861 583 έςἍργος,
891 525 1108 581 πρότερον
1136 525 1165 582 ἤ
1194 541 1276 579 περ
1305 523 1384 580 ὁρ-

88 601 255 654 Ξμῆσαι
299 594 612 650 στρατεύεσθαι
651 595 719 639 ἐπὶ
747 594 830 652 τήν
866 593 1062 637 Ἑλλάδα.
1111 591 1299 636 ἐλθόντα
1337 593 1384 637 δὲ

120 668 281 709 τοῦτον
322 663 488 720 λέγεται
528 661 664 707 εἶπαι·
719 662 925 718 ,,”Ανδρες
963 660 1144 718 Ἀργεῖοι
1182 659 1385 717 βασιλεὺς

121 731 310 789 »Ξέρξης
329 731 431 776 τάδε
443 731 567 800 *ὑμῖν
595 731 719 786 λέγει.

772 730 918 786 Ἡμεῖς
947 732 1179 785 νομίζομεν
1207 728 1440 784 Πέρσην65

120 798 274 854 ,,εἶναι,
303 797 374 843 ἀπ’
405 801 459 843 οὑ
488 800 610 856 ἡμεῖς
636 797 884 854 γεγόναμεν,
915 800 1050 842 παῖδα
1081 796 1272 852 Περσέος
1304 799 1386 840 τοῦ

92 867 344 925 3,,Δανάης,
372 867 582 924 γεγονότα
612 867 658 910 ἐκ
680 864 939 922 τῆςΚηφέος
961 857 1185 921 θυγατρός
1210 861 1385 917 Ἀνδρο-

120 936 290 993 ,,μέδης.
327 936 443 980 οὕτω
467 935 522 979 ἂν
553 930 615 978 ὦν
639 935 783 990 εἴημεν
805 931 1008 988 ὑμέτεροι
1029 930 1254 988 ἀπόγονοι.
1285 929 1385 975 οὕτε

120 1000 211 1057 „ch
238 1003 373 1061 ἡμέας
403 1002 522 1055 οἰκὸς
551 1002 620 1046 ἐπὶ
648 1000 753 1052 τούς
781 1000 1020 1058 ἡμετέρους
1048 998 1301 1056 προγόνους
1320 999 1385 1043 έκ-

119 1071 482 1127 ,,στρατευέσθαι,
538 1069 638 1114 οὔτε
684 1069 819 1124 ὑμέας
858 1067 1027 1113 ἄλλοισι
1074 1067 1379 1125 τιμωρέοντας,
1395 1074 1440 1109 70

119 1139 253 1198 ,,ἡμῖν
296 1136 524 1193 ἀντιξόους
550 1137 768 1195 γενέσθαι,
809 1135 916 1181 ἀλλὰ
948 1135 1045 1192 παρ’
1074 1135 1183 1194 ὑμῖν
1213 1135 1385 1181 αὐτοῖσι

63 1357 106 1388 ut
125 1349 228 1401 apud
246 1348 388 1388 Herod.
419 1350 468 1398 ΙΙ,
487 1349 580 1391 115.
628 1348 725 1387 Mihi

64 1408 131 1446 vix
158 1420 311 1444 necesse
323 1406 487 1444 videtur.
515 1407 670 1455 Dicunt,
689 1419 725 1444 se

64 1477 119 1501 eos
166 1467 381 1502 tractaturos
433 1476 504 1501 esse
553 1467 724 1514 tanquam

65 1521 189 1560 hostes.

299 1579 392 1629 Cap.
413 1577 490 1615 CL.

121 1636 295 1675 τοσαῦτα
336 1631 492 1674 τούτων
531 1631 624 1685 περὶ
660 1632 725 1673 λε’-

65 1693 210 1745 γουσι]
248 1687 400 1732 τούτων
434 1690 523 1729 dedi
541 1704 610 1743 pro
630 1705 726 1730 του-

65 1747 166 1788 τέων
183 1778 193 1797 ,
231 1755 273 1786 ut
313 1748 390 1789 151
434 1749 518 1787 init.
577 1749 639 1784 Ex
667 1745 727 1784 his

66 1818 157 1844 vero
178 1805 332 1844 diversis
352 1804 630 1841 narrationibus
659 1816 727 1840 ac-

68 1868 197 1899 curate
234 1861 358 1898 relatis
382 1863 468 1898 satis
503 1861 728 1911 intelligitur

67 1919 255 1969 scriptoris
275 1917 456 1966 studium,
482 1916 558 1969 quo
580 1916 727 1965 ductus,

69 1975 116 2012 ab
139 1976 246 2012 omni
263 1975 377 2012 simul
406 1976 572 2025 partium
602 1973 727 2010 studio

66 2033 174 2081 liber,
194 2045 330 2070 verum
349 2030 497 2068 tradere
526 2031 638 2067 unice
658 2031 730 2068 sibi

67 2087 201 2126 habuit
236 2089 498 2139 propositum3
556 2086 660 2140 quod
698 2088 730 2124 si

67 2147 196 2183 minus
215 2146 342 2193 licuit,
368 2146 505 2182 maluit
524 2146 645 2181 varias
664 2157 730 2180 re-

67 2203 166 2239 ferre
185 2203 432 2250 narrationes,
449 2203 501 2238 ita
520 2208 563 2238 ut
574 2201 729 2238 unicui-

69 2272 145 2311 que
172 2260 336 2297 liberum
367 2258 414 2296 de
435 2257 493 2295 his
515 2265 610 2295 esset
630 2257 728 2294 iudi-

69 2317 183 2354 cium.
241 2316 325 2362 Quo
346 2317 462 2353 etiam
481 2328 526 2352 ea
544 2321 728 2366 spectant,

71 2385 170 2425 quae
188 2373 269 2420 VH,
293 2372 373 2414 152
392 2373 597 2422 leguntur:
640 2371 730 2411 ἐπί-

71 2441 215 2480 σταμαι
248 2425 290 2467 δὲ
318 2431 482 2468 τοσοῦτο
512 2444 549 2467 κ.
572 2443 603 2466 τ.
624 2431 658 2467 λ.
690 2434 728 2465 et

70 2486 184 2538 paulo
204 2491 309 2536 post:
342 2481 444 2524 οὕτω
464 2482 515 2536 δή
543 2480 618 2524 ου’κ.
635 2480 725 2537 Ἀρ-

69 2543 213 2597 γείοισι
241 2540 417 2591 αἴσχιστοι
447 2541 660 2591 πεποίηται
686 2556 725 2580 κ.

71 2614 105 2638 τ.
135 2601 185 2647 λ.,
222 2597 358 2650 quibus
386 2598 509 2634 verbis
527 2609 607 2633 nou
643 2605 725 2634 tam

72 2656 221 2706 Argivis
241 2653 468 2706 patrocinari
485 2653 646 2690 voluisse
665 2655 728 2690 vi-

74 2711 184 2749 detur
221 2709 461 2759 Herodotus,
499 2721 616 2761 quam
636 2710 727 2746 alios

73 2767 292 2817 admonere,
320 2774 363 2805 ut
386 2779 436 2803 ne
467 2766 508 2803 in
532 2779 572 2802 re
590 2778 727 2817 parum

780 1354 893 1396 certa,
916 1360 1034 1401 quam
1043 1348 1124 1400 ipse
1140 1345 1441 1385 discernerenon

780 1404 941 1454 audeat,
981 1406 1162 1442 iniustam
1188 1405 1332 1442 ferrent
1356 1417 1443 1442 sen·-

779 1463 941 1499 tentiam
963 1461 1010 1499 de
1025 1462 1188 1512 Argivis.
1248 1461 1443 1498 Cf.Dahl-

780 1532 911 1557 mann.
930 1518 1072 1556 Herod.
1092 1531 1181 1569 pag.
1198 1520 1292 1559 182.
1311 1539 1371 1545 -—-
1397 1519 1444 1554 In

781 1589 887 1627 seqq.
920 1575 970 1612 ad
992 1576 1108 1613 verba
1127 1575 1252 1614 παῖδα
1266 1573 1445 1627 Περσέος

781 1633 885 1670 conf.
914 1633 996 1680 VII,
1029 1635 1079 1673 61
1115 1632 1209 1683 ibiq.
1243 1638 1341 1668 nott.
1375 1631 1445 1669 Cr.

781 1690 944 1727 conferri
973 1690 1055 1728 vult
1083 1689 1234 1725 Platon.
1253 1687 1444 1727 Alcibiad.

780 1748 851 1797 Ip.
875 1749 969 1787 120.
993 1748 1087 1787 121.
1121 1743 1444 1796 Olympiodor.ad

783 1815 872 1839 eum
911 1809 1001 1839 sect.
1038 1803 1089 1842 17
1117 1802 1200 1841 init.
1236 1814 1324 1852 pag.
1350 1801 1445 1843 151.

783 1858 915 1898 Schol.
948 1859 1048 1896 Plat.
1077 1871 1117 1908 p.
1145 1857 1199 1899 75
1231 1856 1443 1898 Ruhnken.

785 1923 821 1953 et
833 1915 882 1952 ad
890 1916 1012 1966 ipsam
1031 1927 1114 1951 rem
1123 1913 1336 1965 Inghirami
1353 1916 1444 1952 Μο-

783 1973 959 2010 numenti
987 1969 1166 2008 Etruschi
1194 1971 1243 2009 ad
1273 1972 1350 2009 tab.
1388 1969 1442 2013 54

785 2029 882 2067 delle
901 2030 1005 2065 Urne
1025 2026 1213 2066 Etrusche
1241 2041 1328 2079 pag.
1359 2027 1443 2070 456

785 2087 873 2124 coll.
893 2086 1079 2122 Herodot.
1099 2086 1164 2133 VI,
1187 2084 1254 2126 54.

841 2139 931 2183 οὔτε
943 2136 1000 2182 ὦν
1009 2140 1136 2193 ἡμέας
1151 2138 1279 2191 οἰκός]
1310 2143 1442 2190 „Haeo

785 2213 807 2236 a
827 2201 992 2247 Graecis,
1004 2206 1047 2237 ut
1065 2199 1245 2250 suspicor,
1267 2199 1441 2246 conficta,

784 2257 997 2308 comparari
1025 2263 1204 2308 poterunt
1233 2269 1324 2293 cum
1351 2269 1444 2292 nar-

784 2315 872 2351 ratis
901 2315 1000 2362 V111,
1036 2316 1105 2353 22.
1126 2313 1150 2332 “
1210 2312 1299 2350 Val
1315 2312 1441 2350 cken.

784 2368 893 2417 οἰκός
907 2370 994 2421 (pro
1016 2366 1149 2419 εἰκός)
1171 2367 1263 2406 dant
1281 2370 1442 2406 Floren-

783 2428 905 2474 tinus,
934 2428 997 2463 alii
1025 2439 1114 2463 cum
1136 2425 1310 2463 Eustath.
1344 2424 1441 2462 haec

783 2483 964 2520 afferente
982 2482 1030 2520 ad
1049 2483 1094 2519 ΙΙ.
1128 2495 1216 2532 pag.
1238 2483 1332 2529 759,
1354 2485 1380 2521 2
1410 2494 1441 2518 s.

782 2543 875 2588 661,
897 2539 964 2581 48.
980 2561 1037 2567 —
1064 2541 1109 2575 In
1128 2551 1235 2590 seqq.
1254 2551 1323 2589 pro
1334 2538 1440 2587 vulg.

781 2591 1063 2648 στρατεύεσθαι
1076 2623 1085 2638 ,
1122 2607 1241 2646 quam
1279 2595 1441 2631 servavit

780 2653 1000 2698 Bekkerus,
1022 2665 1043 2687 e
1057 2651 1223 2687 Florent.
1244 2657 1440 2701 receptum

782 2703 1122 2760 έκστρατεύεσθαι.
1190 2705 1254 2743 Ad
1302 2719 1438 2745 vocem

783 2762 963 2813 ἆντίξοος
986 2763 1088 2802 conf.
1107 2769 1203 2801 nott.
1224 2762 1273 2801 ad
1291 2765 1321 2812 1,
1345 2761 1437 2804 174.

1244 321 1494 379 Αὐτοὶδοῑῖξ
1516 318 1714 379 amam*-

1437 387 1554 414 occulte
1563 385 1712 413 faverent.
