1806 3181
431 208 515 249 624

855 206 1314 245 HERODOTI

432 314 602 361 στεινόν
630 311 964 371 πυνθανόμενος
992 312 1118 368 εἶναι,
1146 315 1217 369 3615
1248 310 1303 360 οὗ
1333 316 1420 372 ῥέει
1446 315 1471 360 ὁ
1504 318 1690 373 Πηνειὸς

434 384 611 429 ἀκούων
639 397 683 426 τε
700 379 812 426 εἶναι
826 381 962 440 ταύτῃ
988 381 1095 427 ὁδὸν
1124 382 1166 435 ἐς
1188 385 1428 442 Θεσσαλίην
1447 385 1686 441 φέρουσαν,

372 557 464 609 λίην
484 555 596 610 φέρει
617 553 726 608 παροῖ
747 553 922 608 Πηνειὸν
956 571 1032 597 πο-

373 611 516 665 ταμὸν,
565 611 708 664 μεταξὺ
735 610 778 652 δὲ
809 610 1031 665 Οὐλύμπου

374 669 516 723 οὔρεος
534 667 651 710 ἐόντα
671 669 739 709 καὶ
750 667 1029 721 τῆς”Οσσης.“

372 726 484 765 Unde
522 729 608 765 satis
646 726 758 764 credo
792 728 1028 778 intelligitur,

370 785 495 822 verbis
554 781 715 823 αὐλῶνα
764 781 918 823 στεινόν
958 786 1031 830 (ut

372 842 453 889 VH,
478 843 570 881 129.
594 840 688 892 130)
711 839 869 877 indicari
894 840 1029 891 Tempe,

372 910 472 950 quae
490 910 580 934 sane
598 899 651 934 ibi
668 899 931 948 angustiSsima
951 911 1030 934 esse

371 955 546 992 feruntur
601 955 795 991 montibus
850 955 1030 1006 utrinque

373 1012 510 1059 cincta,
531 1012 629 1049 saxis
649 1011 859 1062 praeruptis
879 1012 920 1047 in
940 1025 1030 1048 sex-

372 1076 574 1106 centorum
620 1075 684 1106 aut
723 1070 1031 1118 octingentorum

370 1125 515 1177 pedum
535 1124 773 1163 altitudinem
784 1124 885 1162 recta
896 1139 1031 1162 exsur-

371 1183 561 1233 gentibus.
621 1184 728 1219 Bene
748 1183 893 1218 Plinius
913 1184 962 1223 H,
982 1183 1031 1220 N.

370 1240 434 1288 IV,
456 1242 482 1281 8
499 1238 589 1289 (15)
612 1240 649 1285 §.
663 1242 717 1279 30
737 1252 817 1290 seq.
848 1240 923 1286 „Et
941 1245 1030 1276 ante

371 1303 528 1333 cunctos
562 1296 729 1332 claritate
755 1297 905 1332 Peneus
926 1302 1029 1333 ortus

369 1353 478 1391 iuxta
488 1351 685 1404 Gomphos
705 1353 879 1404 interque
898 1353 1031 1389 Ossam

372 1416 410 1447 et
449 1410 658 1461 Olympum
695 1421 896 1445 nemorosa
935 1422 1031 1446 con-

370 1466 470 1504 valle
504 1465 673 1502 defluens
700 1466 917 1517 quingentis
951 1473 1029 1502 sta-

372 1522 455 1571 diis,
477 1522 635 1560 di1n1di0
657 1523 735 1559 eius
751 1523 1030 1573 spatHnaviga-

370 1580 466 1620 bilis.
525 1581 571 1616 In
602 1592 646 1616 eo
675 1592 787 1616 cursu
820 1579 944 1629 Tempe
957 1592 1029 1616 vo-

371 1644 507 1674 cantur
527 1637 696 1689 quinque
722 1636 818 1672 mill.
847 1649 1029 1686 passuum

367 1692 608 1744 longitudine
641 1700 677 1729 et
703 1693 824 1729 ferme
841 1693 1030 1744 sesquiiu—

370 1752 452 1800 geri
501 1748 722 1797 latitudine,
770 1750 868 1786 ultra
904 1750 1028 1786 visum

369 1806 536 1844 hominis
555 1806 811 1844 attollentibus
822 1819 861 1842 se
873 1804 1030 1842 dextera

368 1865 553 1916 laevaque
567 1865 701 1900 leniter
719 1863 898 1900 convexis
916 1863 1029 1913 iugis.

368 1922 475 1958 Intus
500 1934 591 1958 vero
618 1921 705 1958 luco
726 1918 912 1957 viridante
933 1920 1028 1956 alla-

367 1978 471 2015 bitur
498 1979 663 2024 Peneus,
701 1975 830 2014 viridis
868 1977 1026 2025 calculo,

369 2046 552 2072 amoenus
581 2035 679 2072 circa
714 2035 813 2084 ripas
841 2034 1025 2083 gramine,

372 2104 531 2128 canorus
551 2093 679 2130 avium
700 2091 930 2127 concentu.“
977 2092 1034 2127 Et

368 2149 559 2197 maxime,
609 2146 713 2200 quod
744 2148 831 2184 satis
870 2154 1027 2195 constat,

368 2205 557 2243 veteribus
591 2205 778 2241 celebrata
804 2202 917 2240 huius
933 2217 1028 2241 con-

369 2261 476 2298 vallis
497 2261 726 2307 amoenitas,
748 2266 790 2296 ut
809 2261 849 2296 in
869 2272 1029 2310 prover-

370 2318 477 2354 bium
510 2317 590 2353 fere
619 2317 751 2352 abierit
782 2322 818 2352 et
845 2317 1026 2367 cuiusque

369 2374 533 2424 regionis
561 2372 848 2410 amoenissimae
880 2373 1027 2422 signifi-

369 2432 560 2468 cationem
625 2429 853 2466 assumserit.
939 2428 1024 2466 vid.

369 2485 597 2524 Tzschucke
627 2485 675 2523 ad
701 2486 790 2521 Mel.
819 2485 865 2531 ΙΙ,
887 2486 912 2523 3
940 2486 976 2531 ξ.
999 2488 1025 2525 2

370 2551 468 2582 nott.
489 2555 625 2594 exegg.
637 2555 726 2594 pag.
750 2543 828 2582 178
848 2553 938 2592 seq„
959 2542 1025 2593 qui

371 2600 476 2638 idem
504 2599 551 2637 ad
585 2600 632 2647 11,
662 2602 686 2640 3
711 2600 747 2644 ξ.
780 2600 799 2637 1
825 2609 911 2648 pag.
946 2598 1025 2638 164

371 2671 477 2709 seqq.
490 2656 631 2694 ibidem
641 2655 805 2705 collegit,
828 2666 1025 2705 quaecun-

370 2727 446 2766 que
467 2713 514 2751 de
536 2712 649 2750 Peneo
669 2711 769 2763 apud
783 2717 926 2748 veteres
946 2717 1026 2747 tra-

370 2770 447 2807 dita
481 2771 733 2821 reperiuntur.
789 2766 888 2805 Add.
918 2767 1026 2804 Dod-

369 2827 471 2864 well.
490 2828 517 2865 1.
532 2828 555 2864 l.
578 2840 616 2878 p.
631 2825 710 2866 195
725 2837 805 2877 seq.
864 2825 937 2870 Qui
951 2824 1025 2861 ssu-

1089 557 1171 595 vius
1192 571 1213 594 e
1232 556 1345 595 Pindi
1364 558 1460 609 iugis
1481 556 1659 596 delabens
1674 573 1743 610 per

1088 615 1273 665 exiguum
1293 617 1590 667 quingentorum
1599 615 1745 654 stadio-

1085 684 1173 708 rum
1202 673 1366 722 spatium
1384 673 1513 709 multis
1529 673 1608 709 aliis
1634 686 1744 710 rece-

1084 728 1158 778 ptis
1186 729 1314 766 rivulis
1342 741 1484 779 magna
1516 742 1564 766 ex
1578 736 1684 780 parte
1704 729 1747 767 fit

1085 785 1320 835 navigabilis,
1343 792 1379 822 et
1394 799 1487 822 mox
1498 786 1597 822 intra
1609 786 1745 838 Olym-

1085 842 1125 892 pi
1160 848 1273 893 atque
1321 842 1434 879 Ossae
1470 843 1611 879 montis
1653 855 1745 880 saxa

1085 911 1165 935 non
1190 899 1305 949 longe
1334 911 1356 935 a
1375 899 1473 935 mari
1491 912 1744 950 perrumpens

1084 955 1126 991 in
1162 954 1203 992 id
1230 957 1355 1006 ipsum
1376 968 1491 1008 aquas
1511 969 1595 993 suas
1615 957 1744 994 mittit.

1087 1012 1198 1050 Conf.
1217 1011 1490 1050 Vaudoncourt
1513 1013 1539 1050 l.
1558 1014 1586 1050 l.
1604 1026 1643 1063 p.
1661 1015 1742 1054 317

1085 1082 1164 1120 seq.
1187 1070 1268 1109 319
1288 1082 1367 1121 seq.
1390 1067 1467 1110 341
1501 1070 1589 1107 coll.
1609 1071 1744 1106 Pouc-

1087 1126 1252 1177 queville
1270 1127 1332 1163 l.l.
1352 1138 1439 1176 pag.
1462 1128 1544 1167 377
1565 1139 1644 1178 seq.
1660 1124 1742 1167 394

1085 1195 1193 1234 seqq.
1214 1183 1404 1220 Mannert.
1423 1183 1493 1220 VII
1507 1196 1546 1233 p.
1569 1182 1649 1223 553
1663 1195 1742 1234 seq.

1084 1240 1120 1275 N
1123 1252 1196 1275 uno
1220 1239 1388 1276 inferiori
1400 1240 1639 1290 potissimum
1653 1252 1743 1290 par-

1083 1302 1134 1344 te,
1164 1296 1231 1332 ubi
1250 1297 1378 1333 rivulis
1411 1296 1581 1346 pluribus
1612 1302 1744 1333 auctus

1084 1353 1306 1403 navigabilis
1341 1352 1396 1400 fit,
1431 1353 1641 1403 appellatur
1671 1352 1742 1390 Sa-

1085 1409 1242 1446 lembrz’a.
1299 1407 1411 1455 Quod
1441 1409 1490 1446 ad
1511 1411 1662 1460 Tempe
1684 1416 1744 1446 at-

1084 1466 1179 1503 tinet
1208 1478 1440 1517 omnemque
1467 1467 1579 1503 istam
1616 1466 1744 1516 regio-

1083 1536 1174 1559 nem
1186 1552 1195 1570 ,
1236 1521 1467 1560 consulenda
1485 1529 1574 1559 sunt
1593 1523 1744 1573 potissi-

1083 1592 1193 1615 mum
1208 1609 1218 1627 ,
1250 1592 1347 1631 quae
1368 1593 1417 1616 ex
1435 1580 1650 1629 Anglorum
1671 1578 1744 1616 do-

1084 1643 1233 1673 ctorum
1255 1635 1404 1684 Clarke,
1425 1635 1605 1683 Holland,
1626 1636 1744 1673 Wal-

1082 1693 1191 1743 pole,
1221 1691 1418 1740 Hawkins,
1448 1693 1610 1729 aliorum
1627 1693 1743 1729 itine-

1050 1750 1055 1757 ”
1085 1750 1190 1786 rariis
1237 1747 1373 1786 hausta
1417 1749 1597 1799 leguntur
1640 1747 1742 1800 apud

1085 1804 1365 1843 Vaudoncourt.
1386 1806 1413 1842 l.
1432 1806 1458 1842 l.
1478 1819 1565 1856 pag.
1588 1805 1670 1847 295
1685 1827 1740 1833 —

1085 1865 1179 1910 312,
1200 1863 1267 1899 ubi
1296 1861 1343 1899 de
1363 1860 1548 1899 hodierno
1577 1861 1742 1912 regionis

1084 1925 1184 1956 statu
1212 1925 1387 1956 accurate
1406 1918 1587 1967 traditur,
1629 1917 1741 1955 adhi-

1081 1976 1167 2013 bitis
1179 1989 1331 2028 quoque
1349 1974 1398 2012 ad
1416 1976 1742 2027 comparationem

1082 2039 1256 2071 veterum
1265 2033 1499 2081 testimoniis,
1507 2033 1623 2070 Plinii
1632 2044 1743 2082 prae-

1081 2091 1211 2127 sertim
1229 2090 1255 2127 l.
1276 2090 1303 2127 l.
1322 2090 1472 2126 Aeliani
1494 2090 1540 2128 V.
1559 2091 1609 2127 H.
1627 2089 1694 2137 111,
1717 2091 1737 2129 1

1084 2153 1132 2194 et,
1154 2147 1220 2198 qui
1239 2148 1515 2184 accuratissime
1535 2145 1582 2183 de
1602 2144 1660 2183 his
1671 2157 1742 2181 ex-

1082 2204 1219 2254 posuit,
1248 2204 1346 2240 Livii
1373 2204 1507 2250 XLIV,
1539 2205 1577 2243 6.

1082 2260 1152 2296 bus
1172 2258 1258 2298 add.
1290 2258 1477 2298 Dodwell.
1505 2259 1532 2295 l.
1550 2259 1576 2295 1.
1597 2271 1635 2308 p.
1660 2259 1738 2298 198

1081 2329 1187 2367 seqq.
1219 2317 1415 2353 Hammer.
1434 2316 1475 2352 in
1493 2315 1648 2351 Annall.
1668 2314 1738 2351 Vi-

1082 2385 1170 2410 enn.
1211 2372 1379 2409 XXXIV
1407 2385 1445 2423 p.
1479 2370 1547 2412 47.
1604 2373 1738 2423 Neque

1079 2435 1210 2465 tamen
1238 2426 1353 2465 hodie
1374 2430 1524 2479 Tempe
1546 2440 1632 2465 eam
1649 2428 1738 2464 lau-

1081 2483 1171 2521 dem
1208 2486 1345 2522 mereri
1386 2492 1574 2533 asserunt,
1614 2484 1737 2534 magis

1082 2543 1185 2577 enim
1204 2540 1437 2579 horrendam
1457 2555 1501 2578 ac
1527 2541 1736 2578 terribilem

1081 2611 1197 2650 quam
1225 2599 1365 2636 laetam
1396 2605 1508 2649 atque
1527 2595 1735 2635 iucundam

1080 2656 1247 2705 speciem
1275 2656 1340 2692 illa
1370 2656 1571 2706 praebere3
1612 2655 1665 2691 ita
1690 2659 1734 2690 ut

1081 2710 1270 2764 hodieque
1280 2719 1428 2749 montes
1449 2724 1469 2748 a
1479 2711 1734 2762 septentrione

1081 2769 1250 2805 faucium
1280 2770 1367 2806 sitos
1386 2766 1594 2818 transgredi
1615 2777 1732 2817 quam

1079 2825 1150 2862 iter
1177 2839 1246 2877 per
1273 2826 1412 2863 vallem
1432 2825 1555 2862 facere
1583 2822 1732 2859 malint.

1645 2201 1740 2247 Qui-
1805 2232 1806 2240 ,
