1815 3181
76 297 130 332 dis,
144 297 272 324 Adrasto
283 297 346 325 Ta-

75 318 221 365 laionidu,
245 331 311 359 Me-

75 365 194 400 lanippo
213 352 255 392 ἐΛ
251 365 332 392 taci-

75 399 124 431 da,
141 399 240 427 choris
254 400 358 435 tragi-

74 432 127 459 cis.
132 435 145 467 ]

408 181 493 219 116

827 178 1291 216 HERODOTI

405 291 536 331 τοῦτο
567 288 665 342 μὲν,
708 286 948 342 ῥαψῳδούς
979 287 1139 330 ἔπαυσε
1169 286 1216 331 ἐν
1248 291 1446 332 Σικυῶνι
1478 286 1734 344 &ymbre-40

350 473 668 524 optimatiumque
689 472 876 521 regimen.
906 472 1011 508 Haec

348 531 428 567 fere
449 543 497 565 ex
517 526 701 564 Herodoti
721 529 936 564 narratione
948 540 1012 564 sa—

348 588 394 623 tis
415 587 562 622 elucere
573 585 773 620 arbitratur
794 585 836 621 C.
850 585 894 621 Ο.
908 585 1012 620 Miil-

348 644 417 679 ler.
448 643 474 678 l.
495 643 543 688 l.,
573 642 635 678 cui
664 641 726 677 vel
757 641 866 677 cassis
886 641 951 676 illa
971 641 1012 676 iu

348 697 499 749 Alpheo
511 711 634 748 nuper
652 704 802 748 reperta
822 704 860 734 et
876 698 922 733 ab
934 698 1011 733 Ar-

348 757 443 806 givis
470 755 692 806 Olympiam
723 761 942 791 consecrata
962 752 1012 790 ad

347 811 466 848 hocce
498 812 643 848 bellum
674 811 805 847 referri
822 824 932 861 posse
951 811 1012 847 vi-

348 868 473 905 detur.

405 919 625 990 ῥαψῳδους
667 921 816 962 ἔπαυσε
855 921 896 962 ἐν
939 924 1011 961 Σι-

348 983 476 1019 κυῶνι
500 964 802 1031 ἀγωνίζεσθαι]
842 980 867 1016 i.
899 992 932 1014 e.
953 991 1012 1015 ve-

348 1039 418 1073 tuit
458 1036 649 1087 rhapsodos
689 1035 842 1086 Sicyone
878 1037 1012 1072 carmi—

345 1105 430 1130 num
472 1093 735 1130 Homericorum
790 1093 1013 1129 recitationi-

347 1151 410 1187 bus
437 1150 579 1199 publice
613 1150 789 1186 institutis
824 1148 1011 1186 decertare.

346 1208 522 1258 Namque
552 1203 762 1258 ῥαψῳδοὶ,
800 1212 1012 1256 utcumque

348 1262 396 1299 de
427 1261 541 1299 huius
570 1263 674 1299 vocis
704 1262 850 1311 origine
869 1263 1013 1309 statuis,

347 1320 508 1355 minime
527 1319 622 1355 tales
641 1331 720 1355 esse
740 1325 899 1369 possunt
913 1348 924 1365 ,
946 1319 1013 1370 qui

349 1377 518 1412 carmina
537 1381 670 1426 suopte
690 1376 844 1425 ingenio
865 1374 1013 1425 fingant

349 1445 393 1470 ac
408 1439 579 1483 pangant
591 1461 602 1479 ‚
634 1444 724 1468 cum
741 1433 823 1482 ipsa
842 1444 919 1469 vox
938 1431 1013 1482 ῥα-

349 1488 510 1542 ψῳδίας
529 1489 737 1539 aequabilis
750 1495 788 1525 et
807 1489 1012 1525 continuae

348 1558 476 1597 neque
497 1545 544 1581 ab
565 1545 638 1582 alio
667 1545 928 1596 interpellatae
949 1558 1012 1581 re-

350 1602 536 1638 citationis
563 1600 751 1638 indicium
782 1600 923 1638 habere
952 1602 1013 1638 vi-

350 1657 485 1694 deatur
513 1671 558 1694 ac
587 1657 677 1694 dein
696 1659 900 1708 praecipue
929 1659 1012 1708 epi-

350 1727 485 1751 corum
496 1727 688 1761 versuum,
700 1716 860 1751 Homeri
877 1715 1012 1765 impri-

349 1772 422 1808 mis
451 1778 564 1822 atque
593 1770 768 1817 Hesiodi,
802 1772 1012 1808 recitationi

350 1828 398 1864 sit
419 1826 598 1864 adhibita.
655 1829 721 1864 Tu
750 1826 828 1865 vid.
860 1829 1012 1878 potissi-

350 1897 462 1920 mum
479 1882 646 1920 Nitzsch.
665 1885 844 1935 Prolegg.
864 1886 904 1921 in
920 1885 1012 1920 Pla-

353 1947 433 1977 ton.
450 1942 533 1977 Ion.
554 1953 637 1990 cap.
658 1942 694 1976 Π
712 1953 802 1991 pag.
834 1939 860 1979 4
889 1954 1009 1993 seqq„

355 1997 448 2033 alios
467 2004 509 2033 ut
529 1998 715 2033 omittam.
773 1999 907 2048 Itaque
934 1997 1010 2035 hoe

353 2053 452 2099 loco,
474 2060 627 2090 auctore
656 2052 794 2090 eodem
822 2053 1015 2092 Nitzschio

355 2107 462 2157 (coll.
482 2110 524 2146 F.
545 2110 592 2148 A.
623 2110 747 2146 Wolf.
767 2111 946 2160 Prolegg.
968 2110 1017 2147 ad

355 2167 514 2202 Homer.
529 2178 617 2216 pag.
637 2166 778 2202 XCVII
786 2166 1017 2218 seqq.)frha-

355 2221 494 2273 psodos
513 2222 760 2271 intelligimus
779 2235 863 2270 eos,
896 2224 1016 2274 quiin

354 2279 461 2315 festis
479 2279 712 2315 solemnibus
731 2291 800 2329 pro
832 2291 940 2316 more
973 2286 1017 2316 ut

354 2335 438 2381 alia,
468 2335 521 2371 ita
541 2335 697 2371 Homeri
724 2336 911 2385 imprimis
931 2348 1017 2372 car-

357 2392 463 2427 mina
477 2391 627 2441 publioe
646 2392 855 2428 recitabant
864 2392 916 2428 ita
927 2393 1015 2443 qui-

358 2446 468 2494 dem,
508 2453 571 2493 ut,
611 2454 797 2498 quantum
830 2460 1015 2485 numero-

361 2517 448 2540 rum
478 2504 714 2553 poeticorum
734 2504 847 2540 ferret
866 2511 1012 2552 natura,

360 2559 410 2596 ad
447 2566 578 2597 cantus
614 2559 770 2611 quidem
795 2560 1014 2598 similitudi-

359 2628 452 2652 nem
490 2615 683 2653 accederet
713 2617 881 2653 recitatio
896 2646 906 2664 ,
947 2616 1014 2654 sed

360 2673 463 2709 vocis
509 2672 769 2709 modulatione
808 2680 957 2709 tantum
992 2686 1019 2716 a

359 2741 448 2765 vero
477 2736 611 2776 cantu,
651 2736 837 2780 quantum
863 2736 972 2779 gestu
991 2742 1013 2766 a

357 2797 448 2821 vera
484 2783 710 2822 histrionum
743 2786 910 2834 actione,
943 2787 1013 2823 ab-

1069 477 1177 507 esset.
1235 472 1362 523 Atque
1392 474 1432 507 in
1461 484 1506 508 eo
1536 478 1730 508 certamen

1066 527 1182 563 fuisse
1200 526 1414 564 institutum
1428 557 1437 575 ‚
1460 526 1647 579 ludosque
1666 540 1731 564 so-

1067 584 1213 621 lemnes
1234 598 1276 621 ac
1289 585 1474 635 publicos,
1495 585 1583 621 satis
1602 585 1730 621 testari

1068 639 1219 677 videtur
1239 642 1366 692 ipsum
1399 641 1561 677 verbum
1582 636 1731 692 ιῖγωνί-

1070 697 1208 743 ζεσθαι
1258 710 1281 734 a
1326 699 1463 734 Nostro
1503 696 1730 734 adhibitum.

1070 753 1158 789 Alia
1206 752 1254 789 de
1299 752 1496 805 rhapsodis
1529 767 1634 790 nunc
1667 754 1731 791 lu-

1068 809 1164 847 bens
1184 816 1333 847 transeo
1347 840 1357 858 ,
1386 823 1485 862 quae
1505 808 1581 847 huc
1600 811 1730 847 miuus

1068 866 1209 902 faciant
1225 895 1235 913 ‚
1265 867 1332 902 ubi
1361 880 1441 903 non
1471 874 1552 903 tam
1572 865 1620 903 de
1639 865 1731 903 rha-

1068 921 1277 972 psodorum
1307 921 1461 962 historia
1474 952 1484 970 ,
1529 936 1648 975 quam
1682 922 1730 959 de

1069 980 1144 1016 loci
1180 978 1387 1016 Herodotei
1420 981 1732 1030 interpretatione

1069 1037 1205 1085 agitur.
1265 1037 1330 1073 Tu
1351 1037 1451 1073 conf.
1472 1043 1621 1087 praeter
1638 1036 1732 1073 Val-

1070 1091 1324 1129 ckenaeriana
1340 1091 1437 1130 adh.
1448 1094 1475 1129 l.
1488 1093 1613 1130 Wolf.
1632 1094 1732 1129 Pro-

1069 1149 1172 1199 legg.
1194 1150 1371 1187 Homerr.
1392 1162 1481 1200 pag.
1502 1151 1569 1191 98.
1594 1147 1673 1189 140
1693 1156 1731 1186 et

1070 1203 1255 1242 Heinrich
1273 1205 1488 1257 Appendic.
1511 1205 1560 1242 ad
1569 1206 1731 1256 Epime-

1069 1261 1359 1312 nid.[imprimis
1371 1262 1562 1314 pag-157]
1578 1269 1730 1298 utrmn-

1069 1331 1145 1370 que
1165 1331 1187 1354 a
1217 1319 1404 1356 Creuzero
1434 1320 1474 1355 in
1495 1319 1730 1356 Commentt.

1068 1374 1269 1412 Herodott.
1289 1389 1327 1427 p.
1358 1378 1440 1416 217
1461 1376 1632 1412 allatum.
1669 1377 1730 1412 Eo

1067 1433 1190 1482 magis
1209 1445 1300 1468 sane
1320 1430 1518 1469 teneainus
1545 1431 1730 1470 Herodoti

1067 1490 1331 1526 testimonium
1349 1490 1616 1539 gravissimum
1633 1487 1730 1525 illud

1069 1545 1227 1596 quidem
1256 1544 1304 1582 ad
1326 1558 1484 1582 omnem
1513 1546 1729 1582 carminum

1067 1603 1361 1638 Homericorum
1381 1601 1600 1639 historiam:
1621 1600 1728 1654 quod

1067 1659 1098 1695 si
1116 1659 1316 1709 cognitum
1333 1658 1464 1695 fuisset
1482 1659 1642 1706 Wolfio,
1662 1660 1729 1696 vix

1069 1728 1113 1751 ea
1138 1716 1343 1766 scripsisset
1369 1716 1548 1765 Prolegg.
1568 1717 1728 1752 Homer.

1065 1784 1154 1822 pag.
1196 1772 1321 1808 CXL:
1369 1773 1539 1823 „Itaque
1568 1773 1728 1808 Homeri

1066 1829 1236 1865 carmina
1247 1829 1363 1864 etiam
1371 1835 1458 1864 ante
1468 1828 1654 1865 Solonem
1665 1841 1729 1865 re-

1066 1885 1173 1922 citari
1191 1898 1342 1922 morem
1360 1884 1473 1921 fuisse
1493 1885 1555 1922 vel
1578 1887 1654 1922 sine
1674 1888 1729 1922 te-

1065 1942 1228 1979 stimonio
1247 1943 1370 1978 veteris
1395 1943 1575 1992 scriptoris
1594 1940 1729 1978 crede-

1069 2000 1168 2035 res.“
1219 1999 1395 2050 Namque
1419 1997 1605 2035 Herodoti
1621 1999 1728 2035 testi-

1070 2055 1201 2092 monio
1222 2056 1309 2092 satis
1329 2054 1573 2092 manifestum
1593 2053 1646 2102 fit,
1667 2055 1729 2092 vel

1071 2118 1158 2147 ante
1168 2112 1350 2147 Pisistrati
1362 2117 1536 2159 aetatem,
1552 2109 1602 2147 ad
1612 2123 1728 2162 quam

1069 2168 1365 2203 Homericorum
1385 2167 1598 2204 carminum
1618 2179 1728 2204 com-

1069 2224 1300 2274 positionem
1325 2229 1413 2260 sunt
1443 2224 1508 2276 qui
1545 2224 1726 2271 reiiciant,

1070 2278 1278 2330 rhapsodos
1298 2279 1434 2327 fuisse,
1474 2280 1540 2332 qui
1559 2282 1728 2317 carmina

1071 2337 1275 2373 Homerica
1316 2336 1377 2373 vel
1417 2343 1518 2373 certe
1555 2335 1726 2385 Iliadem,

1072 2405 1190 2444 quam
1217 2390 1258 2429 h.
1278 2392 1304 2428 1.
1334 2393 1441 2443 tangi
1459 2391 1638 2430 credibile
1658 2399 1725 2442 est,

1070 2448 1221 2500 publice
1250 2449 1467 2497 recitantes,
1508 2448 1557 2486 ad
1587 2450 1726 2501 Sicyo-

1068 2507 1224 2542 niorum
1251 2517 1406 2557 quoque
1443 2503 1553 2543 ludos
1586 2519 1725 2557 perve-

1069 2562 1195 2598 nerint
1226 2562 1305 2599 sive
1325 2563 1404 2599 aliis
1426 2575 1474 2598 ex
1493 2562 1603 2609 locis,
1631 2563 1724 2611 sive,

1070 2617 1174 2669 quod
1204 2618 1337 2654 malim
1352 2647 1362 2666 ,
1393 2631 1442 2655 ex
1460 2618 1540 2670 ipsa
1557 2619 1724 2668 Argivo-

1068 2687 1154 2710 rum
1173 2681 1272 2711 terra
1291 2672 1367 2711 huc
1386 2674 1570 2725 profecti3
1588 2675 1629 2710 in
1648 2687 1724 2726 qua

1067 2743 1158 2767 sane
1172 2732 1376 2782 praecipua
1389 2730 1496 2768 sedes
1511 2729 1723 2782 rhapsodo-

1068 2799 1174 2836 rum3
1219 2788 1259 2824 in
1287 2800 1404 2840 quam
1433 2788 1548 2824 etiam
1569 2794 1722 2835 terram,
