1834 3258
386 243 897 285 VPOLYMNIA.
959 244 1061 280 vll.

117 352 189 395 καὶ
215 356 417 407 θερμοῖσι
448 352 683 407 σιδηρίοισι
712 351 902 394 ἐκκαίειν
915 350 1055 397 αὐτοῦ
1075 352 1249 408 μέλλειν
1279 370 1385 406 τους
1443 373 1480 400 pe

88 420 396 476 Ξόφθαλμούς.
457 421 528 463 καὶ
569 418 630 472 ὃς,
670 417 874 475 ἀμβώσας
917 421 1047 476 μέγα,

115 488 187 531 καὶ
232 487 520 544 παριζόμενος
557 486 695 543 Ξέρξη
705 518 716 537 ,

113 556 247 599 πνίου
278 557 475 612 διεξῆλθε
506 553 814 612 ἀπηγεόμενος,
842 554 1023 609 δεύτερά
1047 558 1091 599 οἵ
1118 557 1230 612 λέγει
1258 556 1386 602 τάδε·

1303 246 1387 285 469

771 504 831 538 ως
864 487 943 542 τὴν
974 486 1079 538 ὄψιν
1119 491 1162 532 οἱ
1192 493 1274 532 τοῦ
1295 489 1387 532 ἐνυ-
1397 497 1475 532 6135

82 630 126 674 3,
130 622 245 679 ,Ἐγώ
266 625 359 680 μὲν,
393 628 426 668 ὠ
459 627 651 681 βασιλεῦ,
683 626 755 665 οἱα
787 622 1024 676 α’νθρωπος
1045 624 1154 668 ι’δων
1171 624 1256 681 ἤδη
1278 631 1384 670 πολ-

112 695 191 743 ,,λά
221 709 266 736 τε
295 694 370 736 καὶ
374 692 553 749 μεγάλα
582 690 772 735 πεσόντα
801 707 1032 746 πρηγματα
1058 692 1146 736 ὑπο
1167 691 1383 749 ησσονων,
1397 704 1442 738 65

82 759 227 812 4,,οὐκ
264 760 349 805 ἔων
389 773 435 804 σε
477 760 530 804 τοὶ
561 759 705 804 πάντα
735 762 789 816 τῇ
818 758 964 816 ἡλικίῃ
1005 761 1149 804 εἴκειν.
1209 761 1386 807 ἐπιστά-

56 938 127 975 ρον
149 937 239 961 cum
257 931 415 962 recentt.
445 923 532 962 edd.
563 923 719 961 exhibui

55 982 277 1018 auctoritate
287 983 374 1019 libri
388 983 655 1019 Ε101911ῐὶι1ἰ.ἲ
633 980 718 1019 vid.

53 1045 149 1077 nott.
164 1037 212 1075 ad
232 1040 313 1087 VII,
335 1041 398 1079 16.
418 1061 469 1066 —
502 1040 595 1075 Mox
613 1052 719 1075 nunc

54 1102 155 1131 recte
175 1094 320 1132 editum
344 1095 570 1146 σιδηρίοισι,
588 1097 616 1132 si
629 1096 716 1147 qui-

54 1150 142 1188 dem
163 1149 211 1190 τοέ
229 1149 403 1204 σιδήρια,
430 1153 529 1188 bene
556 1159 715 1188 notante

51 1209 230 1256 Wessel„
244 1205 331 1246 suut
343 1208 578 1259 ferramenta,
592 1215 634 1245 ut
647 1210 713 1256 ΙΠ,

50 1267 119 1306 29.
147 1267 217 1313 IX,
249 1268 316 1306 36.
354 1267 450 1302 Plat.
482 1267 599 1316 Gorg.
625 1278 713 1316 pag.

36 1324 145 1363 300.
204 1323 348 1368 Quibus
369 1321 459 1359 addi
473 1323 556 1359 vult
578 1321 711 1361 Valck.

49 1379 199 1415 Polluc.
228 1380 318 1428 VII,
342 1380 421 1420 125
444 1378 528 1428 (ubi
552 1377 714 1432 σιδήρια

49 1433 287 1487 λιθουργικᾶ
318 1443 355 1473 et
374 1432 627 1488 τοιχωρύχων
653 1448 711 1475 σι-

50 1489 222 1545 δήριον)
245 1493 330 1530 coll.
352 1492 462 1530 Suid.
494 1506 524 1529 s.
542 1506 578 1530 v.
600 1494 654 1529 111
673 1507 712 1544 p.

103 1603 171 1644 καὶ
203 1601 250 1652 ὃς
279 1599 470 1656 ἀμβώσας
499 1603 598 1657 μέγα
640 1600 714 1644 οἷν-

46 1659 239 1713 θροόσκει]
260 1661 323 1698 Ad
342 1675 455 1699 voces
476 1661 544 1700 καὶ
564 1659 606 1708 ὃς
618 1675 713 1699 con-

49 1719 119 1757 sul.
140 1718 276 1757 Matth.
311 1720 377 1757 Gr.
409 1720 475 1755 Gr.
508 1732 597 1769 pag.
619 1721 714 1759 907.

49 1777 229 1812 Formam
250 1771 439 1827 οἷμβῶσας
461 1777 567 1826 attigi
588 1774 636 1811 ad
646 1777 712 1823 111,

54 1830 118 1873 14.
176 1833 246 1869 Cui
273 1833 390 1869 verbo
429 1832 532 1884 quod
561 1831 714 1868 additur

50 1886 148 1940 μέγα
165 1890 208 1937 (i.
221 1902 256 1929 e.
277 1888 358 1925 alta
375 1902 454 1926 voce
478 1888 711 1940 exclamans),

50 1946 336 1995 praepositionis
355 1940 436 1984 οἷνᾶ
451 1946 517 1992 vis,
535 1945 610 1997 qu&
622 1945 712 1981 alias

49 2002 155 2040 verbi
184 2009 345 2052 augetur
360 2001 596 2051 significatio,
606 2002 712 2037 nulla

48 2058 127 2094 fere
167 2072 245 2095 esse
283 2057 446 2106 videtur,
487 2059 711 2094 observante

48 2114 214 2154 Fischer.
250 2114 298 2151 ad
336 2116 499 2152 Weller.
529 2116 583 2150 III
621 2127 710 2165 pag.

52 2171 144 2212 164.
214 2173 293 2208 Nec
327 2178 457 2208 tamen
488 2172 577 2208 talia
608 2170 710 2221 apud

47 2226 287 2265 Herodotum
306 2228 417 2266 valde
437 2230 564 2278 urgeri
579 2228 710 2265 velim.

46 2286 140 2322 Mox
159 2286 274 2336 vu1go
295 2281 555 2337 α’ναθραίσκει
585 2284 601 2334 (
613 2287 711 2321 exsi-

47 2342 109 2390 lit,
127 2342 286 2393 prosilit)
315 2341 431 2394 idque
452 2343 567 2378 etiam
587 2342 711 2379 tenuit

47 2397 226 2434 Matthiae
247 2412 336 2435 cum
354 2398 547 2436 Bekkero.
584 2400 710 2450 Equi-

48 2453 137 2491 dem
177 2468 265 2491 cum
304 2455 510 2493 Schaefero
551 2453 708 2492 exhibui

48 2506 291 2563 ἄνθρώσκει,
312 2525 430 2563 quam
443 2513 606 2549 somnam
626 2513 708 2562 pri-

45 2580 149 2606 scam
170 2568 407 2606 Florentinus
422 2570 518 2605 liber
536 2569 707 2620 aliusque

46 2625 285 2674 suggerebat.
341 2626 392 2661 Ut
427 2626 528 2661 enim
559 2632 707 2662 taceam

48 2676 251 2731 ἀμβώσας,
266 2677 514 2731 οἷμπαυόμαι,
527 2677 707 2731 α’μβολοὶ-

48 2737 121 2786 δην
141 2736 232 2788 (IV,
258 2736 384 2789 181),
415 2739 484 2773 alia
508 2736 545 2773 id
565 2749 706 2787 genus3

49 2794 108 2830 vel
135 2795 305 2831 maxime
333 2792 408 2831 huc
431 2795 518 2831 facit
547 2789 708 2832 ἆντέλ-

49 2851 128 2890 λειν
148 2852 196 2901 Π,
214 2850 292 2892 142
312 2851 398 2889 coll.
415 2849 591 2903 Aeschyl.
603 2851 709 2887 Pers.

781 925 858 964 168
897 923 1041 960 Blomf.
1081 925 1173 969 (ubi
1214 920 1440 980 αντρὲψῃ)

774 978 968 1030 Aristoph.
983 979 1082 1018 Ach.
1098 984 1192 1022 766.
1201 984 1328 1020 Nubb.
1345 986 1440 1024 752.

775 1038 891 1084 Plura
911 1035 1078 1074 Fischer.
1101 1037 1149 1074 ad
1179 1040 1237 1077 w
1239 1040 1341 1076 eller.
1363 1042 1381 1075 Ι
1400 1054 1439 1090 p.

775 1096 828 1134 69
855 1101 891 1130 et
916 1093 1136 1131 Blomfield.
1171 1095 1218 1132 ad
1258 1095 1439 1148 Aeschyl.

775 1150 817 1186 S.
847 1164 881 1187 c.
903 1149 982 1186 Th.
1004 1150 1085 1191 740
1096 1164 1184 1201 pag.
1198 1154 1250 1192 69
1271 1154 1437 1203 Lips.—

773 1205 835 1242 Ad
867 1207 1056 1258 διεξῆλθε
1091 1204 1368 1260 ἀπηγεόμενος
1389 1211 1438 1247 cf.

772 1270 869 1300 nott.
900 1262 948 1300 ad
971 1264 1032 1310 VI,
1055 1266 1123 1303 30.

829 1316 895 1359 οἷα
941 1317 1163 1372 ἄνθρωπος
1212 1318 1312 1360 ἰδών
1356 1319 1438 1373 ἤδη

770 1374 900 1416 πολλοί
929 1392 969 1415 τε
1001 1375 1068 1415 καὶ
1099 1374 1248 1430 μεγάλα
1270 1393 1307 1417 κ.
1328 1393 1358 1418 τ.
1380 1380 1436 1427 λ.]

768 1433 893 1470 Affert
923 1434 1110 1471 Stobaeus
1134 1437 1197 1482 10,
1220 1434 1273 1476 35
1321 1434 1391 1483 (T.
1422 1437 1441 1472 I

769 1504 808 1541 p.
829 1492 909 1531 293
933 1488 1084 1542 Gaisf.).
1137 1492 1230 1528 Mox
1250 1489 1440 1541 ’ἡσσόνων

770 1560 861 1584 cum
917 1546 1102 1584 Matthiae
1141 1550 1318 1585 revocavi
1367 1562 1437 1600 pro

772 1600 966 1642 ἒσσόνων.
1006 1603 1094 1641 Vid.
1116 1611 1214 1642 nott.
1238 1604 1286 1642 ad
1306 1606 1351 1653 V,
1364 1609 1433 1646 72.

768 1660 832 1697 Ad
852 1663 973 1712 ipsam
993 1663 1222 1698 sententiam
1251 1661 1436 1700 Valcken.

770 1716 880 1754 affert
891 1719 1013 1754 simile
1028 1717 1269 1771 Thucydidis
1291 1718 1436 1756 dictum

768 1776 815 1823 11,
838 1777 905 1815 89.

826 1833 875 1881 τῇ
906 1828 1042 1884 ἡλικίῃ
1075 1829 1223 1878 εἴκειν]
1275 1831 1436 1880 „Longe

769 1888 877 1924 aliter
918 1893 974 1923 est
1012 1885 1281 1936 accipiendum
1319 1893 1435 1938 atque

768 1944 813 1991 V,
846 1946 920 1990 193
969 1941 1033 1979 hic
1066 1943 1282 1980 Artabanus
1311 1943 1434 1981 fiatris

768 2000 890 2036 filium
910 2001 1058 2049 Regem
1078 1996 1127 2037 τοὶ
1153 1995 1287 2038 πάντα
1311 2001 1362 2054 τῇ
1383 1998 1433 2051 ἦ·-

767 2056 873 2110 λικίῃ
904 2055 1045 2103 εἴκειν,
1072 2068 1217 2106 prorsus
1236 2069 1358 2093 morem
1369 2069 1434 2105 ge-

767 2126 841 2150 rere
861 2113 1017 2149 nolebat
1040 2112 1207 2149 iuvemlz's
1226 2115 1358 2150 aetates
1370 2127 1433 2150 cu-

763 2169 936 2227 pidztatz',
969 2182 1044 2220 qua
1071 2176 1246 2206 coecatus
1263 2169 1430 2220 amplifi-

763 2239 849 2263 care
860 2224 1116 2262 desiderabat
1105 2227 1335 2276 imperiumg
1348 2224 1423 2264 hoc

767 2284 962 2320 obscurius
1006 2281 1219 2319 indicatum
1267 2284 1431 2320 voluisse

765 2340 964 2392 sequentia
992 2346 1208 2377 monstrant
1228 2355 1282 2386 ως
1305 2336 1431 2379 κακὸν

767 2396 828 2448 εἴη
860 2393 906 2435 τό
930 2398 1091 2435 πολλῶν
1103 2394 1350 2447 ἐπιθυμέειν.
1372 2395 1429 2436 εἴ·

764 2468 850 2492 nav
873 2454 912 2488 in
934 2453 1071 2489 talibus
1092 2459 1201 2490 notat
1220 2455 1334 2491 animi
1348 2466 1428 2490 con-

764 2512 871 2547 citati
909 2511 1057 2546 motibus
1086 2510 1190 2547 velut
1218 2510 1430 2560 imperiosis

764 2565 928 2603 dominis
946 2567 1183 2615 morigerum
1195 2566 1324 2604 cedere.
1345 2568 1429 2602 Ho-

763 2636 859 2659 mer.
890 2624 935 2659 ΙΙ.
965 2623 1108 2671 XXIV,
1139 2622 1195 2662 42
1223 2623 1316 2674 ibiq.
1344 2623 1427 2657 Eu·-

763 2678 874 2717 stath.
923 2677 1097 2730 Euripid.
1146 2679 1281 2715 Helen.
1319 2678 1426 2718 79.“

776 2735 986 2773 Valcken.
1010 2734 1113 2772 Add.
1135 2741 1263 2771 notata
1284 2732 1332 2770 ad
1346 2735 1427 2770 He-

765 2792 846 2829 rod.
866 2793 932 2838 111,
965 2794 1017 2832 36
1047 2792 1130 2827 init.
1155 2814 1203 2818 —
1235 2792 1278 2826 In
1307 2791 1428 2827 inter-

764 2849 970 2900 puncti0ne
991 2859 1145 2894 eorum,
1176 2859 1274 2899 quae
1301 2847 1426 2884 conti-

1484 372 1565 397 1·,3ι·9
1591 363 1673 392 Xerx
1655 373 1721 399 x‚es

1446 399 1600 426 Aratbano
1616 400 1677 426 imu

1112 419 1364 475 ανθρώσκει
1376 456 1387 475 ,
1447 439 1528 478 519

1562 492 1697 524 enteut

1443 523 1478 550 be
1479 494 1558 550 11113111
1562 498 1670 563 Ε311131·

1446 565 1510 592 rur,
1530 557 1592 585 suis
1618 556 1718 585 edicit.
