1834 3258
0 453 60 498 39

46 1310 52 1314 s
71 1293 292 1344 impetraret
303 1323 313 1341 ,

430 206 910 245 POLYMNIA.
970 206 1075 243 VII.

1312 207 1397 246 505

126 330 282 366 τατον,
329 315 402 358 ἵνα
439 314 579 358 αὐτοῦ
607 331 652 358 τε
673 314 775 370 ἐμεῦ
804 315 988 358 καὶτῶν
1007 312 1239 371 χρημάτων
1269 308 1298 371 ᾗ
1328 329 1395 369 με·

127 381 363 435 ,,λεδωνός·
395 382 501 434 τούς
531 384 576 427 δὲ
605 383 806 437 τέσσερας
832 381 939 438 ἄγευ
970 382 1059 435 ἅμα
1090 385 1288 440 σεωυτῷ·
1320 381 1396 425 καὶ

129 449 323 505 ,,πρήξας
359 449 412 494 τὰ
443 451 606 502 νοέεις,
638 450 897 505 νοστήσειας
929 450 1109 495 όπίσω.“

120 517 334 573 ἐθυμώθη
371 515 395 562 ὁ
434 518 607 574 Ξέρξης,
638 520 712 562 καὶ
742 518 940 576 ἀμείβετο
971 521 1136 562 τοῖσδε·
1177 521 1263 572 ,,Ὡ
1291 516 1397 562 κακὲ
1455 524 1507 544 ¹0⁵
1526 515 1728 544 tractaxem

113 584 369 640 ,,ἅνθρωπε,
409 585 464 630 συ
504 585 760 644 ἐτόλμησας,
811 588 913 642 ἐμεῦ
945 586 1295 641 στρατευομένου
1322 584 1398 630 αὖ·

123 657 229 706 ,,τοῦ
269 654 339 697 ἐπὶ
379 652 461 709 τήν
495 653 699 707 Ἑλλάδα,
731 656 806 700 καὶ
845 654 1032 711 ἄγοντος
1070 656 1229 707 παῖδας
1264 654 1397 710 ἐμοὺς

126 723 230 774 ,,καὶ
258 721 498 778 ἀδελφεοὺς
526 723 601 766 καὶ
625 725 824 779 οἰκηίους
852 722 1109 776 καὶφίλους,
1142 722 1398 778 μνήσασθαι

127 791 253 845 „usqi
282 791 355 835 σέο
385 790 566 842 παιδός·
599 792 685 835 ἐών
714 791 816 848 ἐμὸς
847 793 1030 841 δοῦλος,
1071 789 1150 833 τὸν
1182 793 1292 845 χρῆν
1321 805 1398 832 πα·
1409 796 1455 830 70

96 859 304 914 2,,νοικίῃ
335 856 447 916 αὐτῇ
476 860 653 913 γυναικὶ
683 858 976 908 συνέπεσθαις
1008 852 1059 900 εὖ
1087 861 1172 901 νῦν
1201 856 1291 901 τόδ’
1319 857 1400 910 ἐξε-

125 927 356 978 ,,πίστασο,
389 925 448 978 ὡς
476 927 524 970 ἐν
553 932 665 972 τοῖσι
700 926 780 971 ωσὶ
809 944 897 971 των
928 924 1181 981 ἀνθρώπων
1212 925 1342 970 οἰκέει
1372 924 1397 970 ὁ

69 1121 265 1159 Iudicatur
275 1122 379 1158 enim
397 1126 536 1161 vacatio
557 1137 587 1161 s.
608 1126 737 1162 immu-

71 1180 170 1217 nitas
201 1179 372 1228 militiae,
415 1193 532 1232 quam
567 1187 611 1218 ut
636 1195 735 1218 unus

70 1235 240 1274 filiorum
270 1237 378 1289 isque
415 1239 609 1275 maximus
642 1245 736 1275 natu

361 1295 522 1344 petierat
559 1293 736 1346 Pythius.

72 1349 158 1394 Quo
179 1349 316 1387 eodem
341 1363 455 1388 sensu
475 1350 613 1388 dicitur
633 1351 736 1403 apud

72 1405 325 1444 Plutarchum
334 1411 520 1458 παοεῖναι
537 1411 609 1459 τῆς
623 1421 736 1459 στοα-

72 1464 201 1512 τείας,
243 1470 288 1501 ut
324 1470 432 1502 notat
458 1464 737 1516 VVyttenbaeh.

72 1519 100 1558 l.
121 1521 148 1561 1.
170 1527 208 1557 et
234 1515 400 1570 οἷφιὲναι
434 1521 537 1573 apud
581 1523 734 1574 Ulpian.

73 1577 115 1613 in
140 1576 390 1614 Demosthen.
410 1591 449 1629 Ρ.
469 1582 536 1627 22,
571 1579 635 1619 15.
656 1581 738 1630 Ly-

73 1646 182 1683 curg.
212 1647 246 1671 c.
266 1635 400 1672 Leocr.
422 1648 460 1685 p.
486 1636 578 1684 152,
601 1638 654 1677 33
679 1637 736 1687 [p.

77 1690 158 1731 164
195 1692 271 1740 R.]
317 1693 541 1729 observante
569 1691 739 1730 Valcke-

73 1749 218 1796 naerio,
240 1749 307 1800 qui
330 1749 429 1785 bene
460 1751 577 1785 etiam
596 1751 739 1786 memi-

72 1804 130 1840 nit
149 1804 355 1842 Herodotei
375 1806 451 1842 loci
469 1806 633 1854 V1‚94,
673 1807 739 1843 ubi

73 1860 321 1898 Mardonium
358 1863 495 1899 Darius
545 1859 740 1912 παραλυει

75 1918 150 1967 τῆς
167 1918 400 1969 στρατηγίης
419 1919 446 1954 i.
471 1932 505 1955 e.
523 1923 693 1968 praetura
709 1933 739 1957 5.

76 1975 220 2024 imperio
249 1979 400 2022 amovet,
430 1981 474 2011 ut
502 1975 605 2025 apud
625 1974 741 2013 Thu-

77 2029 206 2081 cydid.
237 2032 316 2079 x·‚11
351 2034 401 2072 16
441 2031 535 2080 (ubi
557 2031 634 2069 vid.
655 2034 741 2068 Du-

76 2085 188 2136 ker.)
230 2087 339 2125 Suid.
379 2101 408 2124 s.
437 2102 476 2125 v.
512 2091 741 2140 παραλῦσαι

76 2145 130 2181 ΙΠ
149 2158 188 2195 p.
211 2144 264 2185 35
286 2152 323 2182 et
342 2143 486 2182 Herod.
505 2146 569 2194 VI,
590 2147 657 2187 88.

135 2256 206 2296 ἵνα
237 2252 365 2296 αὐτοῦ
404 2272 445 2296 τε
472 2256 566 2309 ἐμεῦ
595 2258 739 2307 §az-‚R.]

80 2312 318 2352 Vid.Matth.
340 2316 406 2351 Gr.
424 2316 489 2351 G1.
508 2317 544 2360 ξ.
562 2315 641 2356 148
661 2323 741 2352 not.

82 2371 109 2409 2
128 2382 216 2420 pag.
236 2373 332 2412 278.
397 2372 543 2408 Vocem
572 2373 744 2423 μειεὸω-

82 2439 155 2472 νος
170 2428 276 2476 attigi
295 2426 343 2464 ad
362 2429 742 2481 V11‚31.1nseqq

81 2481 402 2533 cumSchwe-igh.
424 2493 461 2522 et
481 2486 597 2524 Gaisf.
614 2487 743 2537 scripsi

80 2535 177 2591 α’γευ
197 2553 266 2590 pro
296 2539 507 2593 vulg.’cc'ye‚
530 2544 632 2579 utin
661 2556 742 2594 seq.

82 2608 166 2647 cap.
188 2594 388 2647 ἀμείβετο
419 2611 488 2648 pro
502 2600 607 2648 vulg.
629 2595 745 2649 ἆμεί-

83 2653 232 2703 βεται.
249 2675 305 2680 --
335 2653 459 2690 Verba
480 2662 651 2691 extrema
669 2655 745 2692 hu-

82 2710 141 2746 ius
168 2711 319 2761 capitis:
393 2709 461 2748 καὶ
505 2706 660 2761 πρήξας
698 2708 746 2750 τοὶ

85 2764 234 2814 νοέεις,
262 2762 496 2816 νοστήσειας
525 2763 667 2815 ὀπίσω,
698 2781 747 2805 ex

87 2823 245 2861 Homeri
283 2824 492 2861 imitatione
527 2825 571 2861 ΙΙ.
609 2825 641 2873 Ι,
684 2827 747 2866 18.

798 1127 847 1164 19
897 1123 1051 1161 fluxisse
1099 1124 1300 1161 arbitratur
1359 1124 1456 1160 Lar-

795 1179 943 1218 cherus.

975 1269 1067 1322 Cap.
1089 1270 1280 1307 XXXIX.

851 1343 1085 1400 μνήσασθαι
1103 1347 1193 1399 περὶ
1215 1346 1280 1388 σέο
1292 1342 1457 1396 παιδός]

793 1405 878 1444 vid.
900 1408 929 1454 l,
953 1408 1005 1447 36
1025 1406 1326 1457 ibiquenott.—
1348 1404 1461 1451 Quod

793 1465 833 1500 in
860 1476 967 1515 seqq.
989 1470 1043 1499 est
1064 1463 1277 1516 πανοικίῃ,
1307 1463 1461 1499 inveni-

793 1528 856 1557 tur
876 1533 1030 1572 quoque
1044 1520 1144 1567 Vm,
1161 1522 1254 1560 106.
1273 1520 1342 1566 IX,
1358 1521 1459 1559 109:

795 1590 872 1615 cum
892 1581 966 1614 tota
987 1577 1085 1613 domo
1112 1590 1142 1613 s.
1164 1575 1329 1626 familia.
1389 1576 1461 1612 Cui

795 1647 885 1672 cum
904 1635 943 1671 vi
958 1633 1125 1686 quadam
1136 1634 1378 1683 subiungitur
1386 1628 1462 1671 αὖ·

793 1693 845 1745 τῇ
865 1690 1028 1756 γυναικὶ
1047 1692 1073 1728 i.
1095 1704 1129 1728 e.
1150 1703 1222 1727 una
1243 1703 1320 1727 cum
1340 1702 1461 1738 uxore,

794 1762 844 1785 ne
865 1750 950 1799 quis
969 1760 1093 1784 mares
1127 1754 1279 1784 tantum
1297 1747 1462 1796 intelligi

794 1812 929 1856 putet,
970 1805 1124 1841 exclusa
1143 1817 1277 1842 uxore.
1299 1824 1355 1830 —
1383 1804 1461 1840 Pro

795 1863 895 1913 χρῆν
924 1868 998 1898 tres
1019 1859 1133 1899 codd.
1156 1859 1278 1896 dant
1268 1855 1358 1910 χρή.

855 1932 908 1963 ως
948 1916 991 1957 ἐν
1028 1920 1131 1957 τοῖσι
1175 1912 1247 1955 ω’σὶ
1277 1930 1359 1955 των
1389 1909 1461 1954 οἷν-

797 1969 979 2024 θοῶπων
1038 1971 1159 2013 οἰκέει
1218 1988 1238 2012 ο
1290 1969 1463 2022 θυμὸς]

797 2029 861 2067 Ad
888 2029 988 2067 hanc
1011 2031 1239 2067 sententiam
1269 2028 1464 2066 Hoffmei-

798 2094 887 2124 ster.
913 2088 938 2124 l.
968 2088 993 2124 l.
1014 2100 1102 2137 pag.
1125 2086 1179 2127 43
1201 2085 1311 2123 affert
1335 2086 1471 2136 gemi-·

798 2157 893 2180 num
906 2145 1031 2180 Nostri
1051 2145 1181 2181 locum
1190 2145 1219 2189 Ι,
1234 2146 1272 2191 8,
1291 2144 1356 2179 ubi
1369 2156 1465 2180 ocu-

798 2202 842 2237 lis
863 2201 947 2251 plus
958 2202 1136 2237 tribuitur
1154 2199 1245 2237 fidei
1266 2213 1384 2252 quam
1395 2213 1465 2236 au-

798 2259 914 2295 ribus.
973 2254 1111 2308 θυμὸν
1132 2256 1180 2294 ad
1200 2257 1351 2307 affectus
1376 2270 1466 2308 spe-

800 2322 927 2361 ctare,
957 2316 1108 2351 monitu
1140 2315 1208 2351 vix
1240 2327 1348 2364 opus.
1407 2315 1466 2350 De

797 2372 967 2408 interiori
994 2385 1107 2409 sensu
1138 2370 1229 2408 dicti
1257 2369 1465 2407 Herodotei

798 2429 1031 2478 wesseling.
1061 2429 1207 2466 consuli
1227 2429 1309 2465 vult
1324 2428 1465 2464 Came-

798 2499 872 2522 rar.
893 2486 1087 2522 Problem.
1110 2486 1218 2522 Ceut.
1239 2486 1269 2532 Ι,
1291 2487 1330 2525 9.
1369 2486 1464 2520 Mox

799 2543 939 2579 retinui
959 2541 1171 2592 ἔμπιπλὲει,
1192 2542 1259 2578 ubi
1278 2541 1464 2591 scriptili-

801 2600 859 2636 bri
879 2599 1091 2636 admodum
1122 2599 1328 2644 fluctuaut3
1372 2598 1466 2633 Flo—

802 2657 973 2693 rentinus
994 2655 1108 2692 habet
1137 2654 1344 2703 ἐμπιπλεῖ,
1373 2654 1466 2690 Sto-

804 2713 920 2750 baeus
950 2715 1016 2760 20,
1045 2710 1098 2752 46
1129 2712 1205 2758 [T.
1237 2712 1255 2746 I
1279 2722 1366 2760 pag.
1384 2712 1465 2749 387

805 2769 942 2817 Gaisfi]
975 2767 1166 2817 ἕμπίπλα,
1190 2766 1237 2803 de
1258 2778 1334 2817 quo
1355 2767 1466 2803 Gais—

804 2824 904 2862 ford.
937 2825 1098 2862 conferri
1127 2824 1209 2862 vult
1238 2824 1397 2861 Porsen.
1418 2821 1466 2860 ad

1167 449 1323 504 Κάρτα
1351 466 1396 493 τε
1408 447 1729 509 65333521333232.-
