1851 3181
457 221 543 264 39⁰
855 220 1319 259 HERODOTI

305 330 405 376 116
461 327 546 386 ἤδη
579 328 627 372 ἐν
655 330 754 385 τῇσι
772 329 914 384 νηυσί.
975 323 1108 373 Οὗτοι
1137 328 1216 384 μὲν
1237 327 1291 385 δὴ
1310 321 1724 385 περιέπλωονΣού-

131 394 405 462 ῇξῧβξξζξξῐξξξζο,
465 413 577 441 νιον.
629 395 857 451 Ἀθηναῖοι
887 396 932 440 δὲ
963 395 1020 447 ὠς
1055 398 1205 440 ποδῶν
1242 394 1358 452 εἶχον
1386 396 1563 452 τάχιστα
1602 397 1725 455 ἐβοή-

130 459 406 526 ξὲῐζζξξιξξξξξτπ,
463 470 574 509 θεον
604 462 646 515 ἒς
673 464 723 507 τὸ
759 463 882 515 ἄστυ,
919 465 994 508 καὶ
1030 463 1232 519 ἔφθησάν
1260 480 1304 507 τε
1335 463 1592 520 ἀπικόμενοι
1620 465 1726 519 πρὶν

130 533 246 558 tuntur.
459 532 490 589 ἢ
509 530 613 583 τοὺς
636 531 884 588 βαρβάρους
904 531 1037 588 ἥκειν,
1066 533 1139 576 καὶ
1159 531 1607 586 ἐστρατοπεδεύσαντο
1629 530 1726 575 ἄπι-

460 598 615 656 γμένοι
655 599 697 651 ἐξ
731 598 1000 656 Ἡρακληΐου
1041 604 1122 644 τοῦ
1161 600 1209 644 ἐν
1237 604 1490 653 Μαραθῶνι
1527 601 1573 643 ἐν
1602 597 1752 656 ἅλλῳι

434 666 709 724 ῗΗρακληῖῳ
738 672 799 726 τῷ
828 668 876 712 ἐν
904 667 1194 723 Κυνοσάργεϊ.
1233 669 1276 710 οἱ
1305 668 1351 711 δὲ
1381 667 1597 723 βάρβαροι
1628 670 1728 722 τῇσι

460 736 592 792 νηυσὶ
640 734 1040 792 ὑπεραιωρηθέντες
1083 734 1314 791 Φαλήρου,
1376 740 1507 779 τοῦτο
1547 735 1632 790 γάρ
1670 729 1728 790 ἦν

461 803 653 847 ἐπίνειον
682 802 777 847 τότε
806 808 895 846 τῶν
921 803 1186 859 Ἀθηναίων,
1226 802 1336 857 ὑπὲρ
1367 802 1530 846 τούτου
1559 802 1728 853 ἀνακω-

459 871 690 927 χεύσαντες
718 869 795 922 τὰς
815 874 942 928 νῆας,
972 870 1206 915 ἀπέπλωον
1234 869 1375 914 ὀπίσω
1400 869 1443 922 ἐς
1470 870 1551 928 τὴν
1568 870 1756 928 Ἀσίην.5

404 1022 546 1060 tulisse.
604 1022 662 1057 Ac
696 1020 810 1058 simili
845 1019 963 1058 modo
984 1022 1068 1073 cly-

404 1091 523 1130 peum
560 1090 714 1128 pugnae
751 1078 865 1114 fuisse
914 1079 1068 1128 signum

407 1134 522 1172 tradit
540 1134 698 1171 Diodor.
719 1135 809 1182 XX,
833 1133 900 1174 51.
948 1137 1068 1171 Mira-

406 1199 469 1228 tur
495 1191 538 1227 C.
571 1191 615 1228 Ο.
636 1192 785 1227 Miiller.
809 1190 885 1239 (De
903 1192 1066 1229 MinerV.

1124 1027 1397 1072 argumentum
1409 1019 1784 1059 facitFrontin.Stra-

1122 1079 1284 1128 teg.1v‚
1305 1080 1330 1118 7
1352 1079 1389 1123 ς.
1409 1077 1479 1118 43.

1181 1132 1372 1184 ἔφθησάν
1389 1148 1429 1173 τε
1441 1129 1675 1184 οἷπικὸμενοι
1686 1131 1785 1184 πρὶν

1121 1186 1168 1241 ἦ]
1202 1191 1313 1228 conf.
1328 1185 1496 1227 nott.'ad
1514 1191 1578 1237 VI,
1594 1192 1687 1237 108,
1716 1191 1785 1228 ubi

406 1246 556 1286 Poliacl.
586 1259 674 1297 pag.
710 1249 783 1294 19,
814 1247 881 1283 ubi
911 1246 958 1284 de
989 1249 1068 1284 Mi-

407 1317 550 1341 nervae
575 1305 684 1353 signo
716 1302 881 1354 disputat
914 1305 957 1340 in
981 1317 1066 1341 arce

407 1361 461 1398 ita
481 1361 680 1407 collocato,
710 1366 753 1396 ut
765 1359 915 1397 cassidis
937 1367 974 1398 et
994 1360 1068 1398 ha-

406 1423 487 1456 stae
505 1417 628 1467 cuspis
644 1417 722 1452 iam
743 1417 789 1453 ab
804 1417 848 1454 iis
869 1418 1069 1468 conspice-

407 1480 532 1521 retur,
564 1474 630 1525 qui
652 1473 830 1510 Samium
850 1474 1068 1511 circmnna-

407 1531 582 1580 vigarent
610 1530 944 1581 promontorium)
979 1545 1070 1568 scu-

408 1594 494 1624 tum
530 1588 571 1623 iu
604 1587 771 1637 acropoli
817 1588 1009 1625 sublatum
1047 1600 1070 1625 a

407 1643 531 1680 Persis
563 1656 652 1679 cum
680 1641 908 1680 Marathone
934 1645 1070 1682 solvis-

407 1706 511 1747 sent,
542 1700 710 1749 conspici
727 1701 907 1750 potuisse.
945 1702 1071 1752 Equi-

412 1754 503 1793 dem
521 1756 562 1792 in
582 1757 718 1793 talibus
738 1755 906 1793 iudicare
934 1758 1069 1805 nolim,

411 1812 505 1865 quid
525 1814 683 1850 omnino
701 1813 783 1849 fieri
793 1815 959 1863 potuerit
969 1814 1074 1851 fieri-

412 1882 489 1922 que
508 1871 674 1921 potuisse
692 1870 888 1920 probabile
907 1871 968 1908 sit.

611 2003 704 2056 Cap.
740 2005 876 2043 CXVI.

472 2091 527 2140 ὥς
546 2094 684 2134 ποδῶν
703 2089 827 2145 εἶχον]
858 2095 958 2132 Male
980 2096 1073 2133 olim

415 2148 566 2200 εἴχοντο
580 2179 592 2199 ,
615 2150 720 2202 quod
740 2150 888 2188 dudum
909 2154 1074 2190 correxit

414 2204 599 2243 Valcken.
671 2208 813 2244 Sensus
854 2209 958 2245 enim
996 2216 1072 2246 est:

416 2266 584 2312 quantum
619 2264 770 2313 pedibus
801 2265 987 2311 valebant,
1032 2271 1075 2302 ut

414 2319 484 2365 IX,
516 2318 568 2359 58
600 2321 685 2358 coll.
714 2321 811 2367 VIII,
835 2324 929 2361 107.
959 2318 1076 2358 Thu-

415 2373 502 2426 cyd.
523 2375 587 2422 VI,
615 2377 681 2415 97.
700 2377 781 2424 VH,
801 2379 838 2422 2,
869 2377 953 2423 alia,
975 2389 1074 2429 quae

415 2429 598 2468 Valcken.
630 2433 763 2471 attulit.
822 2431 906 2471 vid:
935 2431 1072 2473 matth.

416 2488 482 2526 Gr.
506 2489 573 2526 Gr.
591 2500 679 2538 pag.
701 2488 796 2528 643.
839 2489 984 2526 Vocem
1003 2486 1074 2528 τά-

415 2556 544 2594 χιστα,
585 2557 683 2596 quae
721 2543 996 2583 Valckenaerio
1025 2559 1075 2584 ex

415 2602 750 2651 interpretamento
780 2603 819 2637 iu
849 2609 998 2639 textum
1018 2603 1073 2640 ir-

417 2659 573 2708 repsisse
601 2657 821 2706 videbatur,
860 2659 958 2695 bene
984 2666 1072 2696 tue-

420 2721 480 2751 tur
491 2712 884 2765 Schweighaeuserus,
896 2729 966 2752 nec
982 2729 1073 2753 sane

419 2771 569 2807 insolita
598 2770 701 2821 apud
721 2771 958 2809 Herodotum
978 2771 1072 2810 haec

421 2827 598 2866 orationis
610 2828 827 2867 verbositas.
848 2849 903 2857 —
918 2827 980 2866 Ad
999 2830 1073 2868 loci

1122 1249 1238 1284 etiam
1269 1246 1316 1284 de
1346 1248 1519 1284 Herculis
1545 1247 1635 1283 fano
1655 1247 1787 1283 Mara-

1123 1303 1271 1341 thonio.
1328 1306 1387 1340 De
1427 1304 1601 1340 Herculis
1638 1303 1785 1354 templo

1123 1361 1164 1397 iu
1196 1361 1416 1412 Cynosarge
1441 1358 1521 1397 vid.
1550 1366 1648 1397 nott.
1669 1359 1718 1397 ad
1737 1360 1786 1409 V,

1125 1419 1177 1458 63
1219 1423 1256 1454 et
1297 1415 1345 1453 de
1382 1417 1505 1453 forma
1547 1414 1787 1468 Ἡρακληΐου

1123 1472 1260 1510 Matth.
1283 1474 1348 1512 Gr.
1370 1475 1436 1510 Gr.
1455 1486 1544 1524 pag.
1564 1475 1661 1514 221.

1180 1528 1583 1582 ὑπεραιωρηθέντες]
1612 1530 1637 1567 i.
1659 1543 1694 1567 e.
1720 1541 1788 1568 na-

1126 1588 1226 1624 vibus
1246 1600 1347 1638 super
1359 1587 1511 1625 Phalera
1520 1588 1681 1637 suspensi
1685 1587 1762 1625 sive
1773 1597 1786 1624 ε

1128 1656 1233 1694 quum
1251 1657 1356 1681 naves
1372 1657 1476 1694 prope
1503 1642 1693 1681 Pllaleram
1712 1643 1788 1681 ali-

1128 1699 1298 1750 quamdiu
1327 1703 1364 1737 z'n
1393 1700 1468 1737 alto
1492 1702 1684 1737 tenuissent
1707 1701 1788 1737 sive

1122 1761 1309 1808 postquam
1344 1757 1496 1794 navibus
1518 1757 1556 1793 in
1585 1756 1659 1793 alto
1678 1768 1790 1806 supra

1129 1813 1320 1851 Pltalerum
1377 1812 1600 1862 aliquamdiu
1651 1813 1791 1861 agitati

1128 1873 1250 1918 essent,
1262 1871 1515 1920 fluctuassent.
1534 1870 1591 1906 Ita
1602 1867 1789 1920 Schwgh.

1127 1929 1170 1963 in
1198 1928 1295 1963 Lex.
1328 1925 1493 1973 Herod„
1523 1926 1591 1962 ubi
1617 1926 1716 1962 bene
1736 1926 1790 1963 ci-

1128 1990 1184 2020 tat
1210 1984 1273 2031 VI,
1298 1985 1376 2024 103
1406 1982 1472 2021 fin.
1501 1983 1644 2020 Iacobs.
1679 1981 1728 2019 ad
1746 1980 1788 2022 h.

1128 2041 1156 2081 l.
1178 2041 1350 2077 observat
1363 2039 1409 2076 de
1424 2040 1690 2090 navigantibus
1709 2039 1790 2075 fre-

1129 2097 1305 2149 quentius
1336 2095 1409 2133 dici
1439 2094 1685 2147 ὑπεραίρειν.
1742 2096 1789 2132 Iu

1129 2154 1253 2204 glossa
1264 2151 1480 2189 Herodotea
1495 2159 1551 2189 est
1566 2150 1791 2204 αἰωρηθέν-

1129 2222 1215 2256 τες·
1246 2206 1586 2260 μετεωρισθέντες.
1624 2229 1680 2235 —
1725 2206 1791 2245 Ad

1130 2266 1476 2316 verbasequeufia:
1508 2267 1624 2303 τοῦτο
1647 2261 1722 2316 γοῖρ
1734 2259 1790 2315 ἦν

1130 2321 1307 2362 ἐπίνειον
1331 2316 1418 2359 τότε
1439 2322 1520 2359 τοῖν
1545 2315 1785 2371 Ἀθηναίων,

1127 2378 1319 2428 pertinent
1337 2378 1547 2414 Pausaniae
1575 2377 1690 2414 verba
1709 2379 1738 2425 Ι,
1763 2379 1786 2418 1

1131 2436 1169 2480 §.
1200 2437 1241 2475 2.
1299 2432 1410 2479 Quod
1435 2434 1604 2485 sequitur
1634 2429 1790 2472 ἀνακω-

1129 2486 1198 2542 χεύ
1205 2502 1354 2537 σαντες,
1374 2496 1557 2527 monente
1568 2487 1791 2540 Schweigh-

1129 2560 1210 2584 non
1229 2554 1309 2583 tam
1329 2547 1428 2584 valet
1450 2542 1789 2598 ἀναχωρήσαντες,

1129 2605 1219 2641 utin
1235 2604 1358 2654 glossa
1369 2610 1423 2640 est
1433 2602 1615 2640 Herodot.
1632 2609 1669 2640 et
1687 2600 1790 2654 apud

1128 2658 1365 2712 Hesychium
1376 2661 1394 2696 I
1403 2673 1438 2710 p.
1452 2661 1546 2707 329,
1555 2659 1676 2708 sed‚ut
1687 2656 1790 2710 apud

1129 2716 1296 2754 eundem
1341 2714 1578 2767 Hesychium
1613 2714 1788 2753 additum

1129 2773 1291 2824 legitur:
1323 2768 1544 2824 μετεώρους
1562 2769 1788 2822 κατέχοντες

1130 2830 1187 2880 (in
1208 2830 1284 2869 alto
1307 2832 1497 2876 tenentes).
1554 2827 1656 2865 Alibi
1688 2827 1788 2868 valet
