1834 3258
547 246 815 283 ERATO.
874 246 949 283 Vl.

1301 246 1380 285 421

116 357 189 399 καί
218 365 339 411 σφισι
367 354 726 411 βουλευομένοισι
766 351 910 398 ’δεινόν
949 371 989 397 τι
1019 353 1214 404 ἐσέδυνε,
1253 353 1291 396 εἰ
1329 352 1384 409 δή
1396 359 1441 393 60

117 421 448 478 διαγινώσκοιεν
478 424 604 478 σφίσι
632 439 676 466 τε
696 423 899 478 βοηθέειν
924 424 969 465 οἱ
987 423 1138 472 παῖδες
1158 418 1271 475 πρός
1294 424 1384 462 τῶν

116 490 376 545 κουριδιέων
396 493 621 545 γυναικῶν
648 489 754 540 τούς
782 492 952 542 παῖδας,
997 490 1071 532 καὶ
1100 487 1270 532 τούτων
1300 485 1383 530 αὐ-

86 560 214 602 ovina
251 557 400 614 ἄρχειν
438 556 676 614 πειρῴατο,
729 560 771 601 τί
807 557 859 614 δὴ
901 556 1202 611 ἀνδρωθέντες
1241 557 1378 611 δῆθεν
1436 567 1517 608 503

111 626 356 682 ποιήσουσι.
399 624 592 668 ἐνθαῦτα
622 626 740 678 ἔδοξέ
770 637 850 679 σφι
878 627 1061 669 κτείνειν
1090 624 1196 675 τοὺς
1225 626 1383 674 παῖδας

111 692 216 744 τούς
245 692 292 736 ἐκ
321 698 410 737 τῶν
433 693 662 738 Ἀττικέων
690 698 926 749 γυναικῶν.
957 696 1132 738 ποιεῦσι
1154 692 1207 749 δή
1228 696 1437 735 ταῦτα·65

82 769 103 802 7
116 761 505 816 προσαπολλύουσι
534 761 581 806 δέ
619 773 767 818 σφεων
803 762 877 805 καὶ
915 762 993 813 τοὶς
1033 761 1232 818 μητέρας.
1275 759 1382 803 Ἀπὸ

108 828 270 873 τούτου
300 831 346 873 δὲ
371 834 454 874 τοῦ
482 830 637 886 ἔργου,
678 829 752 873 καὶ
780 834 861 872 τοῦ
891 829 1106 884 προτέρου
1132 827 1302 873 τούτων
1330 827 1379 871 τὸ

108 896 347 954 ἐργάσαντο
387 900 433 941 αἱ
473 903 695 954 γυναῖκες,
735 896 839 948 τούς
882 897 972 953 ἅμα
1013 896 1176 940 Θόαντι
1216 896 1381 950 ἄνδρας

111 964 347 1021 σφετέρους
372 964 701 1016 ἀποκτείνασαι,
731 964 982 1020 νενόμισται
1012 962 1096 1007 nivo}
1127 964 1207 1020 τὴν
1235 961 1378 1006 Ἑλλά-

0 1034 42 1080 ἷ9
111 1036 166 1078 δα
194 1034 248 1078 τοὶ
278 1033 447 1090 σχέτλια
477 1034 580 1089 ἔργα
609 1031 752 1076 πάντα
776 1031 945 1087 Λήμνια
975 1032 1219 1075 καλέεσθαι.
1258 1030 1378 1073 Ἀπο-

106 1103 299 1146 κτείνασι
339 1100 385 1144 δὲ
422 1106 535 1144 τοῖσι
577 1104 838 1155 Πελασγοῖσι
875 1099 978 1150 τούς
1016 1099 1254 1155 σφετέρους
1283 1103 1639 1164 :mal-wgravisssimae

107 1169 187 1221 διὲς
215 1186 259 1213 τε
287 1169 360 1212 καὶ
380 1173 617 1224 γυναῖκας,
658 1168 759 1212 οὕτε
797 1171 853 1224 γῆ
883 1167 1054 1223 καρπὸν
1085 1167 1232 1223 ἔφερε,
1277 1164 1378 1210 οὔτε

38 1376 43 1381 ¹
106 1328 141 1368 εἰ
170 1326 220 1382 δή
256 1326 589 1382 διαγινώσκοιεν]
622 1332 649 1368 i.
671 1344 706 1367 e.

49 1387 216 1437 quidnam
237 1386 386 1437 facturi
402 1392 511 1425 essent
532 1389 571 1425 ln·
592 1390 708 1438 pueri,

48 1443 190 1494 quando
217 1443 337 1481 adulta·
353 1443 496 1494 forent,
539 1447 603 1496 qui
636 1448 710 1482 iam

49 1502 275 1538 constitutum
301 1501 455 1538 habeant
473 1502 542 1539 sibi
561 1504 708 1540 invicem

40 1562 185 1607 praesto
215 1570 285 1594 esse
308 1557 541 1608 (opitulari)
585 1563 706 1596 contra

45 1614 285 1662 legitimarum
316 1627 465 1651 uxorum
486 1627 615 1665 pueros
646 1620 708 1652 at-

46 1683 109 1720 que
141 1671 195 1707 leis
233 1671 343 1707 velint
385 1671 574 1708 dominari.
649 1674 708 1709 Ita

45 1726 282 1777 Schweigh„
307 1741 423 1779 quem
450 1741 601 1780 sequor.
642 1728 707 1766 Ad

43 1797 180 1822 vocem
206 1785 408 1836 κουρίδιος
421 1786 522 1822 conf.
544 1792 642 1823 nott.
658 1785 707 1823 ad

46 1843 76 1889 Ι,
102 1841 194 1881 135.
252 1842 298 1876 In
330 1854 436 1893 seqq.
463 1843 602 1879 vocula
632 1843 706 1893 δῆ-

42 1902 119 1936 θεν
132 1896 181 1933 acl
199 1898 385 1933 maiorem
399 1899 704 1949 interrogationis

42 1955 123 1990 vim
140 1983 150 2001 ,
189 1966 409 2004 praegresso
443 1956 618 2006 quamvis
639 1952 703 2006 δή,

41 2009 188 2047 adiecta
207 2010 370 2047 videtur.

97 2063 190 2114 τούς
209 2063 291 2118 ἅμα
320 2064 464 2106 Θόαντι
487 2064 704 2119 ἄνδρας-

40 2120 343 2172 ἆποκτείνασαι]
359 2125 459 2161 Cum
479 2122 702 2161 Thoantem

39 2181 272 2232 Hypsipylae
322 2182 463 2231 pietate
510 2188 701 2218 servatum

41 2251 120 2274 esse
132 2239 248 2288 vulgo
268 2236 431 2285 tradant,
453 2238 491 2274 in
503 2237 699 2275 Herodoto

40 2295 157 2331 verba
168 2291 250 2345 ἅμα
262 2292 408 2334 Θόαντι
425 2301 491 2331 aut
511 2295 700 2345 glossema

41 2365 133 2398 esse,
155 2358 219 2388 aut
233 2351 418 2388 mutanda
437 2353 476 2388 in
497 2348 606 2402 παρὰ
618 2347 700 2391 Θό-

43 2422 159 2453 αντος
189 2409 336 2445 censuit
361 2407 494 2446 Barth.
523 2408 571 2445 ad
600 2409 698 2446 Stat.

41 2463 168 2501 Theb.
202 2465 247 2511 V,
280 2466 373 2504 328.
441 2465 541 2501 Cum
573 2467 700 2502 Hero-

42 2520 132 2558 doto
165 2521 255 2557 facit
286 2520 416 2559 Schol.
437 2521 610 2572 Euripid.
631 2535 699 2559 su-

43 2591 109 2629 pra
125 2576 299 2614 laudatus
321 2576 416 2626 (ubi
442 2579 625 2628 legimus:
657 2578 702 2617 αἱ

47 2630 230 2685 Λήμνιαι
268 2637 451 2685 γυναῖκες
485 2632 578 2681 τοῦς
623 2632 699 2674 σύν

47 2688 195 2730 Θόαντι
235 2687 390 2736 πάντας
428 2686 698 2741 ἀπέκτειναν)

42 2748 113 2784 nisi
144 2746 207 2785 hic
237 2749 318 2798 ipse
346 2745 531 2784 Herodoti
564 2747 699 2784 scrinia

18 2805 267 2855 ,compilarih
316 2802 699 2854 Schweighaeuserus

44 2861 158 2898 verba
176 2858 269 2908 τούς
292 2856 374 2912 ἅμα
387 2857 534 2902 Θόαντι
549 2857 699 2912 ἄνδρας

768 1331 904 1382 accipit
923 1330 1042 1377 viros,
1075 1331 1138 1380 qui
1167 1342 1244 1366 cum
1274 1327 1433 1366 Thoante

765 1388 792 1424 i.
814 1401 847 1426 e.
889 1386 1063 1425 Thoantis
1099 1390 1217 1424 aetate
1250 1389 1429 1423 valuerunt.

765 1445 899 1481 Malim
929 1443 1110 1495 equidem
1129 1444 1341 1493 intelligere
1371 1445 1430 1479 υἰ-

763 1514 838 1548 ros,
879 1503 943 1552 qui
965 1514 1038 1538 una
1056 1512 1133 1537 cum
1164 1501 1322 1537 Thoante
1351 1499 1430 1548 (de

764 1559 870 1595 cuius
890 1559 1005 1607 ipsius
1035 1556 1151 1595 caede
1181 1559 1234 1593 nil
1254 1556 1427 1605 traditur,

766 1628 881 1667 quem
911 1616 1026 1664 igitur
1062 1615 1102 1650 in
1130 1615 1207 1651 vita
1235 1621 1428 1650 servatum

765 1685 857 1720 esse,
886 1684 963 1723 quo
983 1673 1112 1708 minus
1131 1678 1353 1717 statuamus,
1373 1671 1428 1707 nil

762 1728 955 1779 impedit)
1006 1730 1042 1765 in
1082 1727 1254 1764 Lemnum
1281 1727 1428 1764 advene-

763 1789 858 1822 rant.
916 1786 974 1822 Ac
998 1783 1046 1821 de
1074 1783 1146 1820 hac
1174 1785 1427 1820 Lemniorum

762 1844 934 1879 virorum
951 1841 1068 1878 caede
1088 1839 1426 1890 consul.Apollod.

760 1900 790 1945 Ι,
805 1900 844 1945 9,
860 1901 910 1938 17
931 1899 1017 1934 coll.
1039 1899 1104 1944 III,
1121 1899 1165 1941 6,
1181 1896 1220 1937 4.
1241 1897 1424 1946 Apollon.

760 1953 887 1991 Rhod.
921 1956 951 2002 Ι,
983 1955 1065 1994 608
1099 1966 1177 2005 seq.
1236 1954 1336 1990 Hinc
1376 1952 1425 1989 de

759 2011 989 2048 facinoribus
1049 2010 1236 2046 atrocibus
1290 2009 1424 2046 malis-

761 2081 836 2120 que
849 2069 1018 2104 maxime
1028 2066 1251 2103 miserandis
1263 2079 1424 2117 prover-

759 2126 868 2162 bium
878 2119 946 2173 Λή
951 2139 1046 2174 μνια
1056 2120 1162 2162 κακοὶ
1173 2118 1424 2174 εἰτεΛήμνια

760 2180 878 2234 ἔργα,
918 2180 966 2217 de
994 2193 1070 2232 quo
1101 2178 1275 2218 Eustath.
1308 2179 1357 2216 ad
1376 2181 1422 2216 Il.

756 2251 844 2289 pag.
881 2238 972 2284 158,
1001 2234 1055 2277 '11
1088 2250 1118 2274 s.
1154 2239 1252 2284 119,
1283 2239 1337 2277 27
1373 2236 1422 2273 ad

755 2297 915 2346 Dionys.
944 2294 1095 2344 Perieg.
1132 2292 1229 2333 347.
1271 2295 1421 2331 Zenob.

754 2353 819 2399 IV,
839 2354 906 2392 91.
937 2352 1119 2388 Arsenius
1137 2350 1165 2386 l.
1195 2350 1221 2387 l.
1255 2350 1414 2388 Stanlei.

756 2408 805 2446 ad
815 2406 996 2460 Aeschyl.
1018 2405 1192 2457 Choeph.
1213 2409 1292 2447 631
1317 2406 1418 2455 (587

755 2464 904 2514 Boin).
943 2466 1000 2501 Ae
1020 2476 1144 2514 nuper
1162 2465 1202 2499 in
1224 2461 1419 2500 historicas

755 2523 908 2560 fabulae
919 2522 1082 2558 rationes
1091 2521 1289 2571 inquisivit
1300 2520 1417 2556 Wel-

756 2578 859 2617 cker.
886 2579 1036 2628 Trilog.
1059 2576 1096 2614 d.
1121 2575 1300 2627 Aeschyl.
1327 2588 1417 2626 pag.

755 2635 849 2682 584,
871 2634 947 2687 qust
966 2635 1314 2687 gymnaeocratiam
1326 2633 1417 2668 olim

755 2699 798 2729 ut
819 2693 899 2729 aliis
919 2693 1010 2728 locis
1032 2692 1079 2727 ita
1101 2690 1239 2726 Lemni
1259 2701 1414 2740 quoque

755 2750 966 2786 institutam
984 2746 1144 2784 indicari
1165 2746 1377 2782 arbitratur.

925 2805 1017 2855 Cap.
1040 2802 1259 2840 CXXXIX.

814 2857 905 2900 οὕτε
940 2857 1124 2912 γυναῖκές
1160 2872 1200 2898 τε
1229 2856 1297 2898 καὶ
1326 2860 1413 2898 ποῖ-

1438 1034 1482 1061 Ob
1491 1033 1569 1062 hane
1586 1035 1711 1065 caedem

1437 1069 1625 1096 calamitates
1642 1070 1681 1098 iis

1458 1135 1581 1164 iviuitus
1597 1137 1710 1175 impor-
