1789 3213
435 153 887 190 POLYMNIA
945 154 1046 191 VII.

1283 157 1367 195 679

112 263 428 320 Συρηκουσίων
457 260 712 314 ἐκπεσόντας
740 261 828 306 ὑπό
847 279 892 307 τε
917 266 998 306 τοῦ
1016 261 1157 318 δήμου
1185 262 1258 305 καὶ
1279 266 1367 305 τῶν

111 331 327 387 σφετέρων
358 328 531 373 δούλων
559 331 832 387 καλεομένων
861 331 907 375 δὲ
939 332 1212 386 Κυλλυρίων,
1243 329 1266 374 ὁ
1290 330 1367 374 Γέ-

108 404 198 443 λων
225 397 480 454 καταγαγών
508 398 694 449 τούτους
721 397 768 441 ἐκ
789 398 1019 454 Κασμένης
1036 398 1190 449 πόλιος
1218 397 1261 449 ἐς
1291 399 1367 450 τὰς

78 465 416 521 3Συρηκούσας,
447 465 539 521 ἔσχε
569 466 639 510 καὶ
673 465 843 517 ταύτας.
902 465 925 510 ὁ
954 467 1037 522 γὰρ
1068 466 1245 522 δῆμοςὸ
1276 471 1364 510 τῶν

107 536 427 590 Συρηκουσίων
456 533 621 578 ἐπιόντι
659 533 825 578 Γέλωνι
863 536 1104 587 παραδιδοῖ
1129 533 1209 588 τὴν
1237 533 1366 578 πόλιν

0 606 41 651 »6
108 602 182 646 καὶ
201 601 377 646 ἑωυτόν.
432 599 482 645 ‘O
511 602 558 646 δὲ
587 603 676 646 ἐπεί
704 618 748 646 τε
774 603 990 658 παρέλαβε
1026 601 1103 654 τὰς
1130 601 1362 658 Συρηκού-
1376 607 1419 644 65
1433 613 1702 654 quibusqueartifi-

46 844 72 880 i.
93 856 125 880 e.
151 847 229 894 post
255 843 346 881 hunc
371 856 561 882 successum
585 847 703 895 inspe-

46 903 184 948 ratum,
219 902 444 949 inopinatum.
521 903 587 938 Tu
620 901 698 939 vid.

45 956 144 1002 VIII,
159 959 237 997 109
257 958 348 1009 ibiq.
361 964 457 994 nott.
469 980 519 985 —
541 960 584 994 In
596 972 702 1010 seqq.

43 1009 138 1059 τούς
155 1009 349 1065 γαμόρους
363 1014 549 1051 intellexit
565 1015 704 1062 divites,

44 1069 227 1120 locupletes
246 1071 324 1106 sive
354 1073 546 1119 optimates,
575 1078 617 1108 ut
640 1073 702 1119 VI,

44 1129 110 1173 22,
131 1126 198 1162 ubi
216 1125 295 1163 vid.
352 1126 438 1163 vid.
464 1127 505 1163 C.
526 1128 588 1164 Fr.
604 1129 704 1164 Her—

42 1194 173 1219 mann.
195 1183 221 1219 l.
242 1183 268 1220 l.
290 1184 327 1229 ξ.
345 1186 399 1224 60
413 1190 493 1220 not.
505 1182 544 1222 4.
575 1185 703 1236 Atque

41 1234 221 1291 γαμόρος
238 1239 356 1285 >idem
384 1241 535 1291 proprie
566 1240 703 1278 dicitnr

42 1297 108 1347 qui
141 1298 381 1349 κληροῦχος,
419 1310 546 1346 agrum
575 1297 702 1347 (bello

40 1352 213 1402 inprimis
247 1353 419 1404 captum)
452 1356 514 1404 qui
544 1356 700 1393 sortitur.

39 1409 134 1446 Mox
153 1406 219 1449 τὸν
245 1410 374 1462 δῆμον
388 1409 479 1448 dicit
493 1410 637 1462 plebem,
658 1419 701 1449 ut

43 1464 87 1514 V,
109 1468 175 1506 30.

97 1579 353 1631 Κυλλυρίων]
376 1579 433 1615 Ita
455 1577 520 1616 dat
537 1580 699 1616 Floren-

38 1635 139 1672 tinus
168 1648 212 1673 ac
243 1636 435 1673 Sancrofti
473 1636 568 1673 liber
608 1649 698 1673 cum

40 1690 187 1730 duobus
206 1694 343 1731 Pariss.
375 1691 568 1730 Mediceus
599 1693 695 1730 liber

39 1749 209 1801 aliusque
255 1762 346 1787 cum
384 1750 492 1787 Valla
539 1748 696 1786 exhibet

40 1806 278 1855 Κιλλυρίων,
301 1806 363 1842 alii
383 1806 502 1843 aliter.
552 1805 690 1843 Suidas

38 1874 68 1898 s.
87 1875 126 1898 v.
146 1863 181 1897 Π
198 1875 236 1912 p.
259 1864 337 1901 231
361 1860 476 1899 habet
496 1858 695 1901 Καλλιπύ-

39 1932 131 1968 ριοι,
151 1916 362 1970 Hesychius
380 1920 417 1954 ΙΙ
436 1932 476 1968 p.
501 1921 581 1958 260
598 1921 694 1957 Κιλ-

38 1970 225 2027 λικύριοι,
257 1973 360 2026 quod
381 1976 496 2011 etiam
516 1975 554 2010 in
568 1976 695 2011 Hero-

40 2028 131 2067 doto
151 2032 364 2081 genuinum
385 2037 512 2068 censet
531 2029 698 2068 Valcke-

38 2099 143 2125 naer.
178 2094 290 2139 atque
320 2087 519 2125 Welcker.
545 2089 585 2124 in
598 2089 697 2124 Pro-

37 2143 140 2194 legg.
160 2142 209 2180 ad
223 2143 402 2195 Theogn.
424 2159 462 2195 p.
484 2145 601 2192 xlx,
630 2145 697 2196 qui

37 2206 212 2238 veterum
250 2202 465 2238 testimonia
494 2202 618 2238 attulit
651 2214 695 2238 ac

36 2258 240 2307 praecipue
277 2258 468 2295 Aristotel.
507 2259 547 2294 in
586 2260 693 2297 Rerr.

37 2314 202 2364 publico.
232 2313 327 2351 libro
357 2329 396 2366 p.
420 2313 496 2355 149
516 2315 697 2365 fragnnn.

13 2368 18 2378 ¹
38 2368 100 2406 ed.
115 2371 328 2408 Neumann.
387 2371 488 2417 Quos
504 2372 581 2409 sive
605 2371 696 2423 Cyl-

39 2425 149 2476 lyrz‘os
170 2427 248 2463 sive
263 2426 462 2478 Cz'llicyrios
472 2429 569 2465 bene
585 2441 695 2466 com-

37 2495 172 2534 parare
191 2483 281 2519 licet
300 2497 390 2520 cum
417 2484 694 2535 Spartanorum

38 2540 197 2586 Helotis,
217 2537 488 2576 Thessalorum
509 2543 693 2591 Penestis,

37 2596 118 2634 aliis
147 2595 187 2633 id
214 2609 333 2646 genus
370 2598 507 2644 servis,
556 2599 694 2649 quibus

37 2665 105 2703 par
142 2654 242 2690 vitae
283 2651 448 2690 conditio
488 2665 531 2690 ac
561 2660 690 2693 status.

22 2709 102 2746 ,Tu
121 2708 197 2748 vid.
220 2709 262 2747 C.
291 2711 354 2747 Fr.
381 2711 589 2748 Hermann.
619 2710 647 2747 l.
665 2711 692 2748 l.

37 2765 77 2810 ξ.
98 2768 149 2807 19
170 2773 251 2804 not.
275 2768 338 2807 16.
362 2789 411 2795 -
442 2767 542 2804 Hinc
564 2766 691 2817 igitur,

759 850 939 881 monente
975 843 1016 880 C.
1039 843 1083 880 Ο.
1102 843 1250 882 Mffller.
1272 844 1363 882 Dor.
1383 845 1418 881 Π

758 915 797 951 p.
820 904 868 941 61
894 901 1032 951 triplex
1050 901 1263 936 incolarum
1298 913 1418 950 genus

758 959 799 994 in
821 958 1096 1008 Syracusarum
1116 957 1209 993 urbe
1239 956 1419 1007 distingui

762 1013 885 1051 debet.
964 1015 1094 1050 Primo
1135 1014 1219 1050 loco
1259 1016 1418 1052 veniunt

760 1071 917 1118 Gamori,
941 1072 1006 1122 qui
1019 1077 1213 1118 vocantur,
1244 1072 1268 1107 i.
1292 1084 1324 1109 e.
1349 1084 1416 1108 co-

758 1128 838 1163 loni
870 1129 982 1177 prisci
1013 1125 1216 1174 Corinthii,
1239 1129 1304 1178 qui
1320 1129 1418 1178 agris

759 1182 884 1221 divisis
903 1184 1090 1220 maximas
1110 1190 1227 1220 sortes
1253 1185 1324 1234 ipsi
1346 1185 1418 1220 ob·

758 1242 965 1288 tinnierunt,
986 1240 1216 1290 locupletes·⁷
1246 1242 1417 1292 sequitur

759 1298 898 1345 demus,
938 1298 1103 1349 reliquos
1141 1298 1239 1333 cives
1278 1298 1416 1335 liberos

758 1355 1035 1405 complectens,
1075 1353 1253 1390 infimum
1286 1355 1416 1391 locum

757 1412 929 1448 obtinent
964 1411 1130 1461 Cyllyu‘i,
1159 1412 1258 1447 servi
1275 1412 1315 1447 in
1336 1412 1415 1448 Ga-

755 1480 953 1505 mororum
982 1467 1129 1515 fundis²
1149 1468 1216 1519 qui
1236 1468 1415 1518 probabi-

755 1525 840 1562 liter
858 1525 964 1561 fuere
975 1523 1179 1575 indigenae
1191 1524 1310 1561 Siculi
1321 1525 1415 1561 olim

755 1582 912 1618 subacti.
988 1581 1118 1633 Atque
1161 1582 1261 1617 inter
1299 1579 1414 1618 hosce

754 1639 924 1676 Gamoros
961 1636 1147 1674 adiunctis
1179 1638 1354 1688 Cyllyriis
1375 1645 1414 1674 et

754 1695 889 1733 demum
920 1708 949 1731 s.
970 1694 1098 1742 plebem
1127 1694 1218 1730 olim
1249 1692 1412 1730 eandem

750 1752 829 1787 fere
864 1752 1053 1787 rationem
1093 1751 1297 1787 obtinuisse
1330 1751 1413 1787 vult

751 1808 794 1844 C.
816 1808 860 1844 Ο.
881 1808 1029 1843 Mtiuer.
1051 1807 1075 1844 l.
1090 1807 1116 1845 l.
1137 1813 1252 1858 atque
1264 1808 1411 1843 Romae

749 1865 848 1901 inter
867 1864 1041 1913 patricios
1062 1876 1272 1915 eorumque
1292 1863 1410 1900 clien-

749 1927 804 1957 tes
826 1926 940 1972 atque
960 1920 1142 1971 plebeiOS.

810 2031 855 2072 ἐκ
894 2030 1136 2083 Κασμένης]
1185 2033 1290 2069 Haec
1320 2032 1409 2069 urbs

754 2096 908 2126 auctore
929 2087 1163 2140 Thucydide
1183 2087 1247 2136 VI,
1269 2087 1292 2128 5
1325 2089 1409 2137 (ubi

752 2144 976 2196 Κασμέναι)
999 2158 1019 2182 a
1041 2146 1287 2197 Syracusanis
1308 2158 1407 2182 anno

751 2201 830 2243 645
851 2215 885 2239 a.
907 2200 996 2241 Chr.
1018 2215 1057 2240 n.
1087 2208 1142 2239 est
1167 2200 1319 2239 condita
1347 2203 1407 2238 in-

750 2266 808 2296 ter
834 2259 952 2295 Acras
983 2266 1020 2295 et
1054 2259 1324 2304 Camerinam,
1365 2265 1408 2295 ut

749 2314 900 2354 videtur
925 2316 1100 2353 Cluverio
1113 2345 1123 2364 ,
1144 2328 1189 2352 eo
1209 2315 1288 2351 fere
1307 2315 1405 2363 loco,

752 2385 828 2425 quo
847 2385 951 2409 nunc
970 2374 1010 2409 in
1030 2373 1185 2422 regione
1214 2372 1407 2408 amoenis-

749 2431 846 2467 sima
865 2435 986 2466 exstat
1007 2428 1191 2480 oppidum
1221 2427 1359 2465 Scz‘cali
1375 2440 1404 2464 s.

752 2486 876 2524 Sciclz'.
917 2487 983 2522 Tu
1003 2485 1103 2524 conf.
1124 2486 1312 2521 Mannert.
1333 2485 1402 2530 IX,

749 2545 776 2583 2
790 2555 878 2593 pag.
900 2540 996 2582 440.
1053 2542 1175 2578 Raoul
1189 2539 1403 2577 -Rochette

748 2601 910 2636 Histoire
945 2596 991 2634 de
1022 2598 1221 2635 l‘Etabliss.
1243 2598 1295 2633 111
1315 2609 1402 2647 pag.

747 2653 842 2697 354.
899 2656 942 2691 In
963 2667 1068 2706 seqq.
1088 2653 1209 2692 verbis
1232 2652 1314 2702 ἔσχε
1335 2650 1401 2691 καὶ

746 2707 904 2758 ταύτας,
933 2717 1075 2762 spectat
1085 2705 1228 2756 ταύτας
1249 2709 1297 2745 ad
1318 2711 1400 2747 Συ-

748 2763 961 2819 ρηκούσας.

1432 656 1483 687 cns
1504 649 1670 688 Syracusas

1428 690 1537 710 nurum
1556 690 1585 709 m
1609 691 1670 710 mo-

1433 715 1501 744 dum
1519 717 1645 744 auxerit.
