1815 3181
390 241 474 281 348

793 237 1251 274 HERODOTI

393 348 537 401 ,,δέξαι
558 346 627 390 καὶ
643 342 742 388 τάδε
762 344 815 388 τὰ
836 345 1031 401 σύμβολα
1052 349 1154 399 σῶζε
1172 344 1334 403 λαβών·
1358 343 1406 396 ὃς
1426 343 1463 388 δ’
1479 344 1650 400 ἂνέχων

390 419 550 468 ,,ταῦτα
581 411 783 469 ἀπαιτέῃ,
808 412 949 470 τούτῳ
979 411 1240 457 ἀποδοῦναι.

392 480 622 536 ,,Μιλήτου
651 479 772 536 ἥκων
802 481 936 533 ξεῖνος
967 484 1156 525 τοσαῦτα
1188 482 1320 535 ἔλεξε·

1293 414 1342 457 Ὁ
1369 413 1448 469 μὲν
1479 412 1530 468 δή
1562 411 1646 455 ἀπό

1371 485 1569 531 Γλαῦκος
1599 481 1644 524 δὲ
1660 485 1705 521 4ο

393 550 590 603 ,,έδέξοιτο
638 548 718 605 τήν
755 548 1019 605 παραθήκην
1056 549 1124 592 έπὶ
1171 553 1230 607 τῷ
1275 548 1484 607 εἰρημένῳ
1522 549 1647 608 λόγῳ.

360 616 600 673 9,,Χρόνου
625 616 671 660 δὲ
688 621 852 660 πολλοῦ
884 617 1147 668 διελθόντος,
1178 613 1320 674 ἦλθον
1347 617 1389 668 ές
1406 617 1485 674 τήν
1503 617 1648 672 Σπάρ-

389 702 495 742 ,,την
522 684 684 729 τούτου
713 688 795 728 τοῦ
825 685 1134 742 παραθεμένου
1163 685 1216 728 τοὶ
1247 685 1442 742 χρήματα
1479 686 1521 727 οἱ
1557 689 1650 727 παῖ.

390 756 510 808 ,,δες·
543 751 741 804 ἐλθόντες
772 754 818 797 δὲ
847 753 889 805 ές
918 751 1077 809 λόγους
1105 757 1166 809 τῷ
1200 753 1408 810 Γλαύκῳ,
1445 753 1519 796 καὶ
1549 751 1650 796 ἀπο-

393 818 665 873 ,,δεικνυ’ντες
716 821 769 864 τὰ
821 821 1038 878 σύμβολα,
1094 819 1301 865 ἀπαίτεον
1343 820 1396 864 τὰ
1439 820 1647 877 χρήματα.

337 887 441 940 1Ο,,ὁ
477 888 522 931 δὲ
563 887 789 940 διωθέετο,
834 887 1260 946 ἀντυποκρινόμενος
1313 887 1476 933 τοιάδε·

1542 887 1651 932 Οὔτε
1662 892 1705 929 45

389 955 635 1012 ,,μέμνημαι
661 955 710 999 τὸ
740 960 937 1014 πρῆγμα,
976 956 1077 1002 οὔτε
1105 973 1159 1014 με
1185 957 1410 1013 περιφέρει
1439 955 1569 1001 οὐδὲν
1598 962 1651 1003 εἰ·

391 1023 541 1075 ,,δέναι
570 1022 742 1068 τούτων
771 1028 859 1068 τῶν
886 1024 1009 1082 ὑμεῖς
1038 1025 1200 1081 λέγετε·
1231 1025 1449 1082 βούλομαί
1477 1041 1522 1068 τε
1552 1023 1650 1068 ἀνα-

392 1092 627 1148 ,,μνησθεὶς
656 1093 820 1137 ποιέειν
838 1097 926 1136 πᾶν
964 1092 1012 1137 τό
1045 1095 1232 1137 δίκαιον·
1273 1094 1345 1138 καὶ
1375 1093 1458 1149 γάρ
1495 1095 1532 1137 εἰ
1564 1093 1653 1137 ἔλα-

392 1162 514 1215 ,,βον,
546 1160 692 1215 ὀρθῶς
711 1159 983 1205 ἀποδοῦναι·
1014 1161 1087 1206 καὶ
1117 1163 1157 1205 εἴ
1177 1178 1224 1217 γε
1248 1159 1382 1218 ἀρχὴν
1401 1178 1458 1217 μη
1481 1162 1652 1217 ελαβον,
1665 1166 1709 1200 50

339 1225 596 1283 11,,νόμοισι
626 1233 740 1273 τοῖσι
762 1228 983 1285 Ελλήνων
1009 1228 1223 1286 χρήσομαι
1250 1229 1292 1281 ές
1321 1227 1470 1285 υμέας
1517 1232 1654 1272 ταῦτα
1697 1261 1703 1268 ,

393 1329 415 1347 ,,
420 1298 484 1338 ὠν
511 1294 618 1351 ὑμῖν
648 1294 946 1352 ἀναβάλλομαι
974 1296 1192 1351 κυρώσειν
1229 1296 1272 1348 ἐς
1303 1296 1510 1350 τέταρτον
1538 1300 1654 1353 μῆνα

339 1370 402 1414 12,
407 1361 503 1413 ,ἀπὸ
534 1365 676 1407 τοῦδε.

738 1365 793 1407 Οἱ
824 1381 903 1421 μεν
933 1363 986 1422 δή
1009 1364 1224 1422 Μιλήσιοι
1254 1363 1490 1422 συμφορήν
1512 1363 1654 1408 ποιεύ-

394 1447 567 1486 ,,μενοι,
599 1431 948 1485 ἀπαλλάσσοντο,
993 1432 1053 1484 ὥς
1083 1432 1418 1489 ἀπεστερημένοι
1449 1436 1538 1475 τῶν
1557 1448 1653 1488 χρη·

391 1499 579 1555 „unitam

640 1503 840 1552 Γλαῦκος
869 1501 915 1544 δὲ
945 1501 1177 1556 ἐπορεύετο
1218 1501 1261 1552 ές
1289 1500 1515 1557 Δελφοὺς,
1559 1517 1654 1556 χρη-

392 1567 609 1622 ,,σόμενος
637 1571 698 1623 τῷ
728 1571 983 1625 χρηστηρίῳ.
1031 1569 1329 1625 ἐπειρωτῶντα
1367 1570 1413 1613 δὲ
1443 1568 1578 1612 αὐτόν
1607 1567 1655 1612 τό
1667 1575 1711 1608 55

390 1635 679 1691 ,,χρηστήριον
709 1637 746 1679 εἰ
775 1634 892 1695 ὅρκῳ
930 1636 982 1680 τὰ
1011 1636 1207 1693 χρήματα
1235 1639 1446 1694 ληΐσεται,
1486 1634 1513 1693 ἡ
1559 1639 1653 1679 Πυ-

391 1704 468 1759 θίη
499 1703 741 1759 μετέρχεται
769 1706 912 1748 τοῖσδε
941 1709 1054 1748 τοῖσι
1087 1706 1225 1749 ἔπεσι·

337 1879 523 1914 sententia
550 1877 626 1915 huc
654 1881 781 1917 minus
803 1881 998 1931 pertiuen-

338 1942 429 1971 tem.
473 1937 572 1972 Hinc
592 1937 705 1984 male,
738 1938 885 1987 opinor,
918 1938 998 1973 He-

339 1990 538 2028 rodoteam
559 1993 792 2030 locutionem
810 1993 997 2031 reddunt:

339 2048 437 2098 apud
458 2052 491 2086 te
514 2049 692 2099 deponere.
730 2051 865 2087 Malim
888 2051 999 2103 equi-

340 2103 429 2140 dem
450 2118 540 2141 cum
566 2105 739 2144 Boeckh.
780 2107 893 2158 Corp.
931 2109 1000 2144 In-

341 2174 411 2197 scr-
437 2162 466 2209 Ι,
489 2164 513 2202 3
530 2175 617 2213 pag.
631 2164 733 2204 890:
763 2164 1001 2215 solvereapud

343 2222 389 2254 te.
419 2239 471 2245 —-—
513 2220 559 2254 In
600 2232 707 2271 seqq.
747 2221 887 2257 retinui
915 2217 1000 2269 σόα,

343 2274 449 2311 cuius
474 2274 559 2311 loco
587 2276 649 2312 alii
684 2278 778 2315 σῶα.
837 2279 902 2314 Tu
921 2275 999 2314 vid.

342 2337 436 2369 nott.
459 2330 507 2367 ad
526 2333 574 2378 ΙΙ,
600 2334 689 2372 181.

399 2383 442 2434 ὃς
466 2382 507 2426 δ’
533 2384 586 2427 ἂν
621 2386 719 2437 ἔχων
740 2409 795 2415 -
813 2384 1000 2441 ἀπαιτέῃ]

344 2445 460 2480 Recte
487 2442 550 2480 hic
580 2445 736 2481 relativo
766 2444 854 2481 addi
880 2446 930 2481 ait
950 2447 998 2481 G.

344 2502 554 2537 Hermann.
584 2502 745 2551 Opuscc.
765 2502 817 2538 IV
847 2515 884 2552 p.
906 2505 996 2542 117.

345 2558 567 2607 particulam
588 2555 660 2606 ἅνς
682 2559 883 2595 vernacule
896 2559 998 2594 enim

347 2612 418 2650 hoc
458 2628 537 2652 esse
584 2627 662 2651 non
709 2614 868 2662 welcher,
933 2614 999 2652 sed

345 2683 423 2708 wer.

620 2728 657 2773 ς.
680 2730 718 2767 2.

402 2781 490 2823 οὕτε
516 2782 716 2834 μέμνημαι
741 2780 785 2822 vd
818 2785 1000 2835 πρῆγμα]

339 2841 396 2876 De
434 2839 505 2877 hoc
540 2841 753 2878 accusativo
785 2840 884 2877 cons.
907 2847 1002 2877 nott.

1056 1879 1104 1917 ad
1130 1880 1194 1930 w,
1233 1882 1323 1921 136.

1056 1933 1147 1977 οὔτε
1170 1951 1216 1988 με
1236 1933 1441 1989 περιφέρει
1459 1936 1485 1972 i.
1508 1948 1541 1974 e.
1562 1934 1717 1972 nec-milei

1055 2007 1091 2032 m
1109 1997 1253 2031 mentem
1280 1993 1395 2041 redit,
1422 1995 1594 2030 succurrit
1624 1991 1715 2028 illu-

1055 2057 1147 2088 strat
1164 2050 1331 2089 Wessel.
1358 2050 1527 2087 Platonis
1556 2049 1642 2086 loco
1673 2048 1714 2084 in

1055 2105 1211 2146 Lachet.
1242 2121 1280 2158 p.
1308 2109 1391 2148 280
1419 2108 1466 2144 E.
1499 2106 1715 2143 simillimo:

1056 2162 1331 2215 περιφέρει
1389 2161 1432 2203 δέ
1460 2178 1518 2209 τις
1557 2175 1605 2226 με
1648 2158 1715 2199 καὶ

1057 2216 1194 2271 μνήμη
1229 2217 1316 2270 ἀρτι
1354 2219 1478 2258 τωνδε
1510 2212 1714 2270 λεγοντων,

1391 1877 1504 1925 Quod
1543 1878 1713 1929 sequitur

1056 2276 1124 2312 ubi
1142 2276 1355 2313 Iacobsium
1370 2277 1616 2326 interpretem
1635 2285 1713 2310 nou

1055 2333 1153 2382 fugit
1180 2331 1365 2369 Herodoti
1392 2332 1510 2369 locus.
1533 2352 1584 2359 —-
1622 2331 1715 2367 Mox

1057 2384 1209 2427 τούτων
1240 2387 1329 2426 dedi
1357 2401 1425 2439 pro
1455 2386 1639 2428 τουτέων.
1659 2407 1715 2415 -

1057 2443 1119 2481 Ad
1162 2445 1323 2482 verbum
1360 2441 1635 2497 ἀναβάλλομαι
1674 2444 1713 2479 'm

1055 2515 1159 2553 seqq.
1182 2502 1282 2539 conf.
1303 2508 1397 2539 nott.
1420 2501 1469 2539 ad
1487 2502 1533 2550 V,
1553 2500 1620 2542 49.
1641 2514 1706 2539 κυ·

1056 2560 1156 2608 ροῦν
1167 2566 1220 2596 est
1231 2560 1444 2610 confirmare,
1455 2562 1574 2596 ratum
1579 2557 1712 2609 facere,

1056 2622 1097 2651 ut
1118 2615 1178 2663 v1,
1202 2618 1294 2657 126.
1311 2616 1411 2662 V111,
1433 2615 1501 2657 56.

1331 2673 1369 2718 ς.
1401 2674 1440 2712 3.

1114 2725 1326 2779 συμφορήν
1367 2725 1621 2780 ποιεύμενοι]
1655 2727 1710 2765 Cf.

1060 2791 1154 2821 nott.
1176 2784 1224 2821 ad
1244 2786 1289 2832 V,
1311 2785 1348 2825 5.

1117 2841 1151 2880 εἷ
1167 2839 1270 2894 ’ὅρκῳ
1300 2839 1347 2880 τά
1381 2838 1558 2893 χρήματα
1587 2840 1712 2890 ληΐσε-
