1870 3249
324 203 979 244 TERPSICHORE.
1036 202 1082 239 V.

1289 203 1372 242 211

108 317 242 372 ,,ἐω’ν;
271 320 329 372 τῷ
358 313 478 368 πάρα
508 314 587 368 μὲν
609 311 751 354 πάντα
783 310 866 354 ὅσα
890 327 970 365 περ
1001 311 1087 361 σοὶ,
1117 310 1296 353 πάντων
1325 310 1372 354 δὲ
1386 314 1430 349 40

108 384 241 438 „node
271 383 341 426 σέο
379 380 689 439 βουλευμάτων
717 379 952 423 ἐπακούειν
992 379 1203 434 άξιεῦμαι.
1258 376 1373 420 Ἀλλ’

81 454 179 505 5,,εἴ
201 467 278 504 περ
322 467 364 493 τι
393 455 621 497 τοιοῦτον,
667 446 764 491 οἷον
806 447 859 491 σύ
894 449 1092 504 εἴρηκας,
1135 444 1318 502 πρήσσει
1349 444 1373 488 ὁ

106 518 239 575 ,ἐμός
267 518 522 573 ἐπίτροπος,
564 520 660 561 ἰ’σθι
691 513 831 558 αὐτόν
861 516 932 559 ἐπ’
972 515 1140 559 ἑωυτοῦ
1169 513 1377 571 βάλλομε-

105 604 213 642 ,,νον
247 586 521 643 πεπρηχὲναι.
576 583 714 641 ἀρχὴν
756 584 801 627 δὲ
831 584 963 640 ἔγωγε
999 583 1108 627 ου’δὲ
1147 582 1432 638 ἐνδέκομαι45

104 655 209 709 ,,τόν
245 653 400 710 λόγον,
439 654 552 705 ὅκως
586 671 628 696 τι
658 651 872 708 Μιλήσιοι
905 653 980 697 καὶ
1009 651 1032 696 ὁ
1071 650 1174 708 ἐμὸς
1211 651 1378 705 ἐπίτρο·

105 739 214 777 ,,πος
257 722 472 777 νεώτερον
512 721 760 777 πρήσσουσι
802 722 902 776 περὶ
939 720 1174 778 πρήγματα
1210 719 1263 762 τοὶ
1308 718 1376 762 σά.

77 792 195 845 6,,Εἰ
225 791 270 834 δ’
300 790 385 845 ἄρα
414 807 454 834 τι
484 795 662 834 τοιοῦτο
691 794 879 843 ποιεῦσι,
911 791 983 833 καὶ
1015 788 1068 833 σύ
1099 788 1149 832 τὸ
1180 788 1251 831 ἐὸν
1274 785 1380 843 ἀκή-

105 876 255 911 ,,κοας,
288 854 322 901 ὦ
351 863 542 913 βασιλεῦ,
574 859 690 912 μάθε
723 856 822 902 οἷον
856 863 1034 914 πρῆγμα
1065 855 1276 912 ἐργάσαο,
1307 855 1381 910 ἐμὲ

75 926 223 980 7,,ἇπό
248 926 476 983 θαλάσσης
496 926 777 970 ἀνάσπαστον
807 926 1008 981 ποιήσας.
1053 923 1200 975 Ἴωνες
1219 923 1303 979 γὰρ
1317 926 1380 967 οἴ·
1394 932 1438 964 50

106 1007 249 1048 ,,κασι,
271 995 373 1051 ἐμεῦ
390 997 431 1048 ἐξ
453 995 700 1052 ὀφθαλμῶν
721 1006 800 1050 σφι
817 994 1076 1050 γενομένου,
1093 996 1275 1048 ποιῆσαι
1293 995 1381 1035 τῶν

106 1063 268 1118 ,,πάλαι
307 1067 460 1119 ἵμερον
501 1063 636 1120 εἶχον·
675 1063 776 1117 ἐμέο
817 1061 855 1106 δ’
890 1061 945 1104 ἂν
976 1060 1125 1112 ἐόντος
1166 1063 1213 1104 ἐν
1240 1059 1381 1117 Ἰωνίῃ

104 1130 316 1188 »οὐδεμία
345 1132 469 1183 πόλις
498 1130 746 1187 ὑπεκίνησε.
806 1133 912 1173 Νῦν
953 1124 1016 1173 ὦν
1059 1128 1118 1180 ὥς
1160 1129 1289 1185 τάχος
1328 1144 1382 1184 με

80 1200 252 1257 8,,ὀέφες
271 1205 546 1257 πορευθῆναι
563 1200 605 1251 ἐς
632 1199 814 1255 Ἰωνίην,
834 1200 909 1242 ἵνα
934 1215 1004 1241 τοι
1023 1195 1144 1242 κεῖνά
1173 1213 1219 1241 τε
1238 1197 1381 1240 πάντα

106 1270 379 1325 ,,καταρτίσω
410 1269 454 1321 ἐς
478 1266 642 1320 τωύτὸ,
684 1268 759 1312 καὶ
797 1266 877 1311 τὸν
907 1265 1114 1323 Μιλήτου
1146 1266 1438 1320 ἐπίτροπονόὅ

107 1341 314 1392 ,,τοῦτον,
359 1336 438 1381 τόν
484 1341 621 1381 ταῦτα
661 1328 1047 1393 μηχανησάμενον,
1090 1335 1384 1391 ἐγχειρίθετον

79 1412 101 1446 9
109 1407 336 1460 ,,παραδῶ.

395 1409 533 1450 ταῦτα
573 1404 619 1450 δὲ
648 1405 757 1449 κατά
798 1403 908 1448 νόον
942 1403 1022 1448 τὸν
1061 1404 1141 1447 σὸν
1180 1401 1382 1458 ποιήσας,

107 1473 270 1528 ,,θεούς
299 1472 516 1530 ἐπόμνυμι
553 1473 662 1526 τούς
698 1476 978 1530 βασιληίους,
1017 1471 1078 1528 μή
1110 1472 1192 1527 μὲν
1220 1469 1380 1525 πρότε-

110 1695 169 1747 τῷ
185 1690 294 1745 πάρα
314 1691 386 1745 μὲν
405 1690 536 1734 πάντα
548 1691 624 1734 ὅσα
638 1709 712 1746 περ
771 1693 870 1731 trahi
902 1699 1085 1744 poterunt
1115 1693 1182 1740 III,
1220 1692 1312 1732 115.
1346 1693 1438 1738 116,

55 1749 147 1799 σοὶ]
188 1753 364 1802 „Repetit
386 1758 422 1788 et
441 1759 569 1801 gratus
591 1765 715 1802 agno-

54 1809 124 1845 scit
149 1809 246 1857 regis
277 1810 482 1858 promissa,
517 1808 576 1859 ἔχε
592 1806 715 1859 τάπερ

772 1764 871 1802 quae
899 1753 941 1787 in
978 1752 1074 1786 Lex.
1108 1748 1294 1786 Herodot.
1329 1747 1440 1785 affert

774 1806 996 1856 Schweigh.
1014 1827 1072 1834 —-
1102 1805 1165 1842 Ad
1185 1802 1229 1844 τό
1257 1801 1321 1844 ἐὸν
1338 1805 1439 1841 conf.

59 1860 111 1902 ἂν
131 1861 204 1915 ἐγώ
230 1862 323 1913 ἔχω,
354 1860 448 1912 ἐμός
470 1879 508 1903 τε
531 1861 717 1910 σύσσιτος
771 1867 803 1910 Ι,
835 1867 888 1904 30
919 1870 954 1899 et
984 1862 1034 1899 ad
1063 1863 1300 1898 locutionem
1338 1857 1442 1899 α’νά-

59 1916 138 1959 ἒιόν
162 1919 228 1957 καὶ
253 1916 499 1970 σύμβουλος,
537 1934 651 1971 supra
683 1935 716 1957 c.

59 1974 154 2016 24.“
201 1975 402 2024 Wesseling.
468 1975 530 2013 Ad
561 1979 724 2014 locutio-

58 2044 152 2068 nem
185 2028 250 2071 ἐπ’
280 2032 434 2072 ἑωυτοῦ
475 2031 724 2084 βαλλόμενον

57 2089 161 2125 conf.
182 2089 225 2135 V,
247 2092 272 2130 7
277 2092 314 2130 3.

117 2140 242 2195 α’ρχήν
282 2142 324 2184 δὲ
355 2143 475 2197 ἔγωγε
501 2140 596 2184 ου’δὲ
619 2143 723 2184 ἐνδέ-

59 2215 180 2251 κομαι
198 2198 269 2241 τόν
293 2197 424 2252 λόγον]
447 2203 473 2237 i.
496 2215 530 2238 e.
566 2202 724 2251 equidem

60 2261 193 2296 omnino
204 2259 307 2295 talem
328 2271 513 2296 sermonem
533 2258 721 2308 haudqua—

62 2328 168 2365 quam
196 2317 338 2366 'recipio
378 2329 407 2352 s.
452 2315 609 2365 equidem
656 2316 720 2352 Ιιοσ

60 2372 151 2408 milti
164 2372 373 2422 persuaderi
401 2374 537 2409 omnino
564 2385 633 2409 non
652 2386 723 2421 pa-

61 2430 145 2468 tiar.
185 2428 335 2465 Eodem
354 2429 433 2465 fere
448 2428 565 2466 modo
585 2431 722 2465 Noster

59 2486 126 2530 111,
150 2485 242 2525 115.
280 2487 379 2521 Nam
399 2480 545 2536 ἄρχήν,
571 2492 614 2522 ut
637 2499 723 2522 cre—

61 2542 187 2589 brius,
208 2542 308 2578 valet
329 2545 474 2589 omnino,
502 2543 616 2592 plane.
674 2544 722 2579 Iu

62 2611 169 2650 seqq.
211 2595 314 2644 ὅκως
362 2597 466 2635 idem
504 2599 583 2635 fere
621 2601 723 2636 valet

65 2654 169 2707 quod
194 2651 254 2695 ὅτι
279 2668 309 2692 s.
343 2653 418 2703 ώςς
461 2654 507 2691 de
537 2668 613 2707 quo
644 2656 722 2693 vid.

65 2710 200 2751 Matth.
232 2713 300 2748 Gr.
329 2712 395 2748 Gr.
426 2712 463 2756 ξ.
486 2711 566 2752 534
582 2719 661 2749 not.
683 2715 722 2752 2.

62 2769 103 2814 ᾗ.
124 2769 203 2809 531
227 2775 308 2805 not.
339 2771 380 2808 2.
437 2768 487 2804 Et
519 2769 649 2804 confer
675 2770 723 2806 sis

66 2825 110 2871 V,
143 2828 210 2866 30.
243 2827 309 2866 89.
366 2826 491 2861 Minus
523 2825 619 2861 bene
650 2823 723 2862 huc

776 1932 952 1959 σπαστον
992 1922 1124 1957 ποιεῖν
1167 1925 1264 1955 nott.
1297 1917 1346 1954 ad
1374 1918 1440 1965 IV,

778 1975 877 2016 204.
896 1996 951 2004 —
970 1977 1014 2011 In
1035 1988 1142 2027 seqq.
1166 1971 1333 2024 ου’δεμία
1352 1973 1441 2011 dedi

780 2046 849 2083 pro
867 2028 1049 2082 οὕδεμίη.

836 2144 1075 2196 καταρτίσω]
1098 2142 1185 2184 Vid.
1206 2151 1303 2181 nott.
1326 2142 1375 2180 ad
1394 2144 1439 2191 V,

779 2204 832 2243 28
866 2209 903 2239 et
923 2201 973 2238 ad
1001 2214 1140 2238 vocem
1161 2199 1438 2252 ἐγχειρίθετον,

779 2259 880 2295 conf.
910 2259 1051 2295 Pollux
1079 2259 1136 2305 H,
1190 2257 1282 2297 154.
1341 2257 1444 2293 Infra

777 2315 827 2352 ad
859 2313 913 2366 μή
947 2313 1018 2366 μὲν
1057 2315 1161 2352 conf.
1188 2321 1287 2351 nott.
1318 2314 1366 2351 ad
1396 2314 1442 2361 V,

777 2375 833 2413 92
857 2374 894 2418 ξ.
917 2372 942 2412 5
965 2380 1002 2409 et
1020 2372 1066 2418 V,
1095 2374 1148 2412 93
1178 2378 1215 2408 et
1244 2370 1293 2408 ad
1325 2371 1442 2408 verba

776 2425 843 2468 τὸν
885 2428 983 2478 ἔχων
1015 2430 1176 2467 κιθῶνα
1208 2426 1344 2465 Matth.
1375 2429 1443 2464 Gr.

779 2487 844 2522 Gr.
856 2499 944 2536 pag.
975 2487 1069 2526 887.
1117 2485 1262 2521 Vocem
1282 2486 1445 2523 κιθῶνα

779 2541 999 2593 Schweigh.
1040 2540 1106 2588 (iu
1143 2543 1240 2578 Lex.
1277 2540 1442 2590 Herod.)

778 2601 915 2636 rectius
955 2599 1099 2636 loricam
1140 2611 1257 2650 quam
1287 2600 1443 2635 tunicam

779 2657 942 2706 intelligi
970 2656 1155 2693 observat.
1217 2656 1329 2691 Couf.
1359 2655 1441 2701 VII,

780 2715 830 2753 61
851 2720 887 2749 et
907 2711 984 2749 vicl.
1015 2714 1170 2747 Homer.
1192 2713 1236 2747 ll.
1266 2713 1312 2757 II,
1343 2711 1440 2751 416.

780 2770 825 2814 V,
869 2772 947 2808 113
997 2769 1162 2818 (ibique
1195 2769 1438 2818 interp-eth).

781 2826 886 2872 xm,
908 2825 1005 2866 439.
1034 2826 1137 2870 xw,
1168 2823 1263 2864 841.

1074 2879 1122 2919 14
1140 2878 1164 2901 ᾖ
