1815 3181
407 194 490 234 1⁴8
809 195 1277 232 HERODOTI

414 303 621 358 Θηβαίων
671 301 944 357 δεηθέντων,
1011 300 1206 358 πόλεμον
1256 303 1506 361 ἀκήρυκτον
1548 301 1676 359 Ἀθη-

385 370 581 412 ὃναίοισι
623 369 852 425 ἐπέφερον.
904 370 1187 424 ἐπικειμένων
1227 370 1311 426 γάρ
1353 372 1502 416 αὐτῶν
1539 373 1676 413 Βοιω-

406 442 540 488 τοῖσι,
572 437 893 489 ἐπιπλώσαντες
922 442 1118 496 μακρῇσι
1146 440 1276 494 νηυσὶ
1307 440 1348 490 ἐς
1367 439 1449 496 τήν
1468 438 1672 493 Ἀττικήν,
1688 444 1733 479 75

409 503 517 548 nato}
549 505 628 560 μὲν
658 505 820 560 ἔσυραν
855 504 1085 560 Φάληρον,
1116 506 1226 550 scazo?
1259 507 1305 550 δὲ
1334 511 1409 562 τῆς
1438 506 1570 562 ἄλλης
1598 521 1677 549 πα·

409 574 560 627 ραλίης
591 574 787 625 πολλούς
809 573 999 629 δήμους·
1034 577 1260 625 ποιεῦντες
1275 573 1324 618 δὲ
1353 578 1515 627 ταῦτα,
1547 572 1678 630 μεγά-

403 642 490 690 λως
518 637 775 696 Ἀθηναίους
795 640 1025 685 ἐσινέοντο.

484 704 543 749 ‘H
565 708 612 752 δὲ
642 709 777 765 ἔχθρη
811 709 834 766 ἡ
863 708 1218 766 προοφειλομένη
1257 709 1301 761 ἐς
1337 707 1598 765 Ἀθηναίους
1627 707 1674 752 ἐκ

406 777 495 818 τῶν
525 776 820 833 Αἰγινητέων,
865 776 1034 832 ἐγένετο
1065 777 1108 829 ἐξ
1144 775 1277 833 ἀρχῆς
1315 778 1505 833 τοιῆσδε.
1562 775 1732 821 ’Em-80

278 696 345 741 82

70 757 141 786 odii
164 759 329 795 Aegineta-

68 799 135 819 rum
164 793 314 821 adversus

68 826 274 855 Athenienses
303 827 347 856 in-

405 990 578 1046 πόλεμον
603 991 832 1049 ἅκήρυκτον
851 1017 904 1024 -
919 993 1008 1035 ε’πὲ-

343 1053 499 1104 φερον]
528 1054 612 1089 Hoc
631 1065 684 1089 -eo
712 1060 877 1103 spectat,
917 1065 1007 1090 mo-

342 1115 458 1145 nente
476 1107 752 1147 Wachsmuth.
766 1111 917 1146 Hellen.
934 1110 1006 1146 Al-

341 1164 570 1203 terthnmsk.
592 1168 621 1213 1,
638 1170 656 1207 1
680 1179 769 1217 pag.
786 1170 878 1215 133,
900 1165 1006 1219 quod

341 1234 390 1258 ex
409 1223 491 1258 iure
512 1224 694 1276 antiquo,
725 1225 756 1260 si
785 1236 863 1274 pax
893 1230 1004 1274 rupta

340 1286 456 1327 esset,
488 1287 576 1316 ante
607 1281 752 1317 bellum
781 1282 1004 1331 incoeptum

339 1335 483 1385 legatos
504 1338 582 1373 sive
601 1350 808 1389 praecones
830 1339 931 1374 mitti
947 1337 1003 1374 fas

340 1399 437 1440 erat,
470 1395 536 1445 qui
556 1407 614 1430 res
635 1401 851 1444 repeterent
870 1401 936 1430 aut
955 1395 1004 1429 li-

338 1455 394 1485 tes
423 1457 574 1487 exortas
604 1464 652 1487 ex
681 1453 763 1487 iure
791 1464 1004 1501 compone-

338 1512 436 1543 rent.
507 1506 619 1552 Quod
649 1509 680 1545 si
707 1520 787 1544 non
814 1509 1004 1556 successit,

339 1568 431 1599 tunc
466 1563 625 1600 demum
656 1578 676 1601 e
713 1571 889 1601 veterum
921 1566 1005 1601 iure

339 1632 445 1656 arma
487 1619 658 1658 hostibus
696 1622 835 1657 inferre
884 1623 1004 1658 licuit.

338 1675 369 1713 C
378 1689 406 1715 r.
439 1675 487 1713 ad
520 1676 559 1714 h.
589 1678 616 1715 l.
648 1676 743 1714 haec
786 1677 1002 1729 adscripsit:

338 1732 452 1780 ‚‚Vid.
474 1733 660 1786 Stephan.
681 1733 802 1771 Thes.
823 1748 861 1786 p.
893 1735 1000 1776 4971

339 1789 398 1825 ed.
415 1790 525 1841 Valp.
567 1793 655 1828 Alia
683 1792 910 1842 significatio
925 1793 1003 1828 im-

335 1847 531 1897 placabilis
559 1861 588 1885 s.
619 1849 793 1899 perpetui
816 1849 910 1885 'belli
947 1855 1003 1886 est

337 1904 455 1940 etiam
475 1905 628 1941 Plotino
650 1918 729 1942 non
750 1906 894 1955 ignota.
915 1905 1000 1943 Vid.

335 1961 439 1997 Eun.
470 1962 537 2009 111,
570 1965 608 2002 2.
644 1962 695 2002 15
731 1974 820 2013 pag.
849 1965 932 2003 266
954 1964 1000 1999 Β.

337 2017 441 2054 conf.
481 2019 561 2055 Ast.
598 2017 648 2055 ad
667 2019 819 2056 Platon.
840 2020 961 2070 Legg.
984 2020 1002 2055 Ι

334 2085 424 2124 pag.
448 2073 538 2114 14.“

393 2133 568 2184 μακρῇσι
603 2128 754 2180 νηυσὶ]
795 2128 1001 2168 Ναυεείῐι-

335 2186 561 2236 telliguntur
590 2199 668 2223 non
700 2193 782 2223 tam
808 2187 1000 2224 mercibus

334 2240 539 2290 vehendis,
562 2255 666 2292 quam
685 2243 809 2279 bellico
832 2245 920 2280 usui
936 2243 999 2279 de-

334 2301 502 2336 stinatae.
540 2300 597 2335 Cf.
610 2305 707 2336 nott.
729 2297 778 2335 ad
798 2300 827 2346 1,
849 2301 889 2338 2.
936 2298 1000 2335 Ad

334 2356 448 2392 verba
478 2352 608 2393 κατὰ
634 2352 706 2405 μὲν
737 2354 927 2406 ἔσυραν
947 2356 997 2392 cf.

333 2419 429 2449 nott.
452 2411 500 2448 ad
520 2413 568 2453 Π,
582 2413 634 2452 39
656 2410 703 2448 de
716 2414 827 2448 tmesi
848 2410 909 2448 hic
926 2412 999 2448 ob-

334 2469 409 2505 via.
438 2467 540 2505 Add.
571 2467 734 2506 Fischer.
764 2467 812 2505 ad
832 2468 996 2505 Weller.

332 2526 399 2572 111,
442 2536 532 2576 pag.
576 2526 671 2565 306.
729 2524 792 2561 Ad
831 2524 996 2561 formam

333 2579 532 2620 ἔσινεόντο
561 2580 661 2618 conf.
698 2581 762 2627 1V,
797 2583 889 2621 123.
929 2580 995 2618 Cr.

333 2638 479 2674 confert
510 2636 703 2675 Schaefer.
729 2638 874 2673 Melett.
896 2638 994 2674 critt.

330 2706 419 2744 pag.
466 2697 533 2734 69.
601 2695 770 2730 Pertinet
799 2692 874 2730 huc
895 2706 996 2745 quo—-

331 2762 407 2801 que
429 2751 634 2800 συμβαλλε
651 2745 672 2789 ο’
687 2765 826 2800 μενος,
849 2748 896 2786 de
919 2750 994 2802 quit

331 2806 454 2843 forma
475 2806 553 2844 dixi
574 2806 622 2844 ad
642 2807 670 2853 Ι7
694 2809 760 2849 68.

1243 994 1337 1045 Cap.
1357 994 1558 1031 LXXXII.

1101 1049 1131 1102 ἦ
1153 1048 1195 1090 δὲ
1208 1049 1332 1103 ἔχθρη
1344 1050 1374 1102 ‘¹2‘
1385 1048 1726 1104 προοφειλομένη]

1063 1109 1410 1159 ,,προοφει’λεσθαι
1475 1107 1614 1144 dicitur
1674 1107 1727 1154 id,

1063 1164 1168 1216 quod
1205 1177 1228 1201 a
1265 1165 1374 1202 nobis
1409 1165 1523 1202 alicui
1566 1163 1727 1201 debetur

1062 1220 1187 1273 (quod
1205 1234 1275 1258 nos
1291 1220 1474 1259 debemus
1486 1221 1604 1268 alteri,
1622 1218 1727 1272 quod

1061 1279 1156 1315 alter
1177 1277 1224 1315 de
1244 1279 1354 1315 nobis
1386 1277 1642 1328 commeruit)
1675 1277 1725 1314 ob

1061 1348 1129 1383 ea,
1161 1348 1261 1387 quae
1289 1336 1336 1372 ab
1363 1336 1428 1372 illo
1460 1336 1564 1386 prius
1594 1335 1635 1370 in
1655 1346 1725 1371 nos

1059 1392 1233 1443 profecta
1253 1399 1373 1429 erant.
1432 1392 1498 1429 Sic
1521 1386 1725 1443 εὐεργεσία

1059 1447 1382 1501 προυφειλομένη
1418 1448 1521 1500 apud
1542 1446 1725 1499 Thucyd.

1061 1507 1091 1553 I,
1115 1509 1169 1547 3⁵2
1189 1513 1243 1542 est
1262 1506 1505 1554 beneficium,
1526 1503 1631 1557 quod
1644 1505 1727 1557 quis

1064 1561 1178 1599 debet
1207 1563 1314 1599 alteri
1343 1575 1412 1613 pro
1442 1563 1585 1599 meritis
1615 1563 1654 1598 in
1685 1574 1725 1599 se

1062 1626 1174 1656 antea
1212 1620 1259 1656 ab
1287 1620 1354 1656 illo
1384 1618 1545 1657 collatis.
1603 1619 1727 1656 Simi-

1060 1676 1147 1712 liter
1166 1674 1204 1714 h.
1229 1677 1254 1716 l.
1285 1677 1401 1726 vulgo
1422 1675 1526 1713 haud
1552 1677 1605 1712 ita
1623 1675 1725 1712 male

1062 1732 1221 1784 quidem
1231 1733 1454 1783 intelligitur
1473 1736 1645 1770 vetustum
1656 1732 1723 1769 Ae-

1057 1791 1262 1839 ginetarum
1281 1791 1319 1827 in
1340 1789 1565 1826 Athenienses
1584 1789 1723 1834 odium,-

1058 1846 1234 1883 subtilius
1262 1859 1354 1883 vero
1382 1847 1414 1883 si
1451 1853 1620 1897 spectes,
1664 1851 1722 1882 est

1059 1902 1179 1940 odium
1199 1903 1465 1940 Atheniensibus
1500 1903 1655 1940 debitum
1675 1902 1722 1939 ab

1057 1960 1238 2009 Aeginetis
1264 1958 1426 2009 (odium
1452 1972 1529 2011 quo
1548 1960 1722 2009 Aegine-

1056 2022 1118 2052 tae
1146 2015 1252 2053 haud
1280 2017 1473 2053 immerito
1511 2028 1722 2067 proseque-

1056 2073 1196 2109 bantur
1215 2072 1486 2123 Athenienses)
1508 2074 1548 2110 ob
1566 2074 1722 2110 iniurias

1057 2129 1102 2166 ab
1126 2130 1200 2166 illis
1219 2130 1290 2167 sibi
1303 2131 1405 2180 prius
1425 2129 1564 2166 illatas.
1602 2128 1719 2166 Simi-

1055 2186 1135 2222 lem
1168 2185 1364 2238 quandam
1394 2186 1584 2222 rationem
1604 2183 1720 2222 habet

1055 2254 1146 2278 usus
1177 2243 1285 2279 verbi
1323 2242 1607 2293 προαιδεῖσθαι
1644 2240 1719 2290 [de

1057 2310 1134 2349 quo
1183 2297 1261 2335 vid.
1321 2297 1370 2335 ad
1426 2299 1494 2346 HJ,
1546 2297 1625 2339 140
1646 2299 1717 2348 ]-“

1057 2354 1402 2404 Schweighaeu
1417 2368 1502 2392 ser.
1521 2356 1561 2391 in
1581 2355 1715 2392 Lexic.

1054 2410 1239 2448 Herodot.
1297 2411 1409 2449 Unde
1428 2413 1516 2449 satis
1534 2412 1718 2462 intellig-i-

1054 2474 1116 2503 tur
1133 2466 1494 2520 προσοφειλομένη,
1528 2466 1632 2520 quod
1652 2466 1716 2504 hic

1054 2522 1131 2561 duo
1161 2524 1326 2562 afferunt
1355 2524 1466 2563 codd.
1508 2522 1578 2574 (ut
1607 2527 1716 2562 aucta

1052 2581 1132 2617 scil.
1162 2583 1352 2632 cogitetur
1375 2582 1596 2628 inimicitia,
1627 2581 1714 2618 coll.

1053 2638 1116 2684 VI,
1146 2638 1229 2688 59)
1268 2639 1385 2689 recipi
1414 2636 1716 2689 haudquaquam

1051 2706 1181 2743 posse,
1213 2707 1357 2746 quum,
1380 2701 1423 2731 ut
1442 2693 1535 2731 vidit
1557 2706 1712 2746 quoque

1051 2751 1299 2801 WVesseling„
1330 2751 1486 2802 pristina
1501 2751 1712 2798 inimicitia,

1051 2819 1151 2858 quae
1171 2808 1375 2858 Aeginetas
1397 2814 1434 2844 et
1461 2805 1712 2844 Athenienses
