1870 3249
376 181 1028 222 TERPSIOHORE.
1088 180 1133 216 V.

138 310 233 342 σται
260 292 572 350 Σπαρτιητέων
584 324 594 343 ,

110 364 300 419 ΞΚελέης
336 362 410 404 καὶ
444 359 698 413 Εὐρυλέων.
750 360 792 399 οἳ
822 358 912 399 ἐπεί
948 372 992 400 τε
1024 354 1234 400 ἀπίκοντο
1265 356 1396 399 παντὶ

138 430 274 487 στόλῳ
303 429 346 480 ἐς
365 427 445 485 τὴν
474 429 705 482 Σικελίην,
736 423 964 468 ἀπέθανον
993 424 1106 481 μάχῃ
1138 424 1400 475 ἑσσωθέντες

135 497 222 543 ὑπό
253 514 297 541 τε
319 497 541 540 Φοινίκων
570 495 643 538 καὶ
671 493 948 548 Ἐγεσταίων·
978 496 1143 548 μοῦνος
1173 490 1219 535 δέ
1240 507 1288 547 γε
1314 490 1549 538 EzJ-95fflpm,
1567 502 1712 536 brevique

137 564 306 621 ρυλέων
342 568 432 608 τῶν
475 563 766 619 συγκτιστέων
806 562 1075 616 περιεγένετο
1114 558 1278 604 τούτου
1316 564 1398 604 τοῦ
1457 535 1732 598 ῗῑῗὲῑῑιιῗεῗιῗέἷῗιῗῖ

1341 181 1394 219 ΊΙ

637 288 856 339 Θεσσαλὸς
893 288 966 332 καὶ
997 287 1282 344 Παραιβάτης
1318 288 1391 331 καὶ
1452 307 1510 339 que
1527 306 1564 338 qe
1581 298 1729 326 sociorum

1452 336 1634 393 :Q‘ffissxffi
1646 332 1731 392 {³3¹³

1459 405 1577 435 [im-stes
1600 401 1685 433 Eury

1458 437 1528 463 leon
1546 434 1679 460 Minoam
1697 440 1732 460 ac

1458 468 1648 495 Selinuntem
1667 475 1715 493 oc-

106 633 315 686 ὃπάθεος.
375 631 605 689 συλλαβών
649 631 696 674 δὲ
748 623 878 680 οὗτος
924 633 1000 685 τῆς
1056 631 1259 685 στρατιῆς
1298 628 1400 680 τούς

133 699 492 759 περιγενομένους
503 731 513 751 ,

581 698 674 754 ἔσχε
725 696 918 753 Μινώην
963 696 1043 753 τήν
1099 698 1401 740 Σελινουσίων

134 771 356 827 ἀποικίην·
385 768 459 812 καὶ
488 765 811 821 συνελευθέρου
839 766 1157 815 Σελινουσίους
1185 768 1268 809 τοῦ
1297 782 1401 822 μου·

107 839 307 894 4’νοὲρχου
338 835 635 890 Πειθαγόρεω.
686 833 794 889 μετὰ
825 834 891 879 δὲ,
937 831 995 884 ὦς
1024 837 1186 876 τοῦτον
1214 836 1395 882 κατεῖλε,

132 905 264 957 αὐτός
295 905 522 959 τυραννίδι
550 902 790 958 ἐπεχείρησε
821 905 1139 952 Σελινοῦντος,
1168 900 1241 944 καὶ
1272 899 1397 954 ἐμου-

131 973 318 1030 νάρχησε
345 971 508 1029 χρόνον
537 969 605 1014 ἐπ’
635 969 807 1026 ὀλίγον’
839 971 883 1012 οἱ
910 967 993 1024 γάρ
1022 986 1098 1024 μιν
1118 967 1432 1012 Σελινούσιοιρ

77 1161 104 1197 l.
126 1157 411 1206 Thessalu33
448 1164 492 1195 ut
518 1158 617 1195 bene
647 1169 738 1193 mo-

77 1217 163 1254 nuit
191 1216 484 1265 Wesselingius.
542 1215 617 1250 Pro
655 1215 737 1252 Πα·

11 1280 18 1285 '
81 1268 273 1325 ραιβοὶτης
305 1271 381 1309 duo
426 1272 511 1308 libri
542 1265 739 1322 Παραβά-

82 1341 174 1380 τηςτ
197 1342 315 1380 quam
334 1327 499 1365 eandem
517 1329 742 1364 varietatem

83 1386 132 1423 ad
155 1384 350 1423 Plutarch.
377 1387 435 1422 De
456 1386 498 1423 S.
517 1386 565 1421 N.
586 1385 633 1422 V.
652 1397 741 1435 pag.

83 1442 137 1484 55
176 1449 333 1480 annotat
361 1439 640 1493 VVyttenbach.
669 1440 743 1478 Do-

82 1501 150 1537 riei
172 1500 219 1536 ab
246 1501 444 1549 Egestanis
470 1500 511 1535 in
531 1499 661 1536 Sicilia
680 1499 744 1534 ili—

82 1556 228 1594 terfecti
270 1558 407 1593 Noster
444 1556 623 1592 meminit
660 1555 742 1602 VII,

86 1612 179 1654 158.
209 1611 292 1653 205
325 1613 451 1650 collat.
471 1612 631 1649 Diodor.
665 1612 743 1649 Sic.

81 1670 146 1717 IV,
175 1672 229 1710 23
262 1676 299 1706 et
330 1671 496 1706 Pausan.
525 1670 552 1706 l.
573 1670 599 1706 l.
621 1670 743 1705 Paulo

82 1732 168 1777 post
188 1724 276 1762 dedi
295 1721 540 1778 Ἐγεσταίων,
563 1725 668 1763 editt.
680 1739 745 1762 re-

82 1789 198 1820 centt.
221 1789 372 1820 secutus
403 1790 440 1820 et
461 1781 574 1820 codd.
603 1783 745 1833 proba-

83 1846 154 1876 tos.
211 1841 416 1877 Fluctuant
436 1841 542 1876 enim
568 1840 656 1876 libri
674 1852 746 1876 ve-

84 1895 173 1932 tusti
201 1896 243 1931 in
273 1894 386 1932 huius
413 1897 516 1933 vocis
548 1896 744 1945 scriptura⁷

87 1950 134 1988 de
165 1963 241 2002 qua
269 1952 469 1988 conferunt
488 1950 631 1988 Herod.
662 1952 745 1997 VII,

88 2007 182 2048 158.
211 2008 351 2045 Wasse
371 2006 622 2059 adThucyd.
642 2007 688 2054 V7
707 2009 746 2046 6.

87 2064 172 2112 [ubi
217 2078 323 2101 nunc
372 2077 526 2117 quoque
572 2062 747 2101 videatur

86 2121 221 2172 Poppo
250 2134 340 2171 pag.
376 2120 454 2161 149
496 2119 556 2156 ed.
589 2121 744 2157 Gervin.

85 2177 173 2214 coll.
201 2190 290 2228 pag.
327 2178 434 2225 138]
477 2177 660 2228 ijlburg.
697 2175 745 2212 ad

85 2234 244 2285 Dionys.
265 2235 388 2270 Halic.
409 2235 568 2286 Antiqq.
589 2235 743 2270 Romm.

85 2291 103 2326 I
123 2304 160 2341 p.
182 2291 252 2331 42.
280 2312 337 2318 —-
364 2291 510 2327 Vocem
539 2287 675 2337 πάθος
697 2289 746 2326 ad

87 2346 238 2384 cladem
268 2354 466 2397 acceptam
502 2354 746 2399 mortemque

88 2404 231 2451 referor,
269 2404 318 2441 cf.
347 2405 394 2451 V,
423 2406 476 2444 87
506 2411 542 2440 et
569 2405 747 2441 Perizon-

89 2459 138 2497 ad
175 2461 326 2497 Aelian.
355 2461 402 2498 V.
431 2462 481 2498 H.
504 2461 572 2509 ΙΙΙ,
602 2464 668 2508 52,
698 2474 748 2497 ne

89 2518 212 2568 plura.

146 2572 231 2624 ’ἔσχε
254 2569 432 2624 Μινώην
461 2570 535 2624 τὴν
557 2577 751 2614 Σελινου-

90 2629 216 2678 σίων]
263 2631 309 2666 In
344 2643 439 2667 voce
480 2631 751 2671 Σελινουσίων

89 2686 188 2734 libri,
202 2692 391 2738 quantum
402 2687 493 2735 scio,
516 2689 752 2739 conspirant.

90 2743 208 2794 Apud
236 2742 511 2794 Thucydidem
541 2757 585 2781 ac
604 2746 752 2782 Pausa-

91 2800 197 2837 niam
215 2801 387 2853 itemque
418 2801 459 2837 in
478 2802 606 2839 munis
634 2803 751 2839 altera

794 1162 916 1193 exstat
927 1151 1342 1201 ἙοΓΠιειΣελινούντιοι,
1356 1152 1461 1190 unde

795 1212 898 1263 apud
925 1214 1081 1250 Latinos
1103 1211 1311 1250 Selz‘nuntz‘z'.
1373 1210 1460 1248 Vid.

793 1271 1041 1320 Reinganum
1086 1270 1129 1306 in
1167 1269 1373 1320 scriptione
1414 1266 1462 1304 de

795 1328 890 1364 urbe
921 1327 1122 1364 Selinunte
1160 1339 1250 1377 pag.
1284 1328 1363 1369 73,
1396 1325 1462 1376 qui

796 1383 902 1421 idem
932 1397 1022 1435 pag.
1038 1385 1132 1424 ‘192
1161 1396 1242 1435 seq.
1264 1381 1311 1419 de
1332 1380 1461 1418 Minoa

800 1440 1078 1488 consulendus,
1117 1453 1216 1492 quae
1246 1438 1295 1476 ad
1323 1438 1462 1489 Halyci

801 1500 894 1535 ostia
907 1499 947 1534 in
962 1498 1115 1535 Siciliae
1136 1510 1201 1534 ora
1220 1495 1464 1532 meridionali

802 1568 824 1592 a
839 1555 1082 1592 Cretensibus
1101 1555 1225 1605 prisco
1249 1551 1463 1590 admodum

801 1625 908 1660 aevo,
928 1619 972 1649 ut
992 1612 1096 1648 fama
1116 1611 1274 1657 ferebat,
1298 1608 1464 1655 condita,

800 1677 892 1706 tunc
929 1668 1113 1719 temporis
1158 1666 1207 1704 ad.
1253 1666 1465 1704 Selinuntis

801 1725 988 1763 ditionem
1017 1725 1220 1775 pertinuit,
1253 1724 1355 1760 circa
1373 1735 1464 1759 ann.

802 1782 884 1823 508
920 1795 954 1818 a.
987 1781 1077 1818 Chr.
1096 1795 1158 1829 n.,
1191 1793 1287 1817 mox
1304 1792 1396 1817 vero
1418 1778 1465 1814 ab

800 1837 859 1875 his
897 1839 987 1889 ipsis
1034 1839 1200 1874 Doribus
1249 1834 1465 1873 secundum

802 1895 1010 1931 Herculem
1018 1900 1153 1931 vocata
1165 1899 1220 1929 est
1230 1889 1437 1942 Ἡράκλεια
1451 1906 1464 1929 .·

803 1963 880 2002 quo
912 1951 1072 1986 nomiiie
1087 1979 1098 1998 ‚
1138 1949 1201 1987 vel
1222 1948 1350 1986 addita
1370 1960 1466 1986 voce

806 2003 959 2047 Μινώα
989 2007 1051 2043 vel
1083 2006 1241 2052 omissa,
1293 2004 1384 2042 inde
1418 2004 1465 2040 ab

802 2062 877 2100 hoc
899 2063 1310 2114 temporeplerumque
1330 2062 1467 2098 urbem

803 2121 986 2170 appellari
1044 2120 1276 2157 invenimus.
1363 2116 1465 2155 Add.

801 2179 992 2213 Maunert.
1016 2177 1159 2226 Geogr.
1177 2177 1244 2213 Gr.
1261 2182 1298 2213 et
1309 2176 1465 2213 Romm.

800 2235 869 2282 IX,
886 2237 913 2274 2
932 2247 1022 2284 pag.
1044 2232 1125 2274 364
1145 2246 1226 2284 seq.

861 2286 983 2337 αὐτὸς
1012 2290 1223 2341 τυραννίδι
1259 2287 1464 2340 ἐπεχείρη-

804 2347 874 2396 σε]
903 2348 1065 2384 Restitui
1084 2360 1175 2384 cum
1195 2352 1356 2383 recentt.
1378 2344 1467 2382 edd.

803 2404 1013 2456 τυραννίδι
1030 2433 1040 2450 ,
1081 2404 1128 2440 ab
1157 2416 1237 2440 uno
1258 2401 1466 2441 Schaefero

807 2461 1000 2498 Sancrofti
1020 2460 1105 2496 libri
1126 2461 1348 2497 auctoritate
1378 2472 1469 2495 mu-

806 2524 930 2555 tatum
949 2518 989 2553 in
1009 2517 1208 2570 τυραννίδ
1223 2531 1259 2555 α.
1279 2517 1312 2553 V
1315 2517 1355 2552 ix
1366 2515 1469 2552 enim

808 2575 855 2611 ab
885 2573 1082 2611 Herodoto
1114 2580 1152 2610 et
1182 2574 1249 2625 qui
1281 2574 1360 2609 eius
1380 2577 1468 2608 sunt

808 2632 1006 2683 aequales,
1078 2630 1336 2668 accusativum
1378 2627 1466 2664 huic

808 2689 925 2726 verbo
947 2686 1091 2724 adstrui
1112 2685 1266 2724 credam
1281 2713 1291 2733 ,
1331 2698 1470 2736 quam-

808 2757 927 2797 quam
975 2742 1076 2781 hamc
1119 2749 1348 2780 structuram
1389 2754 1467 2778 non

806 2813 960 2853 prorsus
981 2801 1146 2837 alienam
1156 2812 1236 2836 esse
1244 2805 1368 2836 monst
1375 2804 1469 2838 rant,

1458 905 1536 945 394
