1806 3181
400 138 485 176 (396

805 134 1264 173 HERODOTI

401 243 602 300 Ἀμίλκαν
638 242 717 287 τὸν
742 242 989 296 Ἄννωνος,
1041 244 1354 299 Καρχηδονίων
1383 241 1511 288 ἐόντα
1541 244 1660 299 βασι-

371 312 497 356 saka·
539 312 648 355 κατά
678 311 837 367 ξεινίην
865 327 910 354 τε
942 310 1023 367 τήν
1051 310 1219 355 ἑωυτοῦ
1262 309 1285 356 ὁ
1322 311 1531 368 Τήριλλος
1561 309 1662 354 οἰνα-

401 379 587 437 γνεόσας,
614 378 688 422 καὶ
714 378 898 435 μάλιστα
929 378 1002 422 διὰ
1030 378 1111 434 τήν
1139 376 1360 431 Ἀναξίλεω
1388 383 1467 423 τοῦ
1507 379 1665 435 Κρητί·

401 463 485 491 -νεω
514 448 780 503 προθυμίην,
811 445 859 498 ὂς
883 445 1057 502 Ῥηγίου
1087 445 1172 490 ἐών
1200 445 1437 501 τύραννος,
1466 446 1519 490 τὰ
1547 446 1665 490 ἑωυ-

400 518 483 558 τοῦ
509 515 639 558 τέκνα
669 515 775 566 δούς
806 514 998 571 ὁμήρους
1024 512 1212 571 Ἀμίλκᾳ,
1245 515 1372 571 ἐπῆγέ
1394 531 1468 570 μιν
1497 513 1564 556 ἐπὶ
1584 512 1664 569 τὴν

371 584 621 639 3Σικελίην,
651 582 876 640 τιμωρέων
904 586 966 640 τῷ
985 585 1205 640 πενθερῷ’
1241 583 1453 639 Τηρίλλου
1483 580 1567 637 γάρ
1584 579 1719 637 six-240

401 650 625 707 θυγατέρα
651 649 912 703 Ἀναξίλεως,
939 654 994 706 τῇ
1025 650 1195 705 οὔνομα
1221 645 1276 706 ἦν
1305 651 1520 705 Κυδίππη.
1552 647 1666 693 οὕτω

401 718 455 773 δὴ
476 718 558 762 οὐκ
592 716 690 762 οἷόν
717 734 762 762 τε
789 717 1026 775 γενόμενον
1047 718 1252 773 βοηθέειν
1272 717 1349 760 τὸν
1361 716 1537 760 Γέλωνα
1554 720 1669 759 τοῖσι

347 1053 567 1105 χηδονίων,
597 1055 621 1092 i.
655 1067 687 1090 e.
725 1065 849 1089 unum
870 1067 891 1089 e
911 1052 1014 1104 sufe-

346 1112 461 1160 tibus„
486 1123 583 1162 quos
616 1111 782 1147 Romani
812 1111 1011 1161 scriptores

346 1180 457 1215 reges,
490 1167 626 1204 Graeci
661 1164 844 1217 βασιλέας
872 1167 1013 1217 passim

347 1225 530 1263 vocitant.
597 1223 684 1263 vid.
726 1223 877 1259 Cornel.
914 1224 1010 1273 Nep.

348 1281 517 1317 Hannib.
549 1283 575 1320 7
612 1281 647 1325 ᾧ.
680 1278 706 1320 4
752 1280 882 1331 ibique
919 1281 1008 1318 Bos.

349 1335 557 1375 Botticher.
579 1338 719 1375 Histor.
745 1335 950 1386 Carthagg.
971 1349 1009 1386 p.

350 1392 419 1433 45.
436 1394 504 1433 46.
536 1393 613 1440 Sic,
635 1394 691 1429 uti
702 1391 776 1429 hoc
787 1399 882 1440 utar,
904 1392 1012 1429 Han-

350 1448 499 1487 nibalem
540 1448 681 1486 ducem
719 1447 1014 1500 Carthaginien-

351 1519 409 1543 ses
447 1507 708 1553 constituisse,
749 1505 861 1542 Diod.
906 1505 1012 1552 XIII,

352 1560 406 1602 43
433 1561 545 1599 tradit
555 1559 625 1602 τὼν
644 1558 731 1601 τότε
749 1557 1015 1613 βασιλεύσαν-

353 1633 402 1657 τα
425 1616 524 1657 κατὰ
546 1615 640 1665 τούς
663 1613 826 1669 νόμους.
857 1620 915 1654 De
935 1630 1014 1669 quo

354 1675 567 1712 accuratius
627 1674 832 1726 disputasse
901 1674 1014 1711 video

354 1732 482 1782 Kluge
511 1729 589 1781 (ad
618 1732 809 1768 Aristotel.
832 1730 879 1768 de
898 1732 1013 1768 Polit.

356 1788 563 1839 Carthagg.
595 1801 685 1839 pag.
718 1791 771 1829 89
800 1801 919 1840 seqq.‚
950 1788 1017 1824 ubi

357 1845 457 1881 bene
478 1846 577 1882 inter
598 1846 670 1881 alia
690 1852 823 1881 monet
851 1857 939 1895 pag.
963 1845 1014 1883 91

360 1900 547 1952 Sufetibus
579 1903 608 1938 si
639 1902 865 1938 exercitibus
905 1913 1020 1952 prae-

358 1958 513 2006 fuerint,
534 1957 607 1995 hoc
629 1972 772 1995 nomen
803 1959 898 2007 regis
917 1955 1021 1993 indi-

359 2020 445 2051 tum
484 2015 610 2062 fuisse,
652 2016 739 2052 solis
779 2015 1021 2051 exercituum

361 2069 522 2107 ducibus
569 2070 836 2122 denegatum.)
910 2069 1021 2116 Quod

360 2139 453 2163 vero
481 2127 545 2163 ille
580 2140 649 2164 rex
689 2129 912 2164 constitutus
943 2139 1022 2164 esse

363 2181 501 2220 dicitur
529 2183 609 2220 κατ’
644 2174 923 2234 ἀνδραγαθίην
942 2184 965 2219 i.
989 2195 1022 2219 e.

364 2240 406 2277 ob
430 2241 608 2286 virtutem,
630 2240 809 2276 convenit
831 2238 902 2275 hoc
924 2251 1023 2290 quo-

367 2294 576 2333 dammodo
597 2308 687 2332 cum
700 2296 909 2331 Aristotelis
919 2296 1023 2331 testi-

367 2353 524 2399 monio,
546 2353 612 2404 qui
642 2350 970 2402 Carthaginienses
983 2352 1024 2386 in

367 2407 541 2446 creandis
570 2409 721 2458 regibus
741 2409 941 2445 meliorem
962 2420 1025 2443 ra—

370 2466 516 2502 tionem
545 2466 652 2517 sequi
676 2464 801 2512 tradit,
831 2477 919 2501 cum
958 2462 1026 2499 hos

371 2535 498 2574 neque
530 2534 579 2558 ex
608 2520 745 2559 eodem
782 2533 922 2572 genere
957 2520 1027 2556 eli-

374 2586 466 2629 gant
487 2591 614 2630 neque
636 2580 750 2616 etiam
778 2591 826 2615 ex
847 2577 1028 2629 quolibet,

375 2634 443 2672 sed
473 2647 521 2671 ex
552 2636 692 2685 insigni
714 2634 881 2687 quadam
902 2640 1027 2684 gente.

376 2689 461 2727 Vid.
483 2692 607 2741 Kluge
630 2693 656 2729 l.
685 2692 710 2728 l.
731 2706 768 2743 p.
790 2691 857 2732 59.
880 2693 946 2731 68·
975 2711 1031 2717 —

377 2749 432 2783 Do
453 2749 680 2785 Hamilcaris
696 2756 811 2800 atque
833 2747 1030 2784 Hanniba-

243 798 343 844 166
389 785 578 844 ‘'El-inm,
610 786 879 842 ἀποπέμπειν
903 785 1162 840 ἐςΔελφοῦς
1190 783 1242 828 τὰ
1271 783 1481 841 χρήματα.
1542 783 1668 838 Πρός

70 864 345 934 ffi‘ssiffie‘iiffeff‘
405 855 452 898 δὲ
480 855 554 899 καὶ
590 854 695 899 τάδε
722 855 916 911 λέγουσι,
957 851 1018 906 ὥς
1047 854 1208 911 συνέβη
1242 855 1317 909 τῆς
1346 850 1477 908 αὐτῆς
1505 850 1668 908 ἡμέρης

1068 1053 1113 1090 lis
1161 1057 1276 1102 gente
1319 1049 1551 1087 nobilissima
1564 1078 1574 1097 ‚
1625 1062 1724 1101 quae

1068 1110 1194 1160 plures
1209 1107 1295 1144 tulit
1315 1105 1429 1143 duces
1442 1107 1628 1157 egregios,
1642 1105 1724 1143 vid.

1068 1167 1230 1202 Heeren.
1250 1162 1368 1200 Ideen
1393 1170 1463 1200 etc.
1493 1164 1542 1210 11,
1563 1165 1582 1203 1
1605 1176 1643 1212 p.
1657 1165 1724 1203 68.

1124 1217 1223 1260 κατοέ
1253 1220 1403 1268 ξεινίην
1421 1233 1461 1258 τε
1478 1216 1553 1269 τήν
1573 1217 1726 1258 ἑωυτοῦ

1070 1277 1094 1318 ό
1122 1274 1315 1328 Τήριλλος
1350 1271 1611 1328 ἀναγνώσας]
1641 1276 1667 1312 i.
1688 1288 1720 1315 e.

1068 1337 1128 1373 cui
1146 1333 1390 1383 (Hamilcari)
1404 1334 1444 1369 ob
1462 1333 1651 1383 hospitium
1664 1332 1728 1369 ubi

1065 1392 1246 1442 persuasit
1274 1389 1452 1436 Terillus,
1482 1396 1526 1425 ut
1543 1389 1624 1430 scil,
1645 1389 1726 1425 Ge-

1069 1449 1150 1485 loni
1181 1447 1412 1497 Graecisque
1440 1446 1586 1482 bellum
1604 1446 1726 1482 infer-

1071 1512 1129 1542 ret
1150 1517 1274 1556 eoque
1303 1503 1417 1539 simul
1437 1503 1629 1539 Teril'lum
1662 1515 1726 1538 re-

1071 1563 1253 1599 stitueret.
1302 1558 1413 1604 Quod
1433 1560 1630 1610 sequitur:
1660 1554 1727 1597 διοῖ

1070 1615 1147 1668 τήν
1168 1614 1377 1662 Ἀναξίλεω
1399 1615 1634 1666 προθυμίην
1657 1627 1730 1652 va-

1070 1675 1143 1711 let:
1185 1685 1248 1724 per
1282 1671 1437 1708 studium
1464 1685 1494 1708 s.
1519 1684 1624 1722 opera
1654 1670 1728 1707 sol-

1072 1731 1154 1768 lertz·
1180 1728 1376 1776 Δηααείίαε,
1415 1735 1458 1764 ut
1486 1728 1549 1776 VI,
1572 1729 1625 1767 38
1645 1728 1729 1764 init.

1072 1789 1130 1824 De
1151 1785 1311 1824 Anaxila
1333 1784 1434 1822 conf.
1454 1784 1518 1831 VI,
1539 1786 1608 1825 23.
1657 1784 1731 1829 Qui

1073 1843 1317 1882 socerTerilli
1329 1854 1419 1878 cum
1432 1841 1630 1888 esset,satis
1642 1854 1732 1892 per-

1075 1901 1242 1952 spicitur,
1265 1899 1415 1936 Siciliae
1441 1904 1622 1949 tyrannos
1651 1910 1731 1934 non

1077 1959 1186 1994 aliter
1224 1963 1337 2006 atque
1359 1956 1523 1991 Graecos
1550 1961 1732 2005 tyrannos

1077 2013 1330 2051 matrimoniis
1359 2019 1472 2063 atque
1493 2011 1731 2061 cognationi—

1077 2072 1146 2108 bus
1159 2084 1196 2107 se
1208 2070 1374 2106 invicem
1382 2069 1480 2105 tueri
1488 2069 1732 2118 ipsorumque

1080 2127 1321 2165 dominatum
1331 2125 1484 2161 firmare
1493 2125 1668 2161 voluisse.

1269 2215 1361 2265 cap.
1384 2214 1552 2250 CLXVI.

1138 2292 1193 2340 ὥς
1217 2291 1363 2344 συνέβη
1388 2307 1464 2331 mv.
1479 2292 1532 2340 λ.]
1556 2292 1735 2342 Pugnam

1082 2351 1291 2387 accuratius
1328 2348 1521 2400 descripsit
1546 2348 1734 2386 Diodorus

1081 2408 1150 2454 XI,
1185 2409 1233 2445 21
1259 2419 1378 2457 seqq„
1409 2405 1630 2443 dissentiens
1651 2418 1734 2455 cap.

1083 2462 1136 2503 24
1169 2464 1214 2499 ab
1246 2462 1441 2500 Herodoto
1470 2463 1510 2498 iu
1533 2474 1599 2509 eo,
1632 2460 1735 2514 quod

1086 2532 1163 2556 non
1201 2520 1395 2556 Salamine
1433 2532 1455 2556 a
1488 2519 1640 2555 Graecis
1668 2530 1735 2554 eo-

1087 2575 1175 2611 dem
1196 2576 1256 2612 die
1267 2583 1482 2627 pugnatum
1493 2588 1571 2613 esse
1580 2575 1660 2612 vult
1671 2573 1736 2611 sed

1086 2631 1372 2685 Thermopylis.
1401 2633 1466 2670 Tu
1497 2632 1598 2669 conf.
1618 2631 1735 2668 Wes-

1087 2690 1220 2740 seling.
1259 2696 1340 2726 not.
1419 2687 1515 2725 Mihi
1550 2694 1735 2738 praestare

1088 2745 1237 2783 videtur
1250 2743 1434 2784 Herodoti
1449 2744 1660 2784 auctoritas.
1681 2764 1736 2770 ——

1761 493 1806 555 ‘Q
