1815 3181
48 1105 114 1129 tum
133 1100 292 1136 Sicyonio-

47 1142 115 1163 rum
124 1134 263 1174 tribubus
271 1141 325 1160 no-

49 1177 89 1196 va
110 1176 232 1196 nomina.
254 1176 309 1195 1111-

49 1205 207 1238 posuerat.

256 1036 322 1081 68
379 1031 604 1086 πεποίητο.

376 173 459 213 120
767 173 1235 210 HERODOTI

377 279 572 333 ἀπέδεξε,
613 281 771 330 θυσίας
806 295 850 324 τε
887 281 959 324 καὶ
1000 279 1130 336 ὁρτάς
1157 281 1390 340 Ἀδρήστου
1428 282 1632 336 ἅπελόμε-
1648 290 1693 324 60

377 365 464 402 νος,
496 348 627 391 ἔδωκε
658 351 717 404 τῷ
738 350 1025 405 Μελανίππῳ.

1090 350 1143 392 Οἱ
1172 350 1216 393 δὲ
1243 350 1483 394 Σικυώνιοι
1511 350 1639 395 ἐώθε-

349 425 463 459 ὃσαυ
500 415 739 471 μεγαλωστὶ
767 414 907 470 κάρτα
943 419 1073 472 τιμᾶν
1101 417 1177 460 τὸν
1197 416 1449 474 Ἄδρηστον.
1499 418 1525 474 ἡ
1555 419 1640 476 γὰρ

375 483 495 540 χώρη
525 478 579 539 ἦν
609 482 718 539 αὕτη
751 482 988 540 Πολύβου·
1017 483 1043 538 ὁ
1077 485 1123 528 δὲ
1141 483 1379 541 ’Ἄδρηστος
1406 482 1460 542 ἦν
1491 487 1640 531 Πολύ-

377 556 462 608 βου
492 550 803 606 θυγατριδέος·
835 549 966 604 ἄπαις
995 552 1041 596 δὲ
1062 552 1263 608 Πόλυβος
1293 559 1506 598 τελευτῶν
1528 558 1648 600 διδοῖ

350 617 600 679 9Ἀδρήστῳ
630 618 710 676 τήν
739 618 890 676 α’ρχήν.
949 619 1002 663 τά
1030 636 1074 663 τε
1105 621 1157 676 δὴ
1188 621 1296 666 ἄλλα
1326 625 1369 666 οἱ
1397 623 1642 668 Σικυώνιοι
1656 631 1699 666 65

379 687 535 742 ἐτίμων
564 686 643 731 τόν
661 686 928 744 Ἄδρηστον,
971 688 1044 731 καὶ
1074 688 1125 745 δὴ
1154 689 1266 743 πρὸς
1304 691 1356 734 τοὶ
1391 691 1535 735 πάθεα
1565 690 1644 737 αύ-

378 759 460 799 τοῦ
491 759 735 811 τραγικοῖσι
763 761 936 811 χοροῖσι
963 755 1217 812 ἐγέραιρον·
1258 757 1337 802 τὸν
1373 759 1452 814 μὲν
1481 759 1644 804 Διόνυ-

325 833 458 867 1οσον
488 822 543 867 ου’
590 822 840 879 τιμέωντες,
877 823 956 868 τὸν
994 825 1040 868 δὲ
1065 824 1324 881 Ἄδρηστον.
1379 830 1646 886 Κλεισθένης

380 892 427 936 δὲ
455 889 617 948 χοροὺς
645 890 726 945 μὲν
754 895 816 948 τῷ
846 891 1052 952 Διονύσῳ
1083 890 1299 945 ἀπέδωκε,
1327 894 1407 950 τὴν
1436 896 1481 940 δὲ
1511 895 1647 954 ἄλλην

378 962 539 1017 θυσίην
570 962 632 1018 τῷ
662 961 946 1017 Μελανίππῳ.
994 965 1132 1004 ταῦτα
1159 962 1239 1017 μὲν
1269 962 1310 1014 ἐς
1328 961 1573 1020 ’Ἄδρηστόν
1602 966 1700 1008 οἱ7ο

325 1307 413 1332 sum
432 1295 568 1331 Noster
588 1295 770 1344 cogitasse
800 1294 987 1332 videatur.

325 1352 503 1402 Namque
517 1363 596 1388 vox
614 1349 776 1401 τέμενος
789 1352 987 1404 quamlate

326 1414 453 1458 pateat
472 1420 588 1444 nemo
606 1408 686 1444 fere
713 1409 846 1446 nescit.

384 1462 451 1503 καὶ
476 1461 595 1516 ὁρτὰς
627 1459 848 1515 Ἀδρήστου
885 1459 987 1504 α’πε-

327 1515 527 1570 λόμενος]
568 1522 626 1557 De
663 1527 850 1558 structura
885 1521 988 1559 conf.

326 1575 461 1614 Matth.
485 1578 551 1614 Gr.
579 1578 645 1614 Gr.
662 1590 750 1628 pag.
771 1580 867 1619 766.
896 1579 991 1615 Mox

328 1634 466 1671 retinui
483 1629 677 1682 ἐώθεσαν,
695 1634 800 1686 quod
818 1635 990 1688 plerique

328 1690 471 1727 habent
498 1691 586 1727 libri
614 1691 762 1741 scripti3
798 1692 991 1729 Sancrofti

329 1748 427 1784 liber
459 1745 576 1784 habet
613 1746 761 1786 ἔθεσαν
777 1778 786 1795 ,
848 1747 990 1785 Aldina

331 1799 500 1842 ἐώθασι.
538 1803 657 1854 Apud
677 1803 832 1841 Pindar.
859 1803 991 1842 Schol.

332 1859 381 1896 ad
400 1861 512 1896 Nem.
541 1861 610 1907 IX,
632 1863 698 1908 27,
718 1861 785 1897 ubi
804 1859 866 1898 hic
886 1862 992 1899 locus

333 1918 486 1964 citatur,
525 1917 666 1967 legitur
695 1914 932 1967 εἰώθεισαν,
952 1919 993 1954 in

335 1972 395 2019 ed,
414 1972 590 2010 Boeckh.

391 2048 583 2104 Πολύβου
601 2051 880 2104 θυγατριδέος]
908 2055 935 2090 i.
960 2068 994 2092 e.

333 2121 351 2145 e
370 2106 496 2158 Polybi
527 2108 617 2158 filia
652 2113 779 2157 natus,
830 2109 866 2147 T
864 2111 996 2147 ochter-

333 2164 438 2212 solm,
469 2177 499 2201 s.
519 2163 651 2212 Eat-el,
680 2179 772 2212 11011,
802 2173 845 2202 ut
862 2168 995 2216 Lange

333 2221 474 2258 vertit:
530 2219 808 2259 Schwestersolm
895 2223 996 2259 Nam

335 2277 479 2314 Talaus
524 2274 687 2315 duxerat
723 2277 994 2329 Lysimachen,

336 2345 434 2385 quae
466 2333 604 2384 Polybi
633 2334 711 2370 filia
741 2341 842 2381 erat,
884 2334 996 2386 equ&

335 2390 498 2440 suscepit
517 2387 744 2439 Adrastum,
773 2390 805 2427 si
838 2391 997 2429 Pindari

337 2444 481 2483 scholia
497 2459 714 2498 sequamur,
727 2460 748 2484 a
770 2447 905 2499 quibus
918 2447 997 2485 dis—

337 2501 437 2540 cedit
481 2501 705 2553 Apollodor.
740 2505 771 2552 1,
811 2505 837 2544 9
866 2505 903 2550 ὃ.
933 2506 996 2551 13,

337 2556 591 2610 Lysimachen
615 2588 625 2607 ‚
673 2560 785 2597 Talai
822 2572 998 2608 uxorem,

339 2616 496 2652 Abantis
524 2628 603 2653 esse
633 2615 752 2653 filiam
780 2621 893 2667 atque
913 2617 999 2652 Me-

339 2673 456 2723 lampi
490 2679 670 2723 nepotem
690 2679 842 2710 testans.
899 2674 998 2710 Hinc

340 2725 463 2775 ἰίπαις
482 2726 521 2764 11.
543 2729 569 2766 1.
587 2730 751 2766 nonnisi
768 2729 798 2765 is
812 2741 890 2766 esse
911 2736 998 2780 pot—

341 2790 395 2820 est
417 2812 427 2826 ,
474 2785 538 2836 qui
575 2785 735 2823 mascula
768 2785 865 2836 prole
903 2789 998 2824 caret

668 1028 816 1080 Φυλὰς
855 1028 901 1072 δὲ
940 1027 1017 1081 τὰς
1054 1028 1284 1085 Δωριέων,
1325 1032 1397 1074 ἵνα
1427 1030 1480 1088 δή
1511 1031 1569 1088 μὴ
1600 1033 1647 1076 αἱ

384 1096 514 1142 αὐταὶ
553 1096 656 1141 ἔωσι
692 1100 805 1140 τοῖσι
834 1098 1122 1142 Σικυωνίοισι
1160 1098 1234 1141 καὶ
1266 1103 1379 1143 τοῖσι
1403 1097 1643 1156 Ἀργείοισι,
1700 1094 1783 1138 406

1044 1294 1221 1346 (ἔρσενος
1231 1291 1362 1348 γόνου,
1373 1304 1415 1333 ut
1427 1297 1507 1333 aliis
1521 1296 1613 1334 locis
1623 1298 1704 1333 He—

1044 1351 1200 1389 rodotus
1233 1353 1402 1404 loquitur
1440 1355 1470 1401 I,
1501 1355 1592 1393 109.
1622 1354 1703 1401 VII,

1044 1407 1126 1449 205
1148 1409 1234 1446 coll.
1260 1411 1325 1458 111,
1349 1410 1421 1459 66)
1451 1410 1513 1448 vel
1541 1417 1640 1447 certe
1659 1411 1703 1458 is,

1047 1466 1113 1516 qui
1132 1466 1258 1502 liberis
1280 1467 1431 1504 orbatus
1453 1473 1530 1515 est,
1563 1468 1704 1519 quippe

1045 1522 1126 1572 ipso
1143 1521 1268 1559 adhuc
1288 1524 1375 1560 vivo
1396 1523 1595 1560 defunctis.
1651 1524 1706 1560 11-

1045 1578 1113 1615 lud
1150 1586 1278 1616 tuetur
1313 1579 1469 1617 Pindari
1506 1579 1706 1618 scholiasta

1047 1634 1252 1672 Adrastum
1289 1649 1467 1673 enarrans
1504 1643 1708 1688 postquam

1047 1692 1256 1743 Sicyonem
1286 1693 1527 1744 confugisset,
1567 1694 1706 1744 Polybi

1047 1749 1166 1785 filiam
1186 1751 1227 1785 in
1248 1751 1536 1786 matrimonium
1555 1749 1707 1786 duxisse

1048 1806 1274 1858 Polyboque
1286 1805 1406 1858 χωρὶς
1426 1805 1617 1858 ἐπιγονῆς
1635 1802 1707 1857 ἆρ-

1051 1864 1209 1912 σενικῆς
1235 1863 1421 1900 exstincto
1451 1875 1614 1913 regnum
1641 1875 1707 1899 ac-

1050 1920 1206 1970 cepisse.
1265 1919 1369 1964 Quae
1399 1918 1448 1956 ad
1486 1918 1709 1956 illustranda

1051 1974 1266 2012 Herodotea
1295 1974 1470 2012 nonnihil
1485 1976 1640 2014 faciunt.
1655 1999 1706 2004 —

1050 2033 1126 2069 Pro
1147 2027 1273 2084 ἀρχὴν
1302 2034 1340 2068 in
1361 2031 1513 2070 scholiis
1533 2031 1712 2070 Pindari-

1050 2089 1102 2125 cis
1123 2095 1245 2125 exstat
1264 2084 1407 2140 χώρην.

1106 2165 1173 2205 καὶ
1191 2164 1241 2217 δή
1254 2163 1353 2218 πρός
1364 2163 1411 2205 τοὶ
1429 2162 1569 2205 πάθεα
1584 2160 1713 2206 mito&

1051 2227 1271 2274 τραγικοῖσι
1293 2227 1444 2273 χοροῖσι
1467 2238 1502 2261 κ.
1517 2239 1547 2261 τ.
1561 2224 1612 2271 λ.]
1653 2224 1712 2259 De

1053 2292 1129 2330 quo
1161 2280 1245 2316 loco
1266 2279 1342 2316 vid.
1370 2279 1438 2316 Cr.
1458 2281 1556 2321 Exc.
1606 2280 1713 2325 Quae

1057 2337 1098 2372 in
1117 2335 1194 2372 fine
1216 2336 1346 2386 capitis
1362 2336 1562 2386 leguntur:
1593 2338 1718 2375 ταῦτα

1054 2389 1125 2442 μὲν
1143 2387 1416 2443 ἑς”Αδρηστόν
1441 2392 1483 2432 οῖ
1506 2393 1714 2443 πεποίητο,

1053 2450 1092 2485 in
1113 2449 1158 2486 iis
1178 2449 1317 2485 retinui
1335 2449 1548 2499 πεποίητο,
1575 2461 1716 2500 quam-

1054 2505 1108 2542 vis
1128 2505 1168 2541 in
1190 2506 1362 2542 Parisino
1391 2518 1469 2542 uno
1490 2518 1534 2542 ac
1554 2506 1715 2542 Floren—

1055 2562 1134 2598 tino
1156 2560 1383 2612 ἐπεποίητο,
1406 2569 1444 2598 et
1461 2563 1502 2598 in
1523 2562 1603 2599 aliis
1624 2560 1714 2600 ἐπε-

1055 2617 1210 2656 ποίατο.
1270 2618 1335 2654 Tu
1359 2618 1460 2655 conf.
1480 2624 1576 2655 nott.
1601 2616 1649 2654 ad
1666 2618 1713 2664 V,

1056 2674 1123 2713 34.
1155 2673 1221 2714 51.
1265 2672 1305 2720 ἐς
1329 2671 1551 2725 ’Ἄδρηστον
1589 2674 1711 2711 valet:

1056 2729 1149 2779 quod
1184 2732 1311 2767 attinet
1333 2731 1383 2767 ad
1407 2729 1623 2777 Adrastumt,
1662 2729 1712 2768 cf.

1056 2784 1190 2823 Matth.
1213 2788 1279 2825 Gr.
1311 2787 1378 2823 Gr.
1398 2799 1487 2838 pag·
1507 2785 1629 2827 1144-
