1834 3258
19 480 51 524 8

428 232 904 271 POLYMNIA.
962 234 1070 272 Vll.

1299 237 1385 276 437

115 356 228 384 πτου
265 339 409 396 χρόνῳ
444 339 666 394 μετέπειτα
703 340 914 397 ἐφόνευσε
943 341 1120 397 Ἰνάρως
1151 342 1175 387 ὁ
1215 345 1383 398 Ψαμμι-

118 409 260 464 τίχου,
288 406 399 462 ἁνὴρ
428 410 581 464 Λίβυς.

199 475 359 531 Ξέρξης
389 476 434 519 δὲ
463 476 568 531 μετοὶ
602 475 827 531 Αἰγύπτου
859 474 1039 527 ἅλωσιν,
1083 475 1142 528 ὥς
1171 477 1357 532 ἔμελλε’
1340 494 1384 529 ες

113 547 259 598 χεῖρας
295 541 474 595 ἄξεσθαι
510 544 559 588 τὸ
597 542 844 598 στράτευμα
881 543 931 587 τό
975 544 1043 587 ἐπὶ
1081 544 1155 595 τὰς
1184 543 1381 601 Ἀθήνας,

114 610 330 665 σύλλογον
360 611 589 668 ἐπίκλητον
605 612 814 666 Περσέων
844 615 932 654 τῶν
961 608 1150 665 ἀρίστων
1178 611 1381 667 ἐποιέετο,

109 793 275 849 Ἰνάρως
288 796 312 836 ὅ
331 798 598 848 Ψαμμητίχου]
615 799 716 835 Olim

62 856 338 905 Ψαμμητίχου.
398 854 477 891 Sed
508 854 582 891 vid.
616 862 713 892 nott.

54 909 101 946 ad
121 913 168 957 ΙΙ,
193 914 230 951 1.
270 912 328 947 De
348 910 457 948 Inaro
478 910 557 948 dixi
579 911 626 948 ad
647 913 712 959 111,

53 970 119 1007 12.
148 968 393 1005 Achaemenem
405 968 544 1005 Ctesias
564 969 603 1004 in
617 969 713 1005 Per-

50 1023 139 1061 sice.
158 1025 194 1070 §.
227 1028 280 1065 32
301 1026 465 1075 appellat
491 1020 712 1076 Ἀχαιμενί-

50 1079 146 1130 δην,
176 1082 397 1118 Artaxerxis
426 1082 602 1128 fratrem,
634 1083 711 1118 mi-

47 1150 118 1174 nus
140 1140 272 1189 utique
293 1138 403 1174 bene.
435 1138 545 1175 Conf.
564 1138 709 1178 Herod.

47 1194 112 1242 111,
147 1197 211 1236 13.
227 1194 384 1236 Diodor,
408 1195 485 1232 Sic.
508 1197 576 1244 XI,
605 1195 669 1236 74.

266 1285 359 1337 Cap.
388 1286 488 1325 VIII.

102 1363 141 1412 ἐς
160 1367 292 1415 χεῖρας
326 1362 496 1412 ἄξεσθαι
528 1361 570 1404 τὸ
590 1361 710 1416 στρά-

45 1422 194 1471 τευμα]
237 1424 354 1458 Recte
393 1421 706 1472 Schweighaeus.

45 1479 85 1514 in
113 1479 244 1516 Lexic.
277 1478 444 1518 Herod:
495 1492 571 1516 cum
605 1481 641 1516 in
670 1492 707 1517 eo

44 1539 152 1583 esset,
182 1539 223 1572 ut
240 1538 428 1573 exercitum
451 1538 487 1573 in
508 1549 630 1572 manus
642 1550 704 1573 ac-

43 1593 220 1643 m‘peret‚i.
243 1606 276 1628 e.
308 1598 350 1629 ut
375 1593 542 1629 ducatum
567 1595 704 1630 exerci-

42 1653 100 1686 tus
117 1651 187 1686 iam
207 1651 278 1699 ipse
297 1652 498 1700 susciperet.
530 1650 586 1687 Cf.
606 1657 702 1688 nott.

40 1705 90 1744 ad
108 1707 138 1754 1,
163 1708 255 1746 126.

97 1760 289 1813 σύλλογον
300 1760 702 1813 ἒπέκλητονΠερσὲων

40 1820 120 1858 τῶν
153 1815 324 1869 α’ρίστων
358 1818 557 1868 ἐποιέετο]
602 1820 701 1857 Citat

40 1873 135 1912 haec
167 1874 386 1912 Eustatllius
415 1875 463 1912 ad
483 1875 589 1912 Iliad.
611 1889 699 1926 pag.

43 1934 133 1979 172,
158 1935 204 1971 11
236 1933 314 1968 sive
339 1935 430 1978 130,
453 1935 519 1972 33.
561 1933 701 1969 Obser-

39 1995 103 2025 vat
124 1995 253 2025 autem
276 1987 322 2024 ad
345 1987 382 2024 h.
403 1989 429 2025 l.
460 1987 701 2025 Valckenae—

37 2045 115 2082 rius
155 2046 379 2081 concionem
422 2046 553 2096 populi
593 2053 699 2082 extra

41 2101 217 2139 ordinem
238 2100 396 2138 Athenis
418 2110 588 2139 coactam
603 2098 699 2154 σύγ-

36 2161 183 2209 κλητον
225 2158 435 2209 ἐκκλησίαν
478 2158 551 2195 dici
596 2158 698 2209 apud

33 2214 333 2252 Demosthenem
376 2222 412 2252 et
453 2214 697 2265 Aeschinem,

35 2273 260 2308 concionem
288 2273 471 2322 A1givam
498 2269 697 2340 σύλλογον

33 2323 187 2374 πόλεως
216 2336 252 2365 et
287 2328 474 2378 ἔκκλητον
513 2325 696 2381 Ἀργείων

33 2381 151 2434 ὄχλον
170 2386 216 2422 ab
237 2387 268 2421 E
274 2386 419 2436 uripide
430 2386 533 2423 dici
524 2400 561 2422 ιι]
575 2388 692 2426 Orest.

33 2443 114 2482 728
137 2447 173 2477 et
193 2443 285 2487 611,
310 2439 459 2494 οἷγορην
482 2444 527 2479 ab
546 2445 694 2480 Home-

35 2510 90 2544 ro,
112 2497 215 2548 apud
237 2511 353 2549 quem
366 2499 532 2536 eundem
555 2517 578 2551 η
571 2499 629 2550 ‘013
624 2516 694 2539 ιυ-

33 2549 83 2604 λη
106 2557 186 2593 τῶν
210 2553 396 2604 ἐκκρίτων
417 2553 560 2604 μὸνων.
593 2558 692 2593 Tale

34 2617 161 2647 autem
182 2611 228 2647 ab
251 2611 444 2648 Herodoto
472 2612 508 2650 h.
530 2613 554 2650 l.
577 2615 692 2650 intel-

32 2666 98 2717 ligi
115 2670 274 2705 sanctius
291 2669 493 2715 consilium,
518 2669 621 2720 quod
643 2684 692 2707 ex

33 2722 184 2761 delectis
219 2726 527 2776 principibusque
555 2727 692 2763 Persa-

33 2792 118 2817 rum
146 2782 374 2829 constiterit,
424 2783 536 2834 quale
564 2783 692 2819 Aetoli

34 2839 199 2876 vocarint
232 2834 482 2890 ἅποκλήτους
511 2845 605 2877 teste
624 2840 690 2877 Li-

771 798 834 834 vio
874 798 1048 845 XXXV,
1084 796 1159 845 34,
1206 799 1437 850 Syracusani

773 852 972 904 ἔσκλητον,
993 861 1087 891 teste
1100 855 1293 905 Hesychio
1314 858 1332 892 Ι
1345 869 1434 907 pag.

774 910 894 952 1460.
973 910 1052 949 Sed
1095 911 1190 948 illud
1230 926 1434 963 procerum

770 968 975 1004 Persarum
1010 969 1217 1004 concilium
1239 982 1331 1006 cave
1351 983 1437 1006 cre-

770 1023 836 1060 das
857 1025 898 1060 in
929 1026 1105 1061 omnibus
1127 1026 1239 1062 rebus
1274 1027 1434 1076 publicis

769 1093 790 1116 a
806 1093 896 1131 rege
916 1082 1084 1131 legitime
1112 1083 1258 1118 consuli
1279 1084 1433 1120 solitum

767 1137 902 1174 fuisse:
952 1137 992 1174 id
1034 1139 1137 1174 enim
1169 1151 1190 1175 a
1225 1152 1434 1189 regnorum

768 1195 1008 1230 orientalium
1023 1194 1254 1243 conditione,
1275 1197 1341 1232 ubi
1362 1210 1432 1247 pe-

766 1263 834 1287 nes
870 1264 994 1287 unum
1027 1253 1241 1302 principem
1280 1266 1434 1290 summa

767 1309 943 1344 omnium
962 1321 1092 1345 rerum
1106 1316 1269 1359 potestas
1287 1339 1296 1356 ‚
1327 1311 1432 1346 mul-

765 1370 851 1401 tum
873 1364 1073 1413 abhorret3
1110 1367 1151 1402 in
1171 1368 1325 1403 maioris
1345 1373 1435 1403 tan-

764 1427 848 1457 tum
859 1424 1046 1459 momenti
1067 1423 1178 1460 rebus
1199 1422 1294 1460 illud
1306 1436 1327 1459 a
1342 1436 1432 1474 rege,

766 1486 1047 1527 convocatum,
1093 1493 1174 1516 non
1203 1486 1283 1516 tam
1313 1487 1356 1517 ut
1385 1480 1432 1517 de

764 1548 821 1583 eo,
836 1535 938 1586 quod
955 1535 1181 1573 faciundum
1193 1543 1300 1584 esset,
1314 1550 1433 1589 quam

762 1599 803 1629 ut
836 1592 883 1629 de
913 1592 1031 1630 modo
1073 1606 1117 1630 ac
1149 1595 1308 1641 ratione,
1341 1593 1429 1646 qua,

762 1662 1016 1702 quaecunque
1046 1663 1115 1686 rex
1135 1663 1266 1687 secum
1286 1652 1429 1687 consti-

759 1708 908 1753 tuisset,
951 1708 1094 1758 optime
1139 1715 1427 1757 peragerentur,

761 1761 982 1800 deliberatio
1031 1765 1303 1802 institueretur.
1380 1766 1428 1800 In

760 1821 895 1871 quibus
928 1821 1097 1857 conciliis
1135 1834 1267 1856 veram
1307 1821 1427 1856 animi

757 1878 986 1913 sententiam
997 1877 1124 1928 eloqui
1136 1877 1326 1913 lubricum
1335 1890 1426 1913 sane

759 1945 802 1969 ac
831 1934 1089 1983 periculosum
1103 1963 1112 1980 ,
1135 1946 1256 1984 quum
1277 1934 1308 1970 si
1329 1932 1423 1985 quid

759 1988 937 2040 deinceps
958 1991 1059 2026 male
1081 1992 1261 2035 cessisset,
1284 1991 1326 2036 is,
1359 1991 1426 2042 qui

759 2048 960 2083 consilium
984 2046 1160 2093 dederat,
1193 2047 1424 2097 plecteretur

756 2116 1001 2153 poenamque
1031 2105 1111 2154 ipse
1141 2104 1275 2141 lueret.
1334 2102 1421 2143 Vid.

755 2161 852 2196 infra
882 2161 980 2207 VIII,
1018 2163 1083 2201 67.
1108 2162 1182 2200 101
1217 2167 1253 2197 et
1282 2161 1423 2198 Valerii

754 2218 915 2253 Maximi
943 2217 1059 2253 verba
1087 2217 1157 2262 IX,
1188 2217 1226 2264 5,
1244 2230 1342 2269 quae
1372 2216 1421 2255 ad

753 2274 895 2320 5¹11,ss
927 2273 993 2310 fin.
1039 2274 1290 2324 proferemus.
1331 2275 1418 2312 coll.

753 2330 1067 2368 Heeren.1deen
1095 2332 1124 2377 Ι,
1150 2333 1167 2369 1
1203 2344 1290 2382 pag.
1322 2329 1418 2372 470-

754 2388 859 2432 Quae
899 2381 1028 2424 antem
1069 2388 1192 2424 Persis
1231 2389 1271 2424 in
1309 2400 1418 2425 more

750 2445 864 2482 fuisse
885 2444 1059 2481 videmus
1073 2445 1184 2493 ‚ipso
1205 2445 1336 2481 Xerxe
1356 2451 1416 2481 te-

749 2508 805 2538 ste
838 2502 894 2549 (si
921 2501 1078 2553 quidem
1107 2502 1170 2537 ille
1201 2514 1296 2538 mox
1326 2513 1416 2537 eum

748 2558 787 2594 in
810 2557 971 2594 modum
997 2558 1190 2610 loquitur·
1235 2553 1318 2597 οὔτ’
1340 2572 1416 2595 αυ-

747 2611 815 2661 τός
846 2612 1120 2667 κατηγήσομαι
1151 2610 1278 2663 νόμον
1300 2609 1415 2652 τόνδε

748 2670 790 2710 ἐν
810 2669 908 2721 ’ὑμῖν
930 2672 1069 2718 naas,
1091 2664 1414 2719 παραδεξαμενὸς

747 2742 788 2766 τε
820 2724 930 2780 αύτῷ
952 2725 1181 2778 χρήσομαι),
1203 2740 1246 2762 ea
1267 2739 1411 2762 conve·

747 2785 858 2821 uiunt
879 2798 969 2822 cum
990 2786 1033 2821 iis
1049 2812 1060 2830 ,
1082 2796 1180 2834 quae
1201 2782 1248 2819 de
1269 2783 1412 2819 Timu-

748 2854 789 2877 re
818 2840 954 2879 tradita
986 2841 1226 2891 accepimus,
1254 2839 1320 2891 qui
1349 2840 1410 2878 vel

1441 477 1551 505 Xerxis
1578 479 1617 506 ad
1643 479 1715 507 Per-

1440 520 1543 539 sarum
1554 520 1694 552 proceres

1393 545 1476 588 15de
1487 545 1640 573 Graecia
1630 554 1716 585 guva-

1440 578 1541 608 denda
1560 579 1667 608 oratio.
