1834 3258
455 199 939 238 POLYMNIA.
996 199 1098 236 VII.

1318 199 1403 240 489

131 310 296 366 δεξιὴν,
329 309 371 361 ἐς
399 307 589 363 Σάρδις,
619 312 673 367 τῇ
691 308 764 353 καὶ
781 306 1063 367 πορευομένῳ
1085 308 1292 363 διαβῆναι
1320 305 1400 349 cdv

131 379 399 431 Μαίανδρον
425 377 626 432 ποταμὸν
653 380 772 420 πᾶσα
793 375 959 433 ἀνάγκη
977 378 1153 433 γίνεται,
1184 375 1258 418 καὶ
1288 375 1400 418 ἰέναι

128 444 248 501 παρὰ
285 445 571 501 Καλλάτηβον
599 443 752 498 πόλιν,
795 444 842 487 ἐν
871 449 923 502 τῇ
960 444 1118 498 ἄνδρες
1147 443 1400 500 δημιοεργοὶ

100 513 224 569 Ξμέλι
253 512 300 556 ἐκ
328 515 516 570 μυρίκης
543 527 590 556 τε
617 512 691 556 καὶ
723 515 870 566 πυροῦ
899 516 1094 556 ποιεῦσι·
1125 511 1289 568 ταύτην
1320 509 1457 554 {niveo

126 579 325 636 ὁΞέρξης
345 580 425 637 τήν
445 580 567 633 ὁδὸν,
598 573 697 635 εὗρε
716 579 1110 635 πλατάνιστον,τὴν
1131 579 1310 630 κάλλεος
1335 580 1398 622 εἴ-

126 665 232 693 νεκα
261 647 567 704 δωρησάμενος
596 648 748 705 κόσμῳ
777 648 959 706 χρυσέῳ,
991 649 1064 690 καὶ
1095 650 1323 703 μελεδωνῷ
1352 646 1398 690 οἷ-

127 716 309 772 θανάτῳ
340 714 469 771 ἀνδρὶ
496 715 749 772 ἐπιτρέψας,
780 716 960 774 δευτέρῃ
979 715 1116 773 ἡμέρῃ
1147 714 1324 759 &alneto
1355 715 1399 767 ἐς

69 892 184 944 phau.
205 895 367 946 Byzant.
402 906 432 930 s·
458 906 496 930 v.
519 887 735 944 Καλλάτη-

68 951 140 1002 βος
159 963 248 1001 pag.
269 949 366 991 438.

126 1004 269 1059 ἄνδρες
295 1004 552 1058 δημιοεργοὶ]
583 1005 734 1043 Eodem

67 1077 181 1101 sensu
225 1077 304 1101 vox
349 1059 581 1115 δημιοεργὸς
629 1062 732 1114 apud

66 1119 209 1157 Athen.
230 1121 260 1168 I,
283 1119 334 1160 14
354 1135 393 1171 p.
418 1123 467 1160 18
496 1122 544 1156 D.
566 1127 603 1156 et
627 1119 731 1170 apud

65 1176 260 1214 Plutarch.
276 1178 312 1212 II
331 1191 368 1228 p.
386 1179 468 1218 280
488 1178 536 1214 D.
567 1177 631 1213 Tu
651 1176 730 1214 vid.

64 1241 161 1271 nott.
183 1232 232 1270 ad
251 1234 314 1281 IV,
341 1233 432 1274 194.
450 1255 507 1261 ——
533 1235 578 1269 In
599 1234 731 1283 proxi-

66 1304 132 1327 me
150 1304 257 1343 seqq.
278 1303 414 1329 vocem
438 1288 523 1340 μέλι
544 1297 631 1327 ante
645 1305 732 1330 ποι-

36 1346 41 1349 ’
67 1349 155 1387 eom
174 1349 291 1398 vulgo
323 1346 535 1384 exhibitam
566 1348 734 1384 colloca—

68 1405 194 1442 vimus
215 1417 304 1442 cum
319 1402 538 1454 Schweigh.
560 1411 598 1441 et
616 1405 733 1441 Gaisf.

71 1468 158 1498 ante
179 1460 222 1500 ἐκ
242 1461 421 1512 μυρίκης.
470 1462 528 1498 Ac
549 1459 600 1498 M
595 1463 734 1512 yricam

68 1519 186 1568 vulgo
249 1518 439 1569 accipiunt
489 1517 526 1555 T
523 1520 732 1566 amarz'cem3

70 1575 244 1626 quamvis
290 1587 367 1626 quo
405 1574 524 1612 modo
570 1572 643 1612 hac
683 1588 732 1613 ex

67 1632 223 1682 planta,
254 1644 304 1667 ex
334 1633 413 1668 eius
441 1632 567 1680 foliis,
595 1632 732 1676 fructi-

66 1688 137 1725 bus
157 1702 186 1725 s.
199 1689 307 1725 caule
317 1689 396 1725 mel
409 1690 621 1740 comparari
640 1701 732 1739 pos-

66 1745 134 1794 sit,
156 1744 309 1782 difficile
330 1744 492 1782 dixeris:
522 1746 596 1782 nisi
616 1747 731 1783 allam

66 1815 216 1853 prorsus
235 1803 406 1853 plantam
426 1800 489 1839 hic
509 1803 730 1853 intelligen-

68 1857 160 1895 dam
179 1872 258 1895 esse
266 1866 418 1896 statuas.
448 1861 646 1896 Immerito
659 1873 731 1895 au-

67 1921 147 1952 tem
168 1914 214 1951 de
234 1915 331 1952 melle
349 1916 516 1953 naturali
540 1914 602 1952 hic
623 1917 732 1966 cogi-

67 1971 170 2008 tabat
188 1972 380 2009 Me'ziriac.
402 1972 543 2021 (Mem.
565 1971 611 2008 de
632 1973 731 2010 l’Ac.

70 2026 108 2064 d.
128 2029 244 2065 Inscr.
265 2030 323 2065 IX
342 2042 381 2079 p.
403 2029 476 2077 59)
499 2041 519 2065 a
538 2027 729 2066 Larchero

66 2083 330 2135 reprehensus,
352 2087 417 2137 qui
431 2092 532 2121 recte
552 2087 629 2122 mel
651 2093 730 2123 arte

70 2148 246 2193 paratum
268 2140 329 2178 hio
354 2142 515 2192 intelligi
535 2143 629 2179 vult.

123 2195 198 2249 τὴν
236 2195 400 2245 κάλλεος
438 2199 569 2237 εἵνεκα
601 2200 730 2249 δωρη-

68 2250 238 2305 σάμενος
269 2251 403 2308 κόσμῳ
426 2254 596 2308 χρυσέῳ]
633 2257 730 2292 Per-

67 2313 189 2348 tinent
207 2310 283 2348 huc
303 2313 454 2348 Aeliani
468 2326 533 2349 vel
535 2313 583 2349 ba
603 2314 649 2350 V.
679 2315 727 2349 H.

66 2369 115 2415 ΙΙ,
129 2367 192 2415 14,
205 2370 271 2405 ubi
280 2370 427 2406 Xerxes
447 2368 580 2406 velut'
563 2367 729 2422 εραστης

68 2422 217 2474 ἔξῆψεν
261 2420 385 2477 αὐτῆς
426 2423 580 2477 κόσμον
608 2429 729 2465 πολυ-

66 2482 181 2530 τελῆ,
223 2486 426 2532 στρεπτοῖς
456 2482 523 2522 καὶ
549 2484 728 2531 ψελλίοις

67 2539 194 2588 τιμῶν
213 2552 308 2583 τους
328 2535 498 2585 κλάδους
526 2538 593 2578 καὶ
614 2543 726 2590 μελε-

69 2590 198 2633 δωνὸν
235 2589 339 2646 αυτῇ
373 2594 598 2643 κατέλιπεν,
630 2593 729 2636 ὥστε

68 2648 245 2703 ἐρωμένῃ
266 2648 426 2699 φύλακα
442 2649 510 2690 καὶ
540 2650 731 2702 φρουράν.

0 2717 1 2721 ’
69 2707 204 2743 Tzetz.
240 2706 288 2743 ad
316 2706 510 2759 Lycophr.
542 2721 594 2746 VS.
626 2708 733 2750 1432

71 2776 110 2814 p.
133 2765 238 2804 1057
259 2764 343 2803 vol.
364 2765 401 2800 11
420 2764 526 2800 Mun.
551 2760 644 2803 καθ’
657 2763 734 2803 Ἡ-

77 2814 243 2871 ρόδοτον
269 2821 319 2858 ait
351 2816 569 2873 ἔχρύσωσεν
607 2816 734 2872 αὐτήν

791 888 859 932 διοῖ
877 888 922 931 vo*
945 887 1101 939 κᾶλλος,
1135 889 1314 942 deceptus
1340 902 1456 927 aurea

789 950 944 1000 platano
973 962 1056 1000 cap.
1079 951 1155 997 27,
1176 949 1290 999 plane
1310 954 1353 984 ut
1380 948 1453 983 Dio

791 1005 987 1057 chrysost.
1007 1006 1151 1045 Homil,
1173 1006 1242 1041 VII
1261 1006 1300 1041 in
1315 1006 1389 1054 Ep.
1405 1003 1455 1040 ad

790 1063 934 1099 Coloss.
974 1075 1062 1113 pag.
1097 1065 1177 1103 377
1214 1064 1261 1098 B.
1318 1062 1456 1098 Attulit

786 1120 1080 1169 VVesselingius.
1102 1119 1288 1155 Voculam
1301 1114 1455 1168 κόσμον

788 1175 835 1214 de
857 1183 992 1213 ornatu
1008 1176 1185 1212 muliebri
1203 1176 1365 1225 intelligi
1384 1187 1456 1211 vo-

786 1233 858 1270 luit
876 1231 1056 1271 Larcher.
1085 1232 1145 1268 Cr
1157 1245 1173 1268 e
1185 1245 1207 1268 u
1220 1247 1254 1268 z.
1275 1230 1370 1268 haec
1384 1231 1455 1267 ad-

789 1290 989 1341 scripserat
1002 1302 1012 1326 :
1035 1290 1119 1338 „De
1132 1289 1375 1338 platanorum
1387 1302 1455 1338 per

791 1347 994 1384 Graeciam
1014 1344 1274 1397 pulcritudine
1296 1352 1332 1382 et
1352 1358 1455 1381 non-

789 1405 985 1441 nullarum
997 1401 1249 1453 amplitudine
1261 1403 1455 1453 agitLiber

789 1462 889 1498 Baro
914 1459 961 1497 de
983 1458 1235 1510 Stackelberg
1261 1461 1301 1496 in
1325 1472 1454 1511 opere,

791 1516 896 1570 quod
916 1518 1153 1554 inscribitur:
1191 1518 1270 1553 Der
1296 1516 1456 1568 Apollo-—

788 1575 934 1625 tempel
946 1588 996 1611 zu
1015 1575 1166 1612 Bassae.
1188 1586 1278 1626 pag.
1308 1573 1358 1614 14
1375 1579 1456 1612 not.

791 1633 883 1672 12.“

824 1686 891 1727 καὶ
906 1688 1118 1739 μελεδωνῷ
1130 1681 1269 1726 αθανι
1270 1701 1323 1724 τω
1337 1682 1455 1736 οἷνδρὶ

786 1743 1021 1797 ἐπιτρέψας]
1032 1745 1250 1781 Immerito
1239 1757 1279 1779 in
1291 1727 1348 1780 his
1359 1757 1455 1779 ver-

786 1803 843 1839 bis
855 1800 1013 1838 haerent
1034 1814 1102 1852 pro
1117 1796 1309 1853 αθανοῖτῳ
1319 1801 1455 1836 rescri-

786 1859 920 1895 bentes
933 1853 1033 1897 αθαε
1036 1870 1178 1896 arwv:
1191 1856 1454 1894 custodiendam

787 1915 959 1952 mandans
990 1915 1147 1951 arborem
1188 1917 1274 1950 uni
1301 1926 1353 1950 ex
1376 1925 1454 1950 zm-

787 1971 1064 2008 mortalium
1095 1970 1292 2017 cohorti,
1315 1983 1454 2022 quem-

788 2027 1001 2065 admodum
1026 2026 1129 2078 apud
1157 2029 1321 2064 Pausan.
1342 2027 1404 2073 VI,
1427 2026 1452 2068 5

789 2085 825 2131 ξ.
850 2087 888 2124 3.
945 2085 1051 2121 Libri
1070 2084 1198 2134 scripti
1216 2096 1296 2120 non
1316 2082 1454 2120 suffra-

786 2148 926 2191 gantur
973 2154 1101 2192 neque
1153 2141 1310 2177 omnino
1359 2153 1454 2191 opus

787 2197 1000 2249 quidquam
1019 2205 1180 2245 mutare,
1202 2199 1230 2234 si
1254 2210 1351 2248 quae
1373 2199 1453 2248 ipse

786 2254 1002 2292 Herodotus
1041 2255 1122 2302 VII,
1155 2256 1207 2294 83
1243 2253 1452 2302 tradIderit,

785 2312 1045 2362 respiciamus.
1092 2313 1269 2363 Namque
1297 2306 1453 2350 οἷθάνα-

784 2382 852 2415 τος
880 2363 985 2420 οἷνήρ
1018 2367 1059 2405 h.
1093 2369 1119 2405 l.
1149 2375 1205 2404 est
1246 2369 1453 2405 immortalis

786 2427 849 2476 qui
875 2430 1024 2462 vocatur
1050 2426 1129 2474 vir,
1166 2426 1244 2461 sive
1273 2426 1382 2462 miles
1402 2438 1451 2461 ex

785 2495 919 2518 eorum
940 2481 1116 2530 cohorte,
1148 2483 1213 2533 qui
1233 2481 1335 2532 apud
1354 2483 1450 2518 Per-

785 2551 842 2576 sas
871 2539 1125 2577 Immortaliam
1154 2540 1312 2575 nomine
1346 2537 1450 2574 indi—

787 2596 993 2645 cabantur3
1033 2603 1075 2632 ut
1104 2595 1166 2633 vel
1198 2596 1310 2631 nimis
1333 2607 1452 2646 quae-

787 2653 858 2689 sita
893 2651 1118 2700 videantur,
1149 2664 1246 2702 quae
1287 2650 1334 2686 ad
1364 2650 1402 2686 li.
1425 2651 1451 2686 l.

788 2709 963 2746 observat
994 2706 1380 2757 Schweigliaeuserus
1403 2703 1452 2743 α’-

789 2760 971 2804 θοῖνατον
1004 2762 1134 2815 ἄνδρα
1163 2763 1223 2800 hic
1256 2776 1346 2799 eum
1376 2761 1451 2800 dici

791 2822 1022 2870 existimans,
1044 2822 1106 2858 cui
1118 2821 1233 2858 etiam
1248 2832 1351 2857 nuno
1364 2820 1450 2858 vivo
