1834 3258
556 218 858 255 ERATO.
915 218 991 255 VI.
1325 218 1408 260 345

150 332 246 381 δεα,
289 325 379 371 εἶπέ
421 337 499 382 σφι
544 327 756 382 Θεασίδης
804 326 828 368 ὁ
870 326 1174 381 Λεωπρέπεος,
1228 325 1313 369 ἐῶν
1362 327 1408 370 ἐν

121 394 333 451 4Σποέρτῃ
365 394 542 450 δόκιμος
572 393 709 449 ἀνήρ·
755 395 839 445 ,,Τί
868 395 1084 450 βούλεσθε
1123 393 1301 448 ποιέειν,
1339 394 1410 437 ἰέν-

149 466 272 518 ,,δρες
300 464 551 518 Αἰγινῆται,
585 461 662 505 τὸν
692 461 868 517 βασιλέα
888 466 977 504 τῶν
999 461 1309 518 Σπαρτιητέων
1339 462 1435 506 «ἔκ-1

149 533 307 584 ,,δοτον
335 529 574 586 γενόμενον
603 528 689 573 ὑπὸ
718 533 807 572 τῶν
829 529 1069 585 πολιητέων
1096 527 1236 584 ἄγειν,
1266 532 1303 574 εἰ
1321 534 1406 574 νῦν
1461 533 1542 574 477

148 592 285 655 ,ῤῥψῇ
313 597 550 654 χρεώμενοι
579 597 776 653 ἔγνωσαν
814 596 929 641 οὕτω
959 601 1257 653 Σπαρτιῆται,
1296 597 1411 650 ὅκως

146 667 217 719 ,,ἐξ
245 665 426 722 ὑστέρης
450 665 508 722 μή
540 682 581 709 τι
609 664 737 721 ὑμῖν,
778 663 836 721 ἢν
873 668 1010 708 ταῦτα
1039 663 1282 721 πρήσσητε,
1323 681 1410 709 πα-

117 731 402 789 5,,νω’λεθρον
429 733 566 778 κακὸν
594 733 637 785 ἐς
670 733 750 790 τὴν
778 732 924 789 χώρην
954 731 1208 788 ἐσβάλωσι.“
1260 737 1441 778 Ταῦτα5

148 800 419 852 ἀκούσαντες
466 804 508 846 οἱ
557 803 811 858 Αἰγινῆται,
867 801 1044 856 ἔσχοντο
1095 804 1171 856 τῆς
1219 800 1409 858 ἀγωγῆς·

146 868 357 928 ὁμολογίῃ
388 869 434 915 δὲ
465 869 700 926 ἐχρήσαντο
730 870 897 926 τοιῇδε,
930 867 1222 923 ἐπισπόμενον
1249 874 1412 913 Λευτυ-

147 940 267 994 χίδεα
296 938 339 989 ἐς
363 936 571 994 Ἀθήνας,
619 936 868 981 ἀποδοῦναι
907 936 1164 994 Αἰγινήτῃσι
1198 937 1303 989 τούς
1339 938 1413 981 ἄν-

20 1001 87 1048 86
145 1008 265 1061 δρας.
316 1005 393 1058 Ὡς
423 1007 469 1050 δὲ
499 1005 764 1062 ἀπικόμενος
792 1007 1059 1061 Λευτυχίδης
1099 1006 1142 1056 ἐς
1180 1006 1254 1056 τὰς
1282 1005 1410 1062 Ἀθή-

147 1091 242 1128 νας,
273 1073 448 1118 ἀπαίτεε
476 1074 557 1130 τήν
590 1073 881 1129 παραθήκην,
913 1075 957 1116 οἱ
980 1071 1208 1128 Ἀθηναῖοι
1237 1073 1408 1130 προφά-
1468 1074 1727 1144 ξ’ζξῇξωξξῑῗξέᾗ-

149 1153 243 1193 σιας
267 1139 429 1195 εἷλκον,
459 1141 514 1186 οὐ
537 1141 800 1199 βουλόμενοι
831 1139 1098 1188 ἀποδοῦναι·
1130 1139 1301 1197 φάντες,
1335 1139 1744 1206 &501033131'31dffe03‘

1468 1005 1584 1039 Quibus
1610 1006 1702 1040 tergi-

1467 1039 1674 1074 versantibus,
1694 1048 1744 1066 ex-

91 1304 172 1355 ipso
184 1304 277 1341 olim
288 1303 368 1355 (VI,
378 1303 750 1355 73)Atheniensibus

41 1373 48 1377 ‘
91 1360 330 1399 traditorum.
349 1363 492 1407 Quibus
503 1361 598 1399 haee
611 1362 751 1400 adscri-

91 1419 166 1469 psit
187 1419 229 1458 C.
252 1419 296 1456 Ο.
315 1420 465 1456 Mffller.
488 1421 681 1470 Aeginett.
710 1433 750 1471 p.

96 1477 116 1515 1
125 1478 175 1515 17
184 1483 281 1513 nott.
294 1477 458 1527 „Arguit
466 1476 652 1514 Herodoti
660 1489 752 1513 nar—

92 1533 199 1581 ratio,
213 1531 260 1570 de
277 1546 351 1585 qua
368 1534 469 1575 cons.
480 1535 614 1571 Mauso
625 1535 751 1585 Spart.

89 1589 120 1635 Ι,
151 1592 178 1630 2
216 1603 305 1641 pag.
337 1594 441 1639 307,
496 1598 638 1643 quanta
668 1598 753 1628 tum

89 1644 204 1683 fuerit
221 1649 422 1684 nationum
431 1649 676 1685 Doriensium
686 1661 753 1685 ae-

91 1703 289 1754 quabilitas
301 1705 656 1758 Spartanorumque
664 1718 754 1742 mo-

91 1758 257 1810 deratio,
287 1768 330 1798 ut
350 1763 416 1814 qui
449 1763 535 1813 ipsis
555 1764 611 1799 rei
631 1763 753 1799 Grae-

90 1829 225 1853 corum
255 1820 470 1856 communis
498 1819 754 1869 proditoribus

90 1885 224 1923 regem
243 1888 356 1912 suum
383 1875 533 1912 tradere
562 1875 667 1913 haud
690 1889 754 1913 re-

93 1937 286 1979 cusarent,
317 1933 502 1968 nimirum
523 1934 613 1984 quia
638 1934 754 1969 Dori—

94 1999 201 2023 enses
233 1989 376 2039 populo
419 1989 551 2026 lonico
591 1988 752 2026 dedide-

92 2044 191 2080 rat.“

149 2095 252 2146 ὅκως
284 2099 324 2148 ἐξ
361 2098 529 2153 ὑστέρης
558 2117 595 2141 κ.
631 2116 665 2140 τ.
695 2101 750 2150 λ.]

92 2156 118 2192 i.
132 2169 165 2193 e.
183 2156 326 2206 Videte,
348 2171 391 2195 ne
411 2158 636 2209 (Spartani)
653 2162 754 2208 post-

93 2212 161 2250 Ιιαο
183 2215 368 2252 exitiosam
397 2216 528 2253 malum
555 2218 593 2253 in
624 2219 754 2253 terram

92 2271 295 2310 immittant.
354 2273 412 2308 De
450 2279 637 2309 structura
663 2285 754 2323 par-

92 2327 231 2364 ticulae
251 2324 354 2375 ὅκως
373 2329 474 2366 conf.
495 2331 560 2379 ΠΙ,
584 2329 677 2377 135,
699 2336 753 2374 et,

95 2396 194 2435 quae
213 2383 399 2423 Valcken.
419 2385 480 2425 ad.
507 2385 546 2426 h.
568 2387 595 2423 l.
631 2385 752 2435 affert,

94 2439 319 2479 Herodoteis
338 2443 551 2481 simillima:
588 2441 754 2495 Thucy-

96 2495 174 2535 did.
196 2499 262 2546 111,
284 2498 350 2539 57.
372 2501 535 2550 Diogen.
557 2501 684 2538 Laert.
704 2501 752 2548 II,

98 2556 193 2595 102.
240 2553 418 2607 Aeschyl.
447 2555 645 2596 Prometh.
688 2560 754 2598 68.

97 2611 140 2647 In
168 2623 245 2664 qua
272 2618 480 2661 structura,
525 2613 685 2651 docente
706 2615 754 2650 G.

98 2668 320 2706 Hermanno
358 2670 399 2705 in
438 2670 598 2721 Opuscc.
625 2671 676 2708 T.
704 2671 756 2707 IV

97 2737 185 2776 pag.
224 2729 302 2767 127
339 2727 602 2764 coniunctivus
638 2728 757 2777 parti-

97 2783 224 2819 culam
244 2779 349 2829 ὅκως
383 2784 544 2834 excipit,
574 2784 756 2836 quoniam

99 2849 195 2888 quae
214 2846 425 2892 sequuntur
453 2853 532 2877 non
565 2847 646 2878 tam
675 2853 755 2878 mo-

807 1305 954 1353 nentis,
986 1317 1105 1357 quam
1134 1304 1339 1341 metuentis
1368 1310 1468 1340 sunt.

806 1363 995 1400 Futurum
1013 1368 1099 1412 post
1121 1357 1224 1408 ὅκως
1248 1363 1465 1411 Nosterpo-

806 1421 881 1457 suit
899 1420 999 1456 iufra
1018 1420 1081 1467 Vl,
1109 1421 1202 1459 135.
1234 1441 1288 1446 —
1326 1416 1389 1468 Ad
1408 1418 1469 1454 lo-

809 1478 1003 1514 cutionem
1033 1474 1072 1523 εἶξ
1103 1473 1270 1528 ὑστέρης
1290 1474 1391 1511 conf.
1421 1475 1466 1522 V,

812 1536 891 1574 106
924 1540 962 1570 et
990 1532 1038 1570 de
1067 1545 1163 1570 voce
1201 1527 1468 1584 πανώλεθρον

808 1589 885 1629 vid.
906 1597 1004 1627 nott.
1025 1588 1075 1626 ad
1093 1590 1138 1637 V,
1157 1591 1250 1630 105.

865 1644 1138 1698 ἐπισπόμενον
1169 1666 1225 1675 ·—
1252 1642 1348 1693 τούς
1396 1642 1470 1684 ὅν-

810 1704 933 1755 δρας]
955 1705 980 1742 i.
1003 1718 1036 1740 e.
1057 1706 1110 1741 ita
1123 1705 1229 1753 pacti
1249 1707 1332 1739 sunt
1349 1716 1471 1739 s.con-

810 1774 950 1808 venere,
984 1765 1025 1798 ut
1049 1760 1291 1811 Leutyclzz'cles
1309 1762 1403 1809 ipsos
1418 1772 1471 1795 se-

810 1823 914 1855 cutus
945 1818 1123 1864 Athenas,
1162 1819 1257 1853 viros
1283 1817 1470 1864 Aeginetis

810 1875 983 1912 redderet.
1040 1876 1174 1925 Itaque
1195 1871 1244 1909 ad
1262 1869 1472 1923 ἐπισπόμε-

810 1946 884 1970 νον
903 1930 1027 1979 (cuius
1041 1931 1126 1967 loco
1141 1930 1232 1966 olim
1252 1942 1368 1979 prave
1386 1929 1472 1969 ἐπι-

811 1983 1035 2037 σπώμενον,
1057 1985 1134 2024 vid.
1155 1993 1251 2023 nott.
1273 1985 1322 2022 ad
1345 1987 1374 2033 Ι,
1398 1985 1469 2034 91)

808 2045 932 2094 suppl.
958 2039 1104 2091 αὐτούς
1132 2044 1214 2081 scil.
1238 2039 1331 2089 τούς
1354 2042 1470 2094 Αἰγι-

809 2099 945 2153 νήτας.

979 2157 1072 2208 Cap.
1086 2157 1302 2193 LXXXVI.

865 2212 938 2265 τήν
969 2209 1243 2265 παραθήκην]
1283 2215 1339 2250 Ita
1373 2219 1410 2250 et
1430 2211 1470 2250 h.

810 2271 836 2308 l.
859 2279 895 2308 et
915 2271 1014 2308 infra
1036 2272 1073 2317 ξ.
1098 2274 1134 2311 1.
1160 2274 1199 2311 2.
1223 2271 1248 2310 4
1270 2269 1358 2307 dedi
1379 2283 1470 2307 cum

811 2327 1030 2378 Schweigh.
1050 2335 1087 2364 et
1100 2328 1214 2365 Gaisf.
1233 2328 1349 2364 trium
1358 2326 1472 2364 codd.

811 2399 861 2422 ex
880 2386 1102 2422 auctoritate
1124 2391 1160 2421 et
1179 2385 1364 2435 probante
1374 2385 1472 2420 Por-

809 2456 892 2481 son.
913 2441 1091 2480 Adverss.
1121 2456 1160 2492 p.
1189 2444 1270 2483 298
1292 2442 1378 2480 coll.
1398 2442 1471 2477 Lo-

810 2498 923 2537 beck.
945 2498 993 2536 ad
1012 2497 1221 2550 Phrymich.
1233 2512 1271 2550 p.
1289 2501 1372 2539 312
1390 2510 1469 2548 seq.

811 2570 900 2593 cum
908 2569 1001 2593 mox
1011 2562 1190 2608 sequatur
1200 2554 1470 2607 παραθέσθαι.

810 2614 936 2664 Vulgo
963 2609 1335 2665 παρακαταθήκην,
1367 2609 1471 2662 quod

810 2671 955 2723 ubique
985 2671 1139 2706 retinuit
1158 2667 1327 2705 Bekker.
1386 2666 1472 2704 vid.

811 2734 907 2765 nott.
924 2726 972 2764 ad
993 2727 1057 2774 VI,
1078 2729 1146 2766 73·

869 2779 1099 2836 προφάσιας
1119 2777 1268 2828 εἷλκον]
1300 2779 1326 2820 i.
1348 2791 1380 2815 e.
1401 2791 1472 2815 mo-

812 2854 874 2879 ras
919 2840 1128 2885 trahebant,
1189 2835 1473 2885 tergiversaban-
