1851 3181
328 517 395 562 94

123 582 221 616 lones,
243 580 375 609 Achatae

122 601 396 654 omnin-Pelopon-

122 658 207 683 neso,
225 648 355 683 incolae,

121 686 256 722 tuncque
280 669 380 709 vocati

122 716 246 751 Pelasgi
265 717 372 752 Aegia.-

122 750 235 778 lennes.

326 932 392 977 95

122 996 253 1023 insulani
274 1005 309 1024 ex
318 996 395 1024 mari

452 263 535 303 576

454 385 533 425 περ
571 369 773 425 ’Ἕλληνες
825 367 1100 425 ἐσταλμένοι·

453 440 526 483 καὶ
557 438 798 493 ἐγχειρίδια.

848 260 1310 299 HERODOTI

1159 366 1277 425 εἶχον
1317 369 1363 413 δὲ
1407 370 1480 414 καὶ
1519 371 1716 426 δρέπανα

860 434 986 481 οὗτοι
1017 437 1063 481 δὲ
1100 438 1256 488 οἵτινες
1284 437 1499 494 πρότερον
1518 438 1717 484 ἐκαλέον-

453 524 525 558 το,
569 507 616 549 ἐν
654 509 767 548 τοῖσι
796 503 1008 559 πρώτοισι
1045 509 1133 548 τῶν
1162 505 1306 561 λόγων
1350 508 1523 563 εἴρηται.

1573 506 1718 561 Ἴωνες

453 576 498 619 δὲ
530 573 683 617 ἑκατόν
711 572 810 624 νέας
833 575 1110 628 παρείχοντο,
1157 573 1462 629 ἐσκευασμένοι
1492 573 1718 633 &9⁰23an-

454 660 536 694 νες.

585 641 730 692 Ἴωνες
763 641 831 693 δὲ,
873 640 980 684 ὅσον
1018 641 1096 696 μὲν
1125 640 1288 697 χρόνον
1317 642 1365 686 ἐν
1397 643 1718 701 Πελοποννήσῳ

454 714 599 756 οἴκεον
643 712 723 766 τήν
761 713 845 752 νῦν
884 710 1152 766 καλεομένην
1185 708 1406 767 Ἀχαιΐην,
1447 711 1519 755 καὶ
1546 712 1651 765 πρὶν
1689 710 1774 768 ἢ95

452 776 634 823 Δάναόν
672 795 716 821 τε
755 778 828 821 καὶ
869 778 1047 827 Ξοῦθον
1085 775 1318 822 ἀπικέσθαι
1357 780 1398 831 ἐς
1441 779 1719 835 Πελοπόννη-

453 859 552 899 σον,
585 845 863 903 ὦς”Ελληνες
891 846 1086 901 λέγουσι,
1127 845 1354 890 ἐκαλέοντο
1388 848 1601 902 Πελασγοὶ
1631 847 1718 890 Αἰ-

452 916 616 971 γιαλέες
628 928 639 938 ’

123 1031 254 1065 Aegaeo.
274 1032 394 1059 Aeoles.

452 1188 495 1230 ἐν
527 1192 631 1229 τοῖσι
661 1185 854 1242 πρώτοισι
891 1192 971 1230 τῶν
989 1187 1055 1231 λό-

395 1262 476 1301 γων
504 1245 686 1300 εἴρηται]
733 1246 820 1288 Vid.
840 1248 869 1296 I,
894 1250 988 1288 171.

600 1359 692 1410 Cap.
712 1358 849 1398 XCIV.

440 1459 613 1512 ”Ιωνες]
660 1461 746 1500 Vid.
777 1463 806 1509 Ι,
841 1462 919 1503 142
947 1475 1054 1514 seqq.

394 1525 432 1556 et
463 1518 510 1555 de
540 1519 726 1569 prioribus
756 1517 882 1555 Ionum
905 1518 1055 1556 sedibus

394 1576 434 1612 in
473 1574 639 1622 Achaia,
682 1588 779 1628 quae
808 1582 892 1626 post
920 1582 1054 1613 vocata

395 1639 462 1680 est,
484 1645 574 1669 cum
593 1633 672 1669 scil.
693 1633 739 1669 ab
764 1631 925 1669 Achaeis
946 1633 1055 1669 eiecti

396 1695 530 1737 essent,
567 1690 596 1737 I,
630 1687 707 1730 145
736 1690 827 1741 ibiq.
865 1696 961 1728 nott.
996 1691 1055 1725 De

393 1746 535 1794 Danao,
558 1746 622 1798 qui
645 1759 693 1782 ex
714 1747 890 1797 Aegypto
921 1746 1055 1796 profu—

392 1816 462 1853 gus
483 1803 593 1853 Argis
613 1801 719 1840 sedes
745 1805 885 1853 cepisse
907 1802 1054 1850 dicitur,

393 1858 470 1897 vid.
493 1861 540 1907 ΙΙ,
562 1862 636 1907 913
668 1858 715 1895 de
735 1859 878 1908 Xutho,
905 1861 971 1911 qui
990 1862 1056 1896 Ιο-

393 1917 452 1953 nis
471 1916 590 1953 fertur
619 1923 738 1967 pater,
768 1918 867 1964 VIII,
889 1915 942 1956 44
970 1917 1056 1953 coll.

392 1980 488 2012 nott.
528 1972 577 2010 ad
616 1974 646 2021 Ι,
680 1972 772 2014 145.
814 1974 1057 2011 vocabantur

394 2029 542 2078 Pelasgi
558 2030 807 2078 Aegialenses,
839 2030 943 2082 quod
965 2031 1057 2067 olim

393 2088 517 2123 omnis
536 2088 822 2137 Peloponnesus
851 2088 1058 2125 vocabatur

395 2142 585 2191 Pelasgia,
615 2150 709 2180 teste
737 2144 910 2195 Euripid.
931 2143 1056 2195 Iphig.

392 2200 431 2234 in
448 2200 535 2235 Aul.
560 2198 686 2247 1473,
709 2201 864 2252 eiusque
886 2214 950 2238 ora
971 2214 1049 2237 ma-

397 2257 533 2303 ritima,
557 2268 654 2307 quae
675 2257 876 2306 postmodo
890 2256 1057 2294 Achaiae

394 2325 537 2349 nomen
567 2314 732 2363 accepit,
764 2310 971 2365 Αἰγιάλεια
1009 2315 1055 2351 ab

395 2369 563 2417 Aegialeo
583 2382 672 2419 rege
685 2399 693 2415 ,
716 2376 758 2406 ut
778 2370 962 2407 ferebant.
992 2372 1055 2407 Tu

396 2425 498 2463 conf.
521 2426 562 2462 C.
592 2427 634 2461 F.
670 2427 880 2466 Hermann.
903 2427 1054 2465 Hellen.

396 2481 738 2519 Staatsalterthijm.
779 2484 815 2528 ξ.
844 2485 896 2522 96
917 2490 997 2520 not.
1018 2482 1057 2523 5.

394 2539 494 2585 Quin
524 2540 603 2589 ipsa
633 2539 775 2590 Sicyon
798 2540 890 2576 olim
912 2540 962 2576 ita
986 2552 1056 2589 ap-

394 2596 531 2646 pellata
568 2596 681 2632 fuisse
711 2603 897 2632 narratur.
964 2595 1050 2632 vid.

395 2652 604 2703 spanhem.
618 2652 666 2689 ad
678 2651 899 2689 Callimach.
921 2653 959 2688 in
970 2654 1054 2689 Del.

393 2712 459 2750 72.
484 2712 549 2750 73.
579 2731 635 2736 ——
684 2710 887 2746 Caeterum
914 2723 961 2745 ex
994 2722 1051 2757 eo,

396 2765 498 2816 quod
517 2768 627 2803 Iones
650 2770 784 2804 centum
804 2779 919 2804 naves
941 2779 1053 2816 prae—

393 2822 515 2859 baisse
534 2822 731 2872 dicuntur,
764 2837 854 2860 cum
884 2826 1054 2860 trecentas

394 2876 603 2917 Phoenices
615 2878 841 2917 exhiberent
853 2880 1050 2930 (V11,98)‚

697 914 765 958 ἐπὶ
806 913 851 957 δὲ
867 912 1023 965 Ἴωνος
1052 917 1135 957 τοῦ
1164 914 1369 968 Ξούθου,
1396 914 1556 966 Ἴωνες.

453 986 606 1028 σιῶται
636 982 682 1026 δὲ
711 981 995 1026 ἑπτακαίδεκα
1024 983 1280 1039 παρείχοντο
1308 983 1422 1037 νέας,
1452 981 1718 1040 ὠπλισμένοι

1615 917 1718 972 Νη-

1111 1191 1198 1229 satis
1219 1191 1397 1242 cognosci
1417 1197 1539 1243 potest
1554 1221 1563 1239 ,
1587 1197 1775 1243 quantum

1111 1249 1173 1286 vel
1201 1249 1267 1285 illo
1283 1256 1454 1299 tempore
1470 1250 1610 1285 Iontun
1629 1261 1686 1284 res
1702 1260 1774 1283 na-

1111 1306 1214 1342 vales
1230 1305 1448 1352 floruerint,
1472 1318 1547 1357 quo
1569 1303 1775 1340 eodemfa-

1112 1362 1218 1398 ciunt
1240 1364 1505 1413 quinquaginta
1523 1373 1659 1408 naves,
1681 1373 1775 1412 quas

1111 1419 1277 1455 insulani
1314 1433 1345 1456 s.
1387 1417 1600 1471 Cycladum
1626 1418 1775 1454 incolae

1112 1474 1390 1525 exhibuerunt,
1446 1482 1541 1513 teste
1578 1473 1775 1513 Herodoto

1110 1533 1191 1581 VII,
1212 1532 1279 1573 95.

1329 1611 1421 1662 Cap.
1440 1610 1558 1650 XCV.

1171 1692 1380 1741 Νησιῶται
1402 1689 1473 1740 δέ]
1523 1690 1574 1726 Hi
1609 1688 1775 1726 insulani

1111 1759 1234 1798 quum
1273 1759 1295 1783 a
1327 1746 1531 1783 duodecim
1557 1748 1697 1782 Ionum
1717 1747 1775 1783 ci-

1110 1804 1287 1840 vitatibus
1316 1804 1355 1839 in
1377 1804 1607 1839 Panionium
1636 1815 1775 1839 conve-

1111 1861 1193 1896 nire
1207 1861 1322 1896 solitis
1337 1859 1626 1910 distinguantur,
1648 1872 1775 1911 neque

1115 1916 1199 1953 Chii
1218 1930 1345 1968 neque
1360 1917 1480 1954 Samii
1508 1930 1587 1953 esse
1606 1922 1774 1967 possunt,

1114 1975 1180 2026 qui
1200 1973 1248 2010 ad
1267 1975 1364 2025 ipsas
1377 1972 1489 2011 hasce
1498 1974 1666 2010 civitates
1676 1971 1776 2010 duo-

1115 2030 1241 2068 decim
1261 2031 1453 2082 pertinent
1482 2037 1595 2082 atque
1617 2031 1732 2066 etiam
1752 2041 1776 2066 a

1112 2087 1282 2125 Diodoro
1303 2089 1370 2136 XI,
1393 2090 1417 2128 3
1449 2088 1588 2124 Ionum
1614 2086 1778 2124 civitati-

1113 2145 1183 2181 bus
1204 2151 1360 2181 centum
1375 2157 1490 2181 naves
1510 2143 1777 2195 praebentibus

1113 2201 1426 2249 adnumerantur,
1447 2200 1515 2237 sed
1525 2200 1573 2238 ad
1585 2213 1646 2237 eas
1668 2201 1777 2236 insu-

1113 2259 1168 2294 las
1190 2260 1398 2309 pertinent,
1431 2270 1529 2309 quae
1550 2259 1648 2294 intra
1670 2257 1773 2308 Cya-

1112 2327 1202 2351 neas
1224 2321 1338 2365 atque
1359 2315 1563 2365 Triopium
1591 2324 1777 2364 promon-

1112 2372 1254 2408 torium
1284 2377 1321 2407 et
1355 2371 1522 2408 Sunium
1548 2373 1775 2419 promonto-

1113 2429 1213 2463 rium
1241 2428 1333 2463 sitae
1367 2428 1464 2476 regis
1496 2424 1630 2461 ditioni
1664 2422 1774 2461 addi-

1114 2490 1198 2520 ctae
1220 2490 1348 2530 erant,
1386 2489 1429 2519 ut
1473 2482 1584 2530 Ceus,
1628 2478 1774 2527 Naxus,

1116 2539 1285 2590 Siplmus,
1307 2539 1494 2590 Seriphus,
1524 2537 1679 2585 Andrus,
1705 2536 1773 2574 Te·-

1111 2610 1178 2634 uus
1208 2595 1303 2646 (vid.
1317 2594 1460 2632 Herod.
1480 2596 1578 2642 VIII,
1609 2591 1675 2634 46.
1704 2591 1773 2633 48-

1112 2656 1166 2694 82
1197 2654 1284 2690 coll.
1313 2650 1535 2704 Thucydid.
1573 2651 1654 2698 VII,
1685 2649 1771 2697 57),

1112 2710 1281 2760 Cyclades
1300 2711 1415 2760 vulgo
1437 2680 1695 2760 appellantur,
1724 2703 1773 2741 ad

1111 2780 1203 2818 quas
1244 2768 1342 2817 ipsas
1366 2740 1485 2816 0apud
1532 2762 1771 2801 Herodotum

1108 2830 1278 2873 spectare
1298 2823 1414 2861 verba
1436 2817 1598 2872 νήσους,
1622 2830 1771 2869 νησιω-

1108 2895 1178 2927 τας
1211 2881 1289 2916 iam
1319 2879 1368 2916 ad
1396 2879 1440 2927 V,
1462 2881 1515 2919 30
1534 2876 1600 2914 fin.
1620 2870 1769 2911 notavi-
