1815 3181
384 195 441 234 68
792 170 1257 216 HERODOTI

61 315 336 381 ἑξὲξῑὲ-ἒὸῃῐξὲἶὲῐ-
394 301 466 346 καὶ
502 300 645 353 Τῆλυν
675 291 751 335 τόν
783 288 957 332 ἑωυτῶν
994 279 1173 339 βασιλέα
1210 276 1280 320 ἐπὶ
1311 272 1527 327 Κρότωνα
1556 267 1651 322 μέλ·
1666 273 1712 307 60

62 381 336 450 ἱιὲιὲιῐὲῗίἑιοοὺεῌο
399 374 490 413 λειν
519 360 851 416 στρατεύεσθαι·
893 368 996 401 τους
1027 350 1072 393 δὲ
1101 341 1408 402 Κροτωνιήτας
1436 335 1657 391 περιδεέας

204 438 212 454 Ί

395 432 680 493 γενομένους,
712 428 923 481 δεηθῆναι
952 418 1149 471 Δωριέος
1182 427 1262 470 σφι
1290 412 1556 466 τιμωρῆσαι,
1585 402 1660 447 καὶ

398 508 541 558 τυχεῖν
575 496 829 552 δεηθέντας’
863 484 1232 543 συστρατεύεσθαί
1261 496 1304 523 τε
1335 479 1388 534 δὴ
1419 475 1484 519 ἐπὶ
1515 471 1662 527 Σύβα·

370 583 473 628 Ξριν
502 565 700 620 Δωριέα,
729 560 803 604 καὶ
833 560 1029 602 συνελεῖν
1058 553 1138 608 τὴν
1159 549 1375 604 Σύβαριν.
1418 545 1555 586 ταῦτα

1583 537 1662 593 μέν

398 656 481 683 νυν
509 636 759 689 Συβαρῖται
789 626 965 682 λέγουσι
993 625 1173 675 ποιῆσαι
1194 615 1368 668 Δωριέα
1387 628 1431 655 τε
1458 609 1531 653 καὶ
1558 604 1663 655 τοὺς
1675 607 1719 643 65

373 704 497 763 3μετ’
534 700 686 745 αὐτοῦ.
719 697 1025 749 Κροτωνιῆται
1055 690 1100 733 aiz
1121 685 1281 730 οὐδένα
1301 683 1426 737 σφίσι
1454 675 1562 732 φασὶ
1591 674 1665 724 ξεῖ-

403 789 484 818 νον
526 764 924 824 προσεπιλαβέσθαι
962 759 1043 801 τοῦ
1092 754 1204 808 πρὸς
1242 749 1494 807 Συβαρίτας
1543 740 1667 786 πολέ-

405 858 513 898 μου,

374 913 601 967 εμοῦνον·

410 983 490 1021 τοῦ
530 968 814 1029 Συβαριτέων
863 963 976 1020 τυροὲ

358 1167 481 1205 ’barim
501 1162 718 1212 accepimus
751 1170 772 1192 a
793 1151 1021 1192 Crotoniatis

359 1224 526 1261 dirutam
547 1220 658 1254 fuisse
671 1227 771 1251 anno
784 1213 865 1253 510
880 1223 913 1246 a.
932 1206 1022 1244 Chr.

361 1295 401 1317 u.
443 1277 549 1325 (vel,
590 1281 633 1310 ut
664 1269 855 1308 Larchero
887 1267 1022 1317 placet,

364 1336 446 1377 507
468 1347 501 1369 a.
525 1330 614 1368 Chr.
635 1332 715 1377 ιι),
752 1325 886 1362 incolis
907 1319 1024 1357 modo

363 1390 588 1432 interfectis,
608 1385 725 1423 modo
758 1395 827 1433 per
848 1381 920 1416 alia
940 1389 1027 1413 ma—

368 1460 465 1499 gnae
478 1445 658 1483 Graeciae
679 1438 818 1491 oppida
841 1435 1026 1486 dispersis,

370 1505 492 1542 donec
515 1513 615 1538 anno
638 1497 718 1538 444
741 1509 790 1532 ex
802 1492 962 1530 Athenis
984 1501 1029 1525 eo

372 1560 535 1598 deducta
557 1563 611 1593 est
631 1554 779 1591 colonia
794 1581 803 1599 ,
834 1562 932 1601 quae
952 1559 1033 1583 non

373 1616 506 1668 procul
545 1627 567 1649 a
605 1618 733 1648 vetere
763 1609 856 1644 urbe
892 1615 1035 1641 novam

378 1673 594 1711 Tlaeum‘orum
611 1665 781 1704 condidit
793 1664 940 1699 urbem.
972 1661 1037 1695 Tu

376 1729 454 1767 vid.
487 1727 728 1778 potissimum
765 1719 922 1757 Diodor.
950 1717 1037 1761 XII,

379 1788 418 1825 9.
446 1787 512 1824 10.
551 1783 667 1818 Plura
689 1779 793 1815 dabit
813 1778 854 1812 C.
876 1777 918 1811 F.
939 1775 1041 1809 Her-

379 1853 512 1878 mann.
532 1834 738 1875 Lehrbuch
755 1842 825 1870 etc.
847 1834 948 1878 §.80
960 1835 1042 1865 not.

384 1901 435 1938 19
457 1910 536 1948 seq.

441 1952 509 1992 καὶ
543 1948 709 1999 Τῆλυν]
743 1940 1048 1995 „Tyrannidem

387 2013 660 2060 occupaverat,
691 2002 828 2039 eadem
848 2001 950 2050 prius
979 1997 1049 2033 de-

389 2069 531 2110 iectus,
583 2074 705 2113 quum
738 2058 931 2108 Sybaritas
951 2056 1051 2090 inter

393 2130 429 2159 et
450 2121 684 2158 Crotoniatas
713 2115 857 2152 bellum
889 2109 1051 2147 exarde-

393 2184 513 2216 sceret
529 2206 538 2223 ,
558 2177 600 2211 ni
622 2170 838 2209 Heraclides
857 2169 1051 2212 Ponticus,

397 2234 501 2287 qnod
533 2233 690 2267 arbitror
704 2257 714 2274 ,
745 2227 849 2263 fallat
870 2225 909 2260 in
930 2222 1053 2259 Athe-

396 2305 481 2329 nae.
504 2290 577 2326 X11
600 2286 662 2335 [4]
685 2299 723 2335 p.
745 2284 822 2324 521
846 2282 892 2317 Ε.
923 2280 1054 2316 Potior

398 2345 594 2391 Herodoti,
624 2343 678 2378 illi
698 2339 882 2391 propioris
901 2343 1052 2385 tempo-

401 2407 430 2441 ri
445 2434 453 2449 ‚
495 2401 713 2442 auctorita53
762 2396 824 2432 cui
870 2391 1059 2429 Diodorus

404 2461 490 2505 ΧΠ,
508 2461 546 2504 9,
569 2457 674 2507 paria
694 2454 797 2497 facit,
826 2446 1060 2499 δημαγωγὸν

404 2516 600 2567 adpellans
614 2542 623 2558 ,
655 2511 797 2562 quippe
818 2504 956 2543 blanda
975 2505 1063 2542 vul-

406 2587 476 2620 gns
497 2572 665 2608 oratione
698 2565 747 2601 ad
776 2563 929 2601 ditiores
951 2562 1064 2596 exilio

408 2626 646 2672 multandos,
683 2620 786 2659 unde
816 2620 905 2656 belli
924 2616 1067 2668 Pytha-

411 2699 526 2735 gorae
549 2689 669 2719 aetate
690 2679 785 2729 gesti
805 2677 932 2725 origo,
971 2686 1067 2710 con—

413 2745 606 2779 citantem.
664 2733 861 2772 Consimili
882 2732 1069 2781 δημαγω-

411 2801 487 2853 γοῦ
506 2797 614 2834 titulo
628 2791 833 2845 Cypselum
849 2785 1068 2825 Corinthio-

557 839 594 881 εἰ
623 836 680 892 μὴ
712 832 905 886 Καλλίην
946 829 1034 870 τῶν
1065 820 1289 877 Ἰαμιδέων
1319 816 1475 873 μάντιν
1501 812 1670 854 Ἠλεῖον
1742 823 1815 864 393

653 903 726 946 καὶ
756 903 915 943 τοῦτον
948 892 1097 950 τρόπῳ
1126 890 1292 945 τοιῷδε.
1345 881 1465 937 παροὶ
1502 878 1729 936 Τήλυος70

979 977 1090 1006 ννου
1131 954 1387 1010 ἀποδράντα
1439 948 1676 994 ἀπικέσθαι

1078 1159 1165 1184 rum
1191 1152 1411 1196 tyrannum,
1432 1134 1651 1175 Aristoteles
1672 1143 1737 1166 or-

1078 1211 1144 1241 nat
1164 1203 1277 1238 Polit.
1298 1200 1343 1246 V,
1365 1211 1448 1247 cap.
1473 1194 1575 1230 ult.‘⁴
1611 1188 1739 1225 Wes—

1081 1261 1256 1306 selz'ng.
1299 1258 1356 1292 De
1386 1256 1467 1304 ipsa
1486 1261 1581 1287 voce
1608 1246 1740 1293 Τῆλυν

1084 1317 1149 1354 Cr.
1171 1315 1270 1352 conf.
1293 1309 1536 1349 Doederlein.
1593 1304 1651 1339 De
1670 1312 1743 1337 vo-

1083 1373 1218 1411 cabulo
1276 1363 1496 1419 Τηλύγετος
1553 1359 1744 1409 (Erlang.

1087 1428 1223 1475 1825)
1254 1439 1342 1477 pag.
1378 1426 1441 1463 12.
1504 1420 1600 1455 Mox
1637 1415 1748 1467 βασι-

1087 1486 1155 1525 λέα
1175 1484 1263 1521 dedi
1283 1495 1351 1533 pro
1374 1479 1544 1531 βασιλῆα
1566 1481 1604 1510 et
1631 1470 1748 1523 paulo

1089 1549 1174 1593 post
1207 1553 1300 1586 σφι
1331 1533 1559 1587 ’τιμωρῆσαι
1597 1543 1618 1566 e
1647 1529 1750 1566 San-

1094 1598 1205 1636 crofti
1226 1598 1334 1642 libro,
1354 1594 1421 1629 ubi
1440 1589 1576 1640 reliqui
1599 1597 1621 1626 σ
1634 1584 1725 1634 φίσ
1737 1595 1752 1620 ι

1093 1656 1328 1705 τιμωρῆσαι,
1349 1647 1454 1701 quod
1468 1645 1633 1697 praefert
1650 1642 1754 1677 Mat-

1094 1712 1196 1750 thiae
1212 1741 1221 1757 ,
1253 1720 1368 1760 quem
1390 1704 1490 1742 conf.
1512 1701 1560 1738 ad
1580 1702 1610 1747 I,
1632 1699 1699 1738 57.

1155 1764 1300 1806 ου’ὅὲνα
1342 1762 1455 1811 σφίσι
1493 1757 1593 1808 φασὶ
1625 1756 1757 1801 ξεῖνον

1098 1818 1464 1874 προσεπιλαβέσθαι
1477 1817 1549 1854 τοῦ
1560 1809 1660 1862 πρὸς
1673 1812 1759 1847 Συ-

1103 1880 1266 1933 βαρίτας
1294 1873 1496 1925 πολέμου]
1537 1872 1564 1906 i.
1585 1882 1620 1905 e.
1649 1865 1761 1903 nemi-

1103 1949 1178 1975 nem
1194 1935 1416 1986 peregrinum
1436 1932 1528 1979 ipsos
1544 1927 1606 1964 hoc
1625 1926 1663 1961 in
1675 1920 1762 1959 bello

1106 1994 1296 2030 adiuvisse.
1329 1988 1503 2026 Verbum
1526 1983 1762 2027 συνεπιλαμ-

1109 2047 1308 2102 βάνεσθαι
1340 2043 1480 2083 eodem
1507 2041 1585 2077 fere
1615 2034 1764 2087 signifi-

1107 2113 1194 2144 catu
1222 2106 1269 2151 V,
1300 2101 1368 2144 45.
1397 2101 1463 2147 111,
1483 2097 1537 2138 48
1568 2096 1652 2131 init.
1707 2092 1767 2127 De

1109 2162 1259 2201 Iamidis
1273 2190 1284 2207 ‚
1334 2158 1470 2210 quibus
1524 2151 1767 2190 oraculorum

1109 2232 1199 2256 cura
1237 2216 1286 2254 ad
1313 2216 1412 2252 Iovis
1443 2208 1633 2262 Olympici
1661 2216 1769 2242 aram

1109 2278 1182 2312 fuit
1202 2274 1421 2318 commissa,
1452 2269 1499 2305 ab
1519 2268 1626 2303 Iamo
1645 2261 1771 2312 Apol-

1112 2334 1210 2378 linis,
1227 2338 1268 2367 ut
1286 2329 1470 2373 ferebant,
1490 2323 1568 2360 filio
1588 2316 1784 2364 oriundis„

1114 2390 1201 2426 satis
1238 2387 1359 2424 multa
1396 2379 1583 2420 Pindarus
1618 2377 1774 2427 Olymp-

1116 2447 1180 2491 Vl,
1203 2445 1268 2481 ubi
1289 2441 1433 2479 consul.
1443 2440 1678 2487 interpretes.
1699 2430 1775 2477 Qui

1120 2514 1241 2553 quum
1264 2513 1313 2535 ex
1333 2495 1531 2548 ignispicio
1551 2504 1609 2529 res
1628 2491 1774 2526 futuras

1122 2563 1323 2601 canerent,
1353 2554 1468 2591 verba
1487 2562 1594 2600 seqq.
1619 2544 1704 2586 ἐπεί
1735 2539 1776 2581 τέ

1125 2614 1165 2654 οἷ
1188 2611 1234 2652 τοὶ
1247 2609 1312 2664 ἱροὶ
1334 2606 1382 2650 οὐ
1395 2603 1614 2661 προεχώρεε
1629 2594 1777 2653 χρηστοὶ

1123 2668 1314 2721 θυομένῳ
1359 2668 1412 2715 (i.
1442 2678 1475 2704 e.
1507 2672 1609 2711 quum
1637 2655 1779 2706 sacrifi-

1125 2728 1223 2763 canti
1260 2737 1364 2761 sacra
1401 2734 1467 2758 non
1488 2717 1647 2768 feliciter
1679 2711 1778 2749 cede-

1123 2781 1217 2833 rent)
1240 2781 1287 2818 de
1309 2781 1373 2817 tali
1391 2770 1622 2816 vaticinandi
1641 2779 1782 2821 genere
