<?xml version="1.0" encoding="UTF-8"?>
<!DOCTYPE html PUBLIC "-//W3C//DTD XHTML 1.0 Transitional//EN"
    "http://www.w3.org/TR/xhtml1/DTD/xhtml1-transitional.dtd">
<html xmlns="http://www.w3.org/1999/xhtml" xml:lang="en" lang="en">
 <head>
  <title>
</title>
<meta http-equiv="Content-Type" content="text/html;charset=utf-8" />
  <meta name='ocr-system' content='tesseract 3.04.00' />
  <meta name='ocr-capabilities' content='ocr_page ocr_carea ocr_par ocr_line ocrx_word'/>
</head>
<body>
  <div class='ocr_page' id='page_1' title='image "./musaeherodoto03hero_0840.png"; bbox 0 0 1806 3181; ppageno 0'>
   <div class='ocr_carea' id='block_1_1' title="bbox 283 146 1192 186">
    <p class='ocr_par' dir='ltr' id='par_1_1' title="bbox 283 146 1192 186">
     <span class='ocr_line' id='line_1_1' title="bbox 283 146 1192 186; baseline -0.001 0"><span class='ocrx_word' id='word_1_1' title='bbox 283 146 366 186; x_wconf 75' lang='lat'><strong>824</strong></span> <span class='ocrx_word' id='word_1_2' title='bbox 845 146 1192 185; x_wconf 91' lang='lat' dir='ltr'><strong>ADDENDA</strong></span> 
     </span>
    </p>
   </div>
   <div class='ocr_carea' id='block_1_2' title="bbox 283 254 1787 309">
    <p class='ocr_par' dir='ltr' id='par_1_2' title="bbox 283 254 1787 309">
     <span class='ocr_line' id='line_1_2' title="bbox 283 254 1787 309; baseline 0.004 -21"><span class='ocrx_word' id='word_1_3' title='bbox 283 254 336 289; x_wconf 89' lang='lat' dir='ltr'><strong>Ad</strong></span> <span class='ocrx_word' id='word_1_4' title='bbox 358 254 435 297; x_wconf 87' lang='lat' dir='ltr'><strong>VII,</strong></span> <span class='ocrx_word' id='word_1_5' title='bbox 458 255 502 289; x_wconf 87' lang='lat'><strong>95</strong></span> <span class='ocrx_word' id='word_1_6' title='bbox 527 265 603 299; x_wconf 85' lang='lat' dir='ltr'>pag.</span> <span class='ocrx_word' id='word_1_7' title='bbox 626 254 706 289; x_wconf 84' lang='lat'>574.</span> <span class='ocrx_word' id='word_1_8' title='bbox 752 254 855 289; x_wconf 88' lang='lat' dir='ltr'><strong>Tales</strong></span> <span class='ocrx_word' id='word_1_9' title='bbox 883 256 1015 297; x_wconf 73' lang='lat' dir='ltr'><strong>Cilices,</strong></span> <span class='ocrx_word' id='word_1_10' title='bbox 1039 257 1154 302; x_wconf 84' lang='lat' dir='ltr'><strong>quales</strong></span> <span class='ocrx_word' id='word_1_11' title='bbox 1178 261 1315 291; x_wconf 81' lang='lat' dir='ltr'><strong>enarrat</strong></span> <span class='ocrx_word' id='word_1_12' title='bbox 1338 257 1554 301; x_wconf 85' lang='lat' dir='ltr'><strong>Herodotus,</strong></span> <span class='ocrx_word' id='word_1_13' title='bbox 1591 260 1625 293; x_wconf 87' lang='lat' dir='ltr'><strong>in</strong></span> <span class='ocrx_word' id='word_1_14' title='bbox 1648 259 1747 295; x_wconf 84' lang='lat' dir='ltr'><strong>rude·</strong></span> <span class='ocrx_word' id='word_1_15' title='bbox 1786 306 1787 309; x_wconf 11' lang='grc' dir='ltr'><strong>Ἴ</strong></span> 
     </span>
    </p>
   </div>
   <div class='ocr_carea' id='block_1_3' title="bbox 498 300 1690 349">
    <p class='ocr_par' dir='ltr' id='par_1_3' title="bbox 498 300 1690 349">
     <span class='ocr_line' id='line_1_3' title="bbox 498 300 1690 349; baseline 0.004 -15"><span class='ocrx_word' id='word_1_16' title='bbox 498 301 590 334; x_wconf 87' lang='lat' dir='ltr'><strong>ribus</strong></span> <span class='ocrx_word' id='word_1_17' title='bbox 613 300 878 345; x_wconf 84' lang='lat' dir='ltr'><strong>Persepolitanis</strong></span> <span class='ocrx_word' id='word_1_18' title='bbox 900 301 1048 347; x_wconf 80' lang='lat' dir='ltr'><strong>conspici</strong></span> <span class='ocrx_word' id='word_1_19' title='bbox 1070 303 1268 336; x_wconf 82' lang='lat' dir='ltr'><strong>Hammerus</strong></span> <span class='ocrx_word' id='word_1_20' title='bbox 1292 303 1462 337; x_wconf 83' lang='lat' dir='ltr'><strong>contendit</strong></span> <span class='ocrx_word' id='word_1_21' title='bbox 1484 303 1506 338; x_wconf 92' lang='lat' dir='ltr'><strong>l.</strong></span> <span class='ocrx_word' id='word_1_22' title='bbox 1531 305 1552 338; x_wconf 94' lang='lat' dir='ltr'><strong>l.</strong></span> <span class='ocrx_word' id='word_1_23' title='bbox 1577 316 1610 349; x_wconf 89' lang='lat' dir='ltr'><strong>p.</strong></span> <span class='ocrx_word' id='word_1_24' title='bbox 1637 307 1690 340; x_wconf 89' lang='lat'><strong>16.</strong></span> 
     </span>
    </p>
   </div>
   <div class='ocr_carea' id='block_1_4' title="bbox 282 356 1788 404">
    <p class='ocr_par' dir='ltr' id='par_1_4' title="bbox 282 356 1788 404">
     <span class='ocr_line' id='line_1_4' title="bbox 282 356 1788 404; baseline 0.005 -14"><span class='ocrx_word' id='word_1_25' title='bbox 282 356 334 390; x_wconf 82' lang='lat' dir='ltr'><strong>Ad</strong></span> <span class='ocrx_word' id='word_1_26' title='bbox 357 356 433 398; x_wconf 87' lang='lat' dir='ltr'><strong>VII,</strong></span> <span class='ocrx_word' id='word_1_27' title='bbox 456 357 500 392; x_wconf 90' lang='lat'><strong>95</strong></span> <span class='ocrx_word' id='word_1_28' title='bbox 518 368 595 401; x_wconf 86' lang='lat' dir='ltr'><strong>pag.</strong></span> <span class='ocrx_word' id='word_1_29' title='bbox 611 358 678 391; x_wconf 90' lang='lat'><strong>577</strong></span> <span class='ocrx_word' id='word_1_30' title='bbox 701 357 758 391; x_wconf 91' lang='lat' dir='ltr'><strong>lin.</strong></span> <span class='ocrx_word' id='word_1_31' title='bbox 782 359 815 392; x_wconf 88' lang='lat'><strong>7.</strong></span> <span class='ocrx_word' id='word_1_32' title='bbox 860 359 912 392; x_wconf 91' lang='lat' dir='ltr'><strong>Ad</strong></span> <span class='ocrx_word' id='word_1_33' title='bbox 935 359 1132 393; x_wconf 89' lang='lat' dir='ltr'><strong>locutionem</strong></span> <span class='ocrx_word' id='word_1_34' title='bbox 1156 357 1251 394; x_wconf 76' lang='grc' dir='ltr'><strong>κατὰ</strong></span> <span class='ocrx_word' id='word_1_35' title='bbox 1282 357 1401 404; x_wconf 75' lang='grc' dir='ltr'><strong><em>χώρην</em></strong></span> <span class='ocrx_word' id='word_1_36' title='bbox 1423 356 1545 402; x_wconf 79' lang='grc' dir='ltr'><strong><em>μένειν</em></strong></span> <span class='ocrx_word' id='word_1_37' title='bbox 1580 363 1667 396; x_wconf 81' lang='lat' dir='ltr'><strong>conf.</strong></span> <span class='ocrx_word' id='word_1_38' title='bbox 1692 366 1745 397; x_wconf 79' lang='lat' dir='ltr'><strong>et-</strong></span> <span class='ocrx_word' id='word_1_39' title='bbox 1786 399 1788 403; x_wconf 66' lang='lat'>,</span> 
     </span>
    </p>
   </div>
   <div class='ocr_carea' id='block_1_5' title="bbox 497 402 1464 450">
    <p class='ocr_par' dir='ltr' id='par_1_5' title="bbox 497 402 1464 450">
     <span class='ocr_line' id='line_1_5' title="bbox 497 402 1464 450; baseline 0.005 -14"><span class='ocrx_word' id='word_1_40' title='bbox 497 403 564 436; x_wconf 89' lang='lat' dir='ltr'><strong>iam</strong></span> <span class='ocrx_word' id='word_1_41' title='bbox 586 402 676 436; x_wconf 90' lang='lat' dir='ltr'><strong>Held</strong></span> <span class='ocrx_word' id='word_1_42' title='bbox 698 403 741 437; x_wconf 88' lang='lat' dir='ltr'><strong>ad</strong></span> <span class='ocrx_word' id='word_1_43' title='bbox 765 403 938 438; x_wconf 81' lang='lat' dir='ltr'>Plutarch.</span> <span class='ocrx_word' id='word_1_44' title='bbox 961 404 1081 440; x_wconf 90' lang='lat' dir='ltr'><strong>Aemil.</strong></span> <span class='ocrx_word' id='word_1_45' title='bbox 1105 405 1199 440; x_wconf 84' lang='lat' dir='ltr'>Paul.</span> <span class='ocrx_word' id='word_1_46' title='bbox 1223 405 1305 439; x_wconf 78' lang='lat' dir='ltr'><strong>XVI</strong></span> <span class='ocrx_word' id='word_1_47' title='bbox 1327 417 1361 450; x_wconf 88' lang='lat' dir='ltr'><strong>p.</strong></span> <span class='ocrx_word' id='word_1_48' title='bbox 1385 406 1464 441; x_wconf 74' lang='lat'>200.</span> 
     </span>
    </p>
   </div>
   <div class='ocr_carea' id='block_1_6' title="bbox 281 459 1806 643">
    <p class='ocr_par' dir='ltr' id='par_1_6' title="bbox 281 451 1806 643">
     <span class='ocr_line' id='line_1_6' title="bbox 281 459 1744 505; baseline 0.003 -12"><span class='ocrx_word' id='word_1_49' title='bbox 281 459 330 493; x_wconf 88' lang='lat' dir='ltr'><strong>Ad</strong></span> <span class='ocrx_word' id='word_1_50' title='bbox 364 459 440 503; x_wconf 87' lang='lat' dir='ltr'><strong>VII,</strong></span> <span class='ocrx_word' id='word_1_51' title='bbox 476 461 541 494; x_wconf 91' lang='grc'><strong>100</strong></span> <span class='ocrx_word' id='word_1_52' title='bbox 573 471 650 503; x_wconf 85' lang='lat' dir='ltr'><strong>pag.</strong></span> <span class='ocrx_word' id='word_1_53' title='bbox 683 461 760 496; x_wconf 84' lang='lat'>583.</span> <span class='ocrx_word' id='word_1_54' title='bbox 808 460 867 502; x_wconf 89' lang='lat' dir='ltr'><strong>Iis,</strong></span> <span class='ocrx_word' id='word_1_55' title='bbox 899 472 988 505; x_wconf 89' lang='lat' dir='ltr'><strong>quae</strong></span> <span class='ocrx_word' id='word_1_56' title='bbox 1018 460 1053 494; x_wconf 90' lang='lat' dir='ltr'><strong>in</strong></span> <span class='ocrx_word' id='word_1_57' title='bbox 1082 464 1163 495; x_wconf 87' lang='lat' dir='ltr'><strong>nota</strong></span> <span class='ocrx_word' id='word_1_58' title='bbox 1198 461 1240 494; x_wconf 92' lang='lat' dir='ltr'><strong>de</strong></span> <span class='ocrx_word' id='word_1_59' title='bbox 1264 463 1414 496; x_wconf 76' lang='lat' dir='ltr'><strong>Sidoniis</strong></span> <span class='ocrx_word' id='word_1_60' title='bbox 1444 462 1534 495; x_wconf 87' lang='lat' dir='ltr'><strong>inter</strong></span> <span class='ocrx_word' id='word_1_61' title='bbox 1556 462 1744 497; x_wconf 73' lang='lat' dir='ltr'><strong>Phoenices</strong></span> 
     </span>
     <span class='ocr_line' id='line_1_7' title="bbox 494 504 1804 551; baseline 0.005 -14"><span class='ocrx_word' id='word_1_62' title='bbox 494 504 746 548; x_wconf 77' lang='lat' dir='ltr'><strong>praestantibus</strong></span> <span class='ocrx_word' id='word_1_63' title='bbox 776 517 814 539; x_wconf 88' lang='lat' dir='ltr'><strong>re</strong></span> <span class='ocrx_word' id='word_1_64' title='bbox 845 506 956 540; x_wconf 85' lang='lat' dir='ltr'><strong>navali</strong></span> <span class='ocrx_word' id='word_1_65' title='bbox 989 506 1080 550; x_wconf 82' lang='lat' dir='ltr'><strong>dixi,</strong></span> <span class='ocrx_word' id='word_1_66' title='bbox 1103 507 1145 540; x_wconf 84' lang='lat' dir='ltr'><strong>iis</strong></span> <span class='ocrx_word' id='word_1_67' title='bbox 1169 507 1246 543; x_wconf 89' lang='lat' dir='ltr'><strong>add.</strong></span> <span class='ocrx_word' id='word_1_68' title='bbox 1269 507 1393 551; x_wconf 84' lang='lat' dir='ltr'><strong>Hitzig.</strong></span> <span class='ocrx_word' id='word_1_69' title='bbox 1417 508 1453 541; x_wconf 90' lang='lat' dir='ltr'><strong>in</strong></span> <span class='ocrx_word' id='word_1_70' title='bbox 1478 508 1677 542; x_wconf 85' lang='lat' dir='ltr'><strong>Commentt.</strong></span> <span class='ocrx_word' id='word_1_71' title='bbox 1703 509 1746 543; x_wconf 85' lang='lat' dir='ltr'><strong>ad</strong></span> <span class='ocrx_word' id='word_1_72' title='bbox 1801 510 1804 516; x_wconf 85' lang='lat'>&#39;</span> 
     </span>
     <span class='ocr_line' id='line_1_8' title="bbox 493 551 1806 597; baseline 0.005 -14"><span class='ocrx_word' id='word_1_73' title='bbox 493 551 634 584; x_wconf 89' lang='lat' dir='ltr'><strong>Iesaiam</strong></span> <span class='ocrx_word' id='word_1_74' title='bbox 667 562 701 594; x_wconf 89' lang='lat' dir='ltr'><strong>p.</strong></span> <span class='ocrx_word' id='word_1_75' title='bbox 734 553 815 591; x_wconf 74' lang='lat'><strong>277,</strong></span> <span class='ocrx_word' id='word_1_76' title='bbox 841 552 901 586; x_wconf 92' lang='lat' dir='ltr'><strong>ubi</strong></span> <span class='ocrx_word' id='word_1_77' title='bbox 922 552 1007 586; x_wconf 89' lang='lat' dir='ltr'><strong>hanc</strong></span> <span class='ocrx_word' id='word_1_78' title='bbox 1029 552 1165 586; x_wconf 85' lang='lat' dir='ltr'><strong>Sidonis</strong></span> <span class='ocrx_word' id='word_1_79' title='bbox 1195 554 1445 597; x_wconf 82' lang='lat' dir='ltr'><strong>praestantiam,</strong></span> <span class='ocrx_word' id='word_1_80' title='bbox 1469 554 1500 588; x_wconf 89' lang='lat' dir='ltr'><strong>si</strong></span> <span class='ocrx_word' id='word_1_81' title='bbox 1523 565 1597 587; x_wconf 89' lang='lat' dir='ltr'><strong>cum</strong></span> <span class='ocrx_word' id='word_1_82' title='bbox 1619 553 1746 597; x_wconf 76' lang='lat' dir='ltr'><strong>Tyrio·</strong></span> <span class='ocrx_word' id='word_1_83' title='bbox 1794 558 1806 589; x_wconf 72' lang='lat'><strong>²}</strong></span> 
     </span>
     <span class='ocr_line' id='line_1_9' title="bbox 491 597 1801 643; baseline 0.004 -15"><span class='ocrx_word' id='word_1_84' title='bbox 491 607 566 629; x_wconf 91' lang='lat' dir='ltr'><strong>nem</strong></span> <span class='ocrx_word' id='word_1_85' title='bbox 596 597 698 629; x_wconf 71' lang='lat' dir='ltr'><strong>robus</strong></span> <span class='ocrx_word' id='word_1_86' title='bbox 730 608 976 642; x_wconf 89' lang='lat' dir='ltr'><strong>comparemus,</strong></span> <span class='ocrx_word' id='word_1_87' title='bbox 1011 609 1030 630; x_wconf 92' lang='lat' dir='ltr'><strong>e</strong></span> <span class='ocrx_word' id='word_1_88' title='bbox 1065 598 1152 641; x_wconf 89' lang='lat' dir='ltr'><strong>Tyri</strong></span> <span class='ocrx_word' id='word_1_89' title='bbox 1177 598 1348 631; x_wconf 85' lang='lat' dir='ltr'><strong>obsidione</strong></span> <span class='ocrx_word' id='word_1_90' title='bbox 1369 599 1478 642; x_wconf 87' lang='lat' dir='ltr'><strong>repeti</strong></span> <span class='ocrx_word' id='word_1_91' title='bbox 1500 599 1594 642; x_wconf 87' lang='lat' dir='ltr'><strong>vult,</strong></span> <span class='ocrx_word' id='word_1_92' title='bbox 1619 599 1745 643; x_wconf 85' lang='lat' dir='ltr'><strong>quippe</strong></span> <span class='ocrx_word' id='word_1_93' title='bbox 1797 623 1801 627; x_wconf 86' lang='lat'><em>-</em></span> 
     </span>
    </p>
   </div>
   <div class='ocr_carea' id='block_1_7' title="bbox 493 641 1806 687">
    <p class='ocr_par' dir='ltr' id='par_1_7' title="bbox 493 641 1806 687">
     <span class='ocr_line' id='line_1_10' title="bbox 493 641 1806 687; baseline 0.003 -13"><span class='ocrx_word' id='word_1_94' title='bbox 493 644 561 685; x_wconf 71' lang='lat' dir='ltr'><strong>qua</strong></span> <span class='ocrx_word' id='word_1_95' title='bbox 599 641 779 686; x_wconf 78' lang='lat' dir='ltr'><strong>Tyriorum</strong></span> <span class='ocrx_word' id='word_1_96' title='bbox 810 643 900 676; x_wconf 87' lang='lat' dir='ltr'><strong>vires</strong></span> <span class='ocrx_word' id='word_1_97' title='bbox 915 643 1013 676; x_wconf 86' lang='lat' dir='ltr'><strong>valde</strong></span> <span class='ocrx_word' id='word_1_98' title='bbox 1037 648 1072 676; x_wconf 91' lang='lat' dir='ltr'><strong>et</strong></span> <span class='ocrx_word' id='word_1_99' title='bbox 1094 644 1127 676; x_wconf 90' lang='lat' dir='ltr'><strong>in</strong></span> <span class='ocrx_word' id='word_1_100' title='bbox 1150 644 1283 687; x_wconf 88' lang='lat' dir='ltr'><strong>longum</strong></span> <span class='ocrx_word' id='word_1_101' title='bbox 1305 648 1437 687; x_wconf 88' lang='lat' dir='ltr'><strong>tempus</strong></span> <span class='ocrx_word' id='word_1_102' title='bbox 1458 643 1525 677; x_wconf 87' lang='lat' dir='ltr'><strong>sint</strong></span> <span class='ocrx_word' id='word_1_103' title='bbox 1553 645 1746 678; x_wconf 82' lang='lat' dir='ltr'><strong>deminutae</strong></span> <span class='ocrx_word' id='word_1_104' title='bbox 1801 649 1806 662; x_wconf 78' lang='lat'><strong><em>‘</em></strong></span> 
     </span>
    </p>
   </div>
   <div class='ocr_carea' id='block_1_8' title="bbox 491 686 1735 778">
    <p class='ocr_par' dir='ltr' id='par_1_8' title="bbox 491 686 1735 778">
     <span class='ocr_line' id='line_1_11' title="bbox 491 686 1735 733; baseline 0.004 -14"><span class='ocrx_word' id='word_1_105' title='bbox 491 686 637 731; x_wconf 90' lang='lat' dir='ltr'><strong>indeque</strong></span> <span class='ocrx_word' id='word_1_106' title='bbox 665 689 812 731; x_wconf 85' lang='lat' dir='ltr'><strong>factum,</strong></span> <span class='ocrx_word' id='word_1_107' title='bbox 841 693 880 721; x_wconf 92' lang='lat' dir='ltr'><strong>ut</strong></span> <span class='ocrx_word' id='word_1_108' title='bbox 913 689 1163 729; x_wconf 81' lang='lat' dir='ltr'><strong>commercium,</strong></span> <span class='ocrx_word' id='word_1_109' title='bbox 1199 701 1263 733; x_wconf 91' lang='lat' dir='ltr'><strong>quo</strong></span> <span class='ocrx_word' id='word_1_110' title='bbox 1295 689 1434 724; x_wconf 79' lang='lat' dir='ltr'><strong>maximo</strong></span> <span class='ocrx_word' id='word_1_111' title='bbox 1457 689 1536 724; x_wconf 87' lang='lat' dir='ltr'><strong>olim</strong></span> <span class='ocrx_word' id='word_1_112' title='bbox 1557 689 1735 724; x_wconf 85' lang='lat' dir='ltr'><strong>floruerint</strong></span> 
     </span>
     <span class='ocr_line' id='line_1_12' title="bbox 492 732 1354 778; baseline 0.003 -13"><span class='ocrx_word' id='word_1_113' title='bbox 492 732 608 777; x_wconf 85' lang='lat' dir='ltr'><strong>reique</strong></span> <span class='ocrx_word' id='word_1_114' title='bbox 632 733 759 767; x_wconf 88' lang='lat' dir='ltr'><strong>navalis</strong></span> <span class='ocrx_word' id='word_1_115' title='bbox 780 733 901 778; x_wconf 88' lang='lat' dir='ltr'><strong>peritia</strong></span> <span class='ocrx_word' id='word_1_116' title='bbox 924 734 967 768; x_wconf 88' lang='lat' dir='ltr'><strong>ad</strong></span> <span class='ocrx_word' id='word_1_117' title='bbox 990 734 1147 768; x_wconf 83' lang='lat' dir='ltr'><strong>Sidonios</strong></span> <span class='ocrx_word' id='word_1_118' title='bbox 1169 734 1354 769; x_wconf 88' lang='lat' dir='ltr'><strong>transierit.</strong></span> 
     </span>
    </p>
   </div>
   <div class='ocr_carea' id='block_1_9' title="bbox 283 787 1746 1154">
    <p class='ocr_par' dir='ltr' id='par_1_9' title="bbox 283 787 1746 1154">
     <span class='ocr_line' id='line_1_13' title="bbox 283 787 1746 836; baseline 0.004 -16"><span class='ocrx_word' id='word_1_119' title='bbox 283 788 329 822; x_wconf 64' lang='lat' dir='ltr'><strong>Ad</strong></span> <span class='ocrx_word' id='word_1_120' title='bbox 355 788 432 832; x_wconf 88' lang='lat' dir='ltr'><strong>VII,</strong></span> <span class='ocrx_word' id='word_1_121' title='bbox 457 787 522 824; x_wconf 85' lang='lat'><strong>104</strong></span> <span class='ocrx_word' id='word_1_122' title='bbox 539 800 617 834; x_wconf 83' lang='lat' dir='ltr'><strong>pag.</strong></span> <span class='ocrx_word' id='word_1_123' title='bbox 641 791 710 825; x_wconf 71' lang='lat'><strong>592</strong></span> <span class='ocrx_word' id='word_1_124' title='bbox 732 790 786 824; x_wconf 93' lang='lat' dir='ltr'><strong>lin.</strong></span> <span class='ocrx_word' id='word_1_125' title='bbox 812 793 842 826; x_wconf 88' lang='lat'>1.</span> <span class='ocrx_word' id='word_1_126' title='bbox 889 791 992 834; x_wconf 78' lang='grc' dir='ltr'><em>σιγᾶν</em></span> <span class='ocrx_word' id='word_1_127' title='bbox 1025 788 1150 824; x_wconf 80' lang='grc' dir='ltr'><em>ἐθέλω.</em></span> <span class='ocrx_word' id='word_1_128' title='bbox 1218 791 1291 824; x_wconf 90' lang='lat' dir='ltr'><strong>Hoc</strong></span> <span class='ocrx_word' id='word_1_129' title='bbox 1323 802 1383 835; x_wconf 90' lang='lat' dir='ltr'><strong>pro</strong></span> <span class='ocrx_word' id='word_1_130' title='bbox 1411 788 1544 835; x_wconf 82' lang='grc' dir='ltr'>σιγήσω</span> <span class='ocrx_word' id='word_1_131' title='bbox 1582 791 1662 836; x_wconf 89' lang='lat' dir='ltr'><strong>poni</strong></span> <span class='ocrx_word' id='word_1_132' title='bbox 1686 803 1746 826; x_wconf 87' lang='lat' dir='ltr'><strong>an-</strong></span> 
     </span>
     <span class='ocr_line' id='line_1_14' title="bbox 495 836 1744 882; baseline 0.002 -14"><span class='ocrx_word' id='word_1_133' title='bbox 495 841 592 868; x_wconf 83' lang='lat' dir='ltr'><strong>notat</strong></span> <span class='ocrx_word' id='word_1_134' title='bbox 614 836 739 880; x_wconf 87' lang='lat' dir='ltr'><strong>Negris</strong></span> <span class='ocrx_word' id='word_1_135' title='bbox 761 836 803 871; x_wconf 88' lang='lat' dir='ltr'><strong>ad</strong></span> <span class='ocrx_word' id='word_1_136' title='bbox 828 837 860 870; x_wconf 89' lang='lat' dir='ltr'><strong>h.</strong></span> <span class='ocrx_word' id='word_1_137' title='bbox 883 837 905 870; x_wconf 88' lang='lat'>1.</span> <span class='ocrx_word' id='word_1_138' title='bbox 929 837 1032 870; x_wconf 88' lang='lat' dir='ltr'><strong>multa</strong></span> <span class='ocrx_word' id='word_1_139' title='bbox 1049 836 1197 880; x_wconf 86' lang='lat' dir='ltr'><strong>exempla</strong></span> <span class='ocrx_word' id='word_1_140' title='bbox 1220 837 1377 878; x_wconf 78' lang='lat' dir='ltr'><strong>afferens,</strong></span> <span class='ocrx_word' id='word_1_141' title='bbox 1400 838 1532 882; x_wconf 91' lang='lat' dir='ltr'><strong>quibus,</strong></span> <span class='ocrx_word' id='word_1_142' title='bbox 1556 837 1682 882; x_wconf 87' lang='lat' dir='ltr'><strong>opinor,</strong></span> <span class='ocrx_word' id='word_1_143' title='bbox 1707 838 1744 872; x_wconf 89' lang='lat' dir='ltr'><strong>id</strong></span> 
     </span>
     <span class='ocr_line' id='line_1_15' title="bbox 493 880 1743 927; baseline 0.002 -14"><span class='ocrx_word' id='word_1_144' title='bbox 493 880 757 922; x_wconf 80' lang='lat' dir='ltr'><strong>demonstretur,</strong></span> <span class='ocrx_word' id='word_1_145' title='bbox 793 882 858 915; x_wconf 87' lang='lat' dir='ltr'><strong>iam</strong></span> <span class='ocrx_word' id='word_1_146' title='bbox 891 882 978 927; x_wconf 85' lang='lat' dir='ltr'><strong>apud</strong></span> <span class='ocrx_word' id='word_1_147' title='bbox 1001 886 1133 915; x_wconf 88' lang='lat' dir='ltr'><strong>veteres</strong></span> <span class='ocrx_word' id='word_1_148' title='bbox 1158 884 1312 916; x_wconf 87' lang='lat' dir='ltr'><strong>Graecos</strong></span> <span class='ocrx_word' id='word_1_149' title='bbox 1335 883 1423 915; x_wconf 87' lang='lat' dir='ltr'><strong>hunc</strong></span> <span class='ocrx_word' id='word_1_150' title='bbox 1446 882 1576 916; x_wconf 88' lang='lat' dir='ltr'><strong>dicendi</strong></span> <span class='ocrx_word' id='word_1_151' title='bbox 1601 883 1743 925; x_wconf 86' lang='lat' dir='ltr'><strong>modum,</strong></span> 
     </span>
     <span class='ocr_line' id='line_1_16' title="bbox 494 927 1745 970; baseline 0.003 -12"><span class='ocrx_word' id='word_1_152' title='bbox 494 937 560 970; x_wconf 93' lang='lat' dir='ltr'><strong>quo</strong></span> <span class='ocrx_word' id='word_1_153' title='bbox 584 938 648 960; x_wconf 89' lang='lat' dir='ltr'><strong>uno</strong></span> <span class='ocrx_word' id='word_1_154' title='bbox 673 927 707 960; x_wconf 91' lang='lat' dir='ltr'><strong>in</strong></span> <span class='ocrx_word' id='word_1_155' title='bbox 725 928 826 961; x_wconf 87' lang='lat' dir='ltr'><strong>rebus</strong></span> <span class='ocrx_word' id='word_1_156' title='bbox 849 928 969 961; x_wconf 85' lang='lat' dir='ltr'><strong>futuris</strong></span> <span class='ocrx_word' id='word_1_157' title='bbox 993 928 1175 961; x_wconf 88' lang='lat' dir='ltr'><strong>indicandis</strong></span> <span class='ocrx_word' id='word_1_158' title='bbox 1198 931 1336 962; x_wconf 89' lang='lat' dir='ltr'><strong>nostrae</strong></span> <span class='ocrx_word' id='word_1_159' title='bbox 1359 928 1482 962; x_wconf 87' lang='lat' dir='ltr'><strong>aetatis</strong></span> <span class='ocrx_word' id='word_1_160' title='bbox 1505 929 1632 961; x_wconf 88' lang='lat' dir='ltr'><strong>Graeci</strong></span> <span class='ocrx_word' id='word_1_161' title='bbox 1646 932 1745 962; x_wconf 89' lang='lat' dir='ltr'><strong>utun-</strong></span> 
     </span>
     <span class='ocr_line' id='line_1_17' title="bbox 493 972 1744 1018; baseline 0.002 -14"><span class='ocrx_word' id='word_1_162' title='bbox 493 977 560 1010; x_wconf 86' lang='lat' dir='ltr'><strong>tur,</strong></span> <span class='ocrx_word' id='word_1_163' title='bbox 581 972 769 1006; x_wconf 83' lang='lat' dir='ltr'><strong>invaluisse.</strong></span> <span class='ocrx_word' id='word_1_164' title='bbox 815 974 903 1007; x_wconf 88' lang='lat' dir='ltr'><strong>Nam</strong></span> <span class='ocrx_word' id='word_1_165' title='bbox 927 985 1020 1007; x_wconf 91' lang='lat' dir='ltr'><strong>nemo</strong></span> <span class='ocrx_word' id='word_1_166' title='bbox 1037 974 1155 1015; x_wconf 86' lang='lat' dir='ltr'><strong>nescit,</strong></span> <span class='ocrx_word' id='word_1_167' title='bbox 1180 973 1345 1018; x_wconf 91' lang='lat' dir='ltr'><strong>hodieque</strong></span> <span class='ocrx_word' id='word_1_168' title='bbox 1377 984 1397 1006; x_wconf 89' lang='lat' dir='ltr'><strong>a</strong></span> <span class='ocrx_word' id='word_1_169' title='bbox 1420 973 1563 1007; x_wconf 86' lang='lat' dir='ltr'><strong>Graecis</strong></span> <span class='ocrx_word' id='word_1_170' title='bbox 1594 975 1744 1008; x_wconf 83' lang='lat' dir='ltr'><strong>futurum</strong></span> 
     </span>
     <span class='ocr_line' id='line_1_18' title="bbox 492 1016 1743 1062; baseline 0.002 -11"><span class='ocrx_word' id='word_1_171' title='bbox 492 1022 624 1062; x_wconf 86' lang='lat' dir='ltr'><strong>tempus</strong></span> <span class='ocrx_word' id='word_1_172' title='bbox 657 1019 707 1051; x_wconf 83' lang='lat' dir='ltr'><strong>ita</strong></span> <span class='ocrx_word' id='word_1_173' title='bbox 731 1019 886 1059; x_wconf 81' lang='lat' dir='ltr'><strong>formari,</strong></span> <span class='ocrx_word' id='word_1_174' title='bbox 910 1023 948 1052; x_wconf 87' lang='lat' dir='ltr'><strong>ut</strong></span> <span class='ocrx_word' id='word_1_175' title='bbox 968 1023 1137 1053; x_wconf 85' lang='lat' dir='ltr'><strong>assumant</strong></span> <span class='ocrx_word' id='word_1_176' title='bbox 1158 1020 1295 1052; x_wconf 91' lang='lat' dir='ltr'><strong>verbum</strong></span> <span class='ocrx_word' id='word_1_177' title='bbox 1320 1016 1455 1052; x_wconf 76' lang='grc' dir='ltr'>θέλειν.</span> <span class='ocrx_word' id='word_1_178' title='bbox 1503 1019 1600 1059; x_wconf 78' lang='lat' dir='ltr'><strong>Quos</strong></span> <span class='ocrx_word' id='word_1_179' title='bbox 1632 1023 1743 1053; x_wconf 88' lang='lat' dir='ltr'><strong>autem</strong></span> 
     </span>
     <span class='ocr_line' id='line_1_19' title="bbox 493 1063 1743 1109; baseline 0.003 -14"><span class='ocrx_word' id='word_1_180' title='bbox 493 1063 549 1096; x_wconf 89' lang='lat' dir='ltr'><strong>ille</strong></span> <span class='ocrx_word' id='word_1_181' title='bbox 573 1064 676 1097; x_wconf 85' lang='lat' dir='ltr'><strong>affert</strong></span> <span class='ocrx_word' id='word_1_182' title='bbox 698 1064 800 1105; x_wconf 85' lang='lat' dir='ltr'><strong>locos,</strong></span> <span class='ocrx_word' id='word_1_183' title='bbox 824 1065 859 1098; x_wconf 90' lang='lat' dir='ltr'><strong>hi</strong></span> <span class='ocrx_word' id='word_1_184' title='bbox 882 1066 954 1098; x_wconf 86' lang='lat' dir='ltr'><strong>fere</strong></span> <span class='ocrx_word' id='word_1_185' title='bbox 964 1068 1059 1098; x_wconf 85' lang='lat' dir='ltr'><strong>sunt:</strong></span> <span class='ocrx_word' id='word_1_186' title='bbox 1086 1064 1240 1109; x_wconf 82' lang='lat' dir='ltr'><strong>Euripid.</strong></span> <span class='ocrx_word' id='word_1_187' title='bbox 1265 1065 1320 1099; x_wconf 87' lang='lat' dir='ltr'><strong>El.</strong></span> <span class='ocrx_word' id='word_1_188' title='bbox 1339 1066 1419 1099; x_wconf 77' lang='lat'>502.</span> <span class='ocrx_word' id='word_1_189' title='bbox 1445 1064 1516 1098; x_wconf 86' lang='lat' dir='ltr'><strong>Ion.</strong></span> <span class='ocrx_word' id='word_1_190' title='bbox 1539 1065 1614 1098; x_wconf 82' lang='lat'>849.</span> <span class='ocrx_word' id='word_1_191' title='bbox 1640 1066 1743 1100; x_wconf 76' lang='lat'>1521.</span> 
     </span>
     <span class='ocr_line' id='line_1_20' title="bbox 492 1108 1741 1154; baseline 0.002 -13"><span class='ocrx_word' id='word_1_192' title='bbox 492 1108 596 1143; x_wconf 89' lang='lat' dir='ltr'><strong>Herc.</strong></span> <span class='ocrx_word' id='word_1_193' title='bbox 628 1111 693 1143; x_wconf 88' lang='lat' dir='ltr'><strong>sur.</strong></span> <span class='ocrx_word' id='word_1_194' title='bbox 726 1112 805 1146; x_wconf 72' lang='lat'>205.</span> <span class='ocrx_word' id='word_1_195' title='bbox 841 1111 940 1145; x_wconf 80' lang='lat'>1401.</span> <span class='ocrx_word' id='word_1_196' title='bbox 978 1111 1155 1154; x_wconf 87' lang='lat' dir='ltr'><strong>Hippolyt.</strong></span> <span class='ocrx_word' id='word_1_197' title='bbox 1184 1112 1261 1145; x_wconf 84' lang='lat'>870.</span> <span class='ocrx_word' id='word_1_198' title='bbox 1287 1110 1382 1153; x_wconf 78' lang='lat' dir='ltr'><strong>Cycl.</strong></span> <span class='ocrx_word' id='word_1_199' title='bbox 1417 1111 1494 1145; x_wconf 75' lang='lat'>275.</span> <span class='ocrx_word' id='word_1_200' title='bbox 1519 1109 1597 1145; x_wconf 76' lang='grc'>426.</span> <span class='ocrx_word' id='word_1_201' title='bbox 1621 1110 1741 1154; x_wconf 78' lang='lat' dir='ltr'><strong>Suppl.</strong></span> 
     </span>
    </p>
   </div>
   <div class='ocr_carea' id='block_1_10' title="bbox 492 1153 1806 1199">
    <p class='ocr_par' dir='ltr' id='par_1_10' title="bbox 492 1153 1806 1199">
     <span class='ocr_line' id='line_1_21' title="bbox 492 1153 1806 1199; baseline 0.005 -11"><span class='ocrx_word' id='word_1_202' title='bbox 492 1153 571 1188; x_wconf 80' lang='lat'>945.</span> <span class='ocrx_word' id='word_1_203' title='bbox 604 1155 753 1199; x_wconf 81' lang='lat' dir='ltr'><strong>Iphigen.</strong></span> <span class='ocrx_word' id='word_1_204' title='bbox 784 1156 858 1190; x_wconf 90' lang='lat' dir='ltr'><strong>Aul.</strong></span> <span class='ocrx_word' id='word_1_205' title='bbox 884 1157 984 1192; x_wconf 87' lang='lat'>1537.</span> <span class='ocrx_word' id='word_1_206' title='bbox 1006 1156 1176 1190; x_wconf 84' lang='lat' dir='ltr'><strong>Heraclid.</strong></span> <span class='ocrx_word' id='word_1_207' title='bbox 1211 1157 1308 1190; x_wconf 83' lang='lat'>1018.</span> <span class='ocrx_word' id='word_1_208' title='bbox 1344 1155 1421 1188; x_wconf 91' lang='lat' dir='ltr'><strong>Hel.</strong></span> <span class='ocrx_word' id='word_1_209' title='bbox 1445 1156 1522 1189; x_wconf 87' lang='lat'><strong>550.</strong></span> <span class='ocrx_word' id='word_1_210' title='bbox 1549 1155 1640 1192; x_wconf 81' lang='lat' dir='ltr'><strong>Med.</strong></span> <span class='ocrx_word' id='word_1_211' title='bbox 1663 1158 1743 1192; x_wconf 90' lang='grc'><strong>668.</strong></span> <span class='ocrx_word' id='word_1_212' title='bbox 1802 1187 1806 1194; x_wconf 70' lang='grc'><strong>.</strong></span> 
     </span>
    </p>
   </div>
   <div class='ocr_carea' id='block_1_11' title="bbox 1788 758 1806 1043">
    <p class='ocr_par' dir='ltr' id='par_1_11' title="bbox 1784 758 1806 1043">
     <span class='ocr_line' id='line_1_22' title="bbox 1788 758 1806 806; baseline -0.091 23.636"><span class='ocrx_word' id='word_1_213' title='bbox 1788 758 1806 806; x_wconf 64' lang='lat'>2</span> 
     </span>
     <span class='ocr_line' id='line_1_23' title="bbox 1795 994 1806 1043; baseline 0 0"><span class='ocrx_word' id='word_1_214' title='bbox 1795 994 1806 1043; x_wconf 67' lang='lat' dir='ltr'><strong>si</strong></span> 
     </span>
    </p>
   </div>
   <div class='ocr_carea' id='block_1_12' title="bbox 490 1199 1806 1291">
    <p class='ocr_par' dir='ltr' id='par_1_12' title="bbox 490 1199 1806 1291">
     <span class='ocr_line' id='line_1_24' title="bbox 490 1199 1806 1245; baseline 0.002 -13"><span class='ocrx_word' id='word_1_215' title='bbox 490 1199 564 1233; x_wconf 90' lang='lat' dir='ltr'><strong>Alc.</strong></span> <span class='ocrx_word' id='word_1_216' title='bbox 584 1203 662 1235; x_wconf 73' lang='lat'>292.</span> <span class='ocrx_word' id='word_1_217' title='bbox 686 1202 812 1235; x_wconf 86' lang='lat' dir='ltr'><strong>Electr.</strong></span> <span class='ocrx_word' id='word_1_218' title='bbox 837 1203 915 1236; x_wconf 88' lang='lat'><strong>330.</strong></span> <span class='ocrx_word' id='word_1_219' title='bbox 938 1201 1095 1245; x_wconf 86' lang='lat' dir='ltr'><strong>Sophocl.</strong></span> <span class='ocrx_word' id='word_1_220' title='bbox 1118 1201 1206 1234; x_wconf 84' lang='lat' dir='ltr'><strong>Oed.</strong></span> <span class='ocrx_word' id='word_1_221' title='bbox 1227 1201 1301 1234; x_wconf 89' lang='lat' dir='ltr'><strong>Col.</strong></span> <span class='ocrx_word' id='word_1_222' title='bbox 1336 1201 1414 1235; x_wconf 89' lang='lat'><strong>557.</strong></span> <span class='ocrx_word' id='word_1_223' title='bbox 1447 1200 1614 1243; x_wconf 84' lang='lat' dir='ltr'><strong>Aristoph.</strong></span> <span class='ocrx_word' id='word_1_224' title='bbox 1649 1201 1740 1234; x_wconf 89' lang='lat' dir='ltr'><strong>Plut.</strong></span> <span class='ocrx_word' id='word_1_225' title='bbox 1804 1199 1806 1201; x_wconf 74' lang='grc'><strong>’</strong></span> 
     </span>
     <span class='ocr_line' id='line_1_25' title="bbox 491 1245 1806 1291; baseline 0.001 -11"><span class='ocrx_word' id='word_1_226' title='bbox 491 1247 567 1280; x_wconf 72' lang='lat'>612.</span> <span class='ocrx_word' id='word_1_227' title='bbox 587 1246 672 1280; x_wconf 87' lang='lat' dir='ltr'><strong>Ran.</strong></span> <span class='ocrx_word' id='word_1_228' title='bbox 699 1246 796 1282; x_wconf 82' lang='lat'>1465.</span> <span class='ocrx_word' id='word_1_229' title='bbox 821 1247 923 1291; x_wconf 89' lang='lat' dir='ltr'><strong>Vesp.</strong></span> <span class='ocrx_word' id='word_1_230' title='bbox 946 1248 1026 1282; x_wconf 86' lang='lat'>535.</span> <span class='ocrx_word' id='word_1_231' title='bbox 1049 1248 1128 1282; x_wconf 90' lang='lat'><strong>550.</strong></span> <span class='ocrx_word' id='word_1_232' title='bbox 1151 1248 1228 1282; x_wconf 87' lang='lat'>735.</span> <span class='ocrx_word' id='word_1_233' title='bbox 1255 1245 1398 1290; x_wconf 86' lang='lat' dir='ltr'><strong>Lysistr.</strong></span> <span class='ocrx_word' id='word_1_234' title='bbox 1424 1246 1500 1281; x_wconf 84' lang='lat'>135.</span> <span class='ocrx_word' id='word_1_235' title='bbox 1533 1247 1613 1282; x_wconf 82' lang='lat'><strong>593.</strong></span> <span class='ocrx_word' id='word_1_236' title='bbox 1639 1247 1739 1282; x_wconf 77' lang='lat'>1218.</span> <span class='ocrx_word' id='word_1_237' title='bbox 1803 1248 1806 1281; x_wconf 71' lang='grc' dir='ltr'>ἔ</span> 
     </span>
    </p>
   </div>
   <div class='ocr_carea' id='block_1_13' title="bbox 493 1291 1341 1337">
    <p class='ocr_par' dir='ltr' id='par_1_13' title="bbox 493 1291 1341 1337">
     <span class='ocr_line' id='line_1_26' title="bbox 493 1291 1341 1337; baseline 0.002 -13"><span class='ocrx_word' id='word_1_238' title='bbox 493 1291 647 1336; x_wconf 88' lang='lat' dir='ltr'><strong>Xenoph.</strong></span> <span class='ocrx_word' id='word_1_239' title='bbox 671 1293 724 1326; x_wconf 84' lang='lat' dir='ltr'><strong>De</strong></span> <span class='ocrx_word' id='word_1_240' title='bbox 748 1305 802 1337; x_wconf 86' lang='lat' dir='ltr'><strong>eq.</strong></span> <span class='ocrx_word' id='word_1_241' title='bbox 823 1294 858 1328; x_wconf 84' lang='lat'>3.</span> <span class='ocrx_word' id='word_1_242' title='bbox 881 1293 965 1327; x_wconf 91' lang='lat' dir='ltr'><strong>Oec.</strong></span> <span class='ocrx_word' id='word_1_243' title='bbox 985 1295 1036 1327; x_wconf 90' lang='grc'><strong>10.</strong></span> <span class='ocrx_word' id='word_1_244' title='bbox 1062 1292 1185 1326; x_wconf 88' lang='lat' dir='ltr'><strong>Herod.</strong></span> <span class='ocrx_word' id='word_1_245' title='bbox 1209 1292 1238 1334; x_wconf 86' lang='grc' dir='ltr'><strong>Ι,</strong></span> <span class='ocrx_word' id='word_1_246' title='bbox 1265 1294 1341 1326; x_wconf 88' lang='lat'>109.</span> 
     </span>
    </p>
   </div>
   <div class='ocr_carea' id='block_1_14' title="bbox 277 1323 1806 1392">
    <p class='ocr_par' dir='ltr' id='par_1_14' title="bbox 277 1323 1806 1392">
     <span class='ocr_line' id='line_1_27' title="bbox 277 1323 1806 1392; baseline 0.001 -12"><span class='ocrx_word' id='word_1_247' title='bbox 277 1346 327 1381; x_wconf 84' lang='lat' dir='ltr'><strong>Ad</strong></span> <span class='ocrx_word' id='word_1_248' title='bbox 352 1347 428 1390; x_wconf 90' lang='lat' dir='ltr'><strong>VII,</strong></span> <span class='ocrx_word' id='word_1_249' title='bbox 456 1348 519 1382; x_wconf 84' lang='lat'><strong>109</strong></span> <span class='ocrx_word' id='word_1_250' title='bbox 543 1360 622 1392; x_wconf 84' lang='lat' dir='ltr'><strong>pag.</strong></span> <span class='ocrx_word' id='word_1_251' title='bbox 648 1350 717 1384; x_wconf 84' lang='lat'><strong>596</strong></span> <span class='ocrx_word' id='word_1_252' title='bbox 741 1349 796 1382; x_wconf 86' lang='lat' dir='ltr'><strong>lin.</strong></span> <span class='ocrx_word' id='word_1_253' title='bbox 822 1350 855 1382; x_wconf 89' lang='lat'>8.</span> <span class='ocrx_word' id='word_1_254' title='bbox 878 1346 921 1382; x_wconf 82' lang='grc' dir='ltr'><strong>τὸ</strong></span> <span class='ocrx_word' id='word_1_255' title='bbox 949 1346 1116 1392; x_wconf 76' lang='grc' dir='ltr'><strong>ῥέεθρον.</strong></span> <span class='ocrx_word' id='word_1_256' title='bbox 1163 1348 1254 1381; x_wconf 83' lang='lat' dir='ltr'><strong>Idem</strong></span> <span class='ocrx_word' id='word_1_257' title='bbox 1278 1347 1404 1391; x_wconf 85' lang='lat' dir='ltr'><strong>Negris</strong></span> <span class='ocrx_word' id='word_1_258' title='bbox 1427 1348 1585 1382; x_wconf 87' lang='lat' dir='ltr'><strong>observat</strong></span> <span class='ocrx_word' id='word_1_259' title='bbox 1596 1348 1736 1382; x_wconf 86' lang='lat' dir='ltr'><strong>differre</strong></span> <span class='ocrx_word' id='word_1_260' title='bbox 1804 1323 1806 1362; x_wconf 31' lang='grc' dir='ltr'>ἶ</span> 
     </span>
    </p>
   </div>
   <div class='ocr_carea' id='block_1_15' title="bbox 488 1392 1740 1712">
    <p class='ocr_par' dir='ltr' id='par_1_15' title="bbox 488 1392 1740 1712">
     <span class='ocr_line' id='line_1_28' title="bbox 489 1392 1739 1438; baseline 0.001 -12"><span class='ocrx_word' id='word_1_261' title='bbox 489 1393 575 1427; x_wconf 90' lang='lat' dir='ltr'><strong>hanc</strong></span> <span class='ocrx_word' id='word_1_262' title='bbox 599 1406 619 1427; x_wconf 87' lang='lat' dir='ltr'><strong>a</strong></span> <span class='ocrx_word' id='word_1_263' title='bbox 643 1406 724 1427; x_wconf 86' lang='lat' dir='ltr'><strong>voce</strong></span> <span class='ocrx_word' id='word_1_264' title='bbox 757 1392 959 1437; x_wconf 77' lang='grc' dir='ltr'><em>ῥεύματος,</em></span> <span class='ocrx_word' id='word_1_265' title='bbox 982 1394 1187 1428; x_wconf 88' lang='lat' dir='ltr'><strong>Ammonium</strong></span> <span class='ocrx_word' id='word_1_266' title='bbox 1217 1397 1361 1426; x_wconf 87' lang='lat' dir='ltr'><strong>secutus.</strong></span> <span class='ocrx_word' id='word_1_267' title='bbox 1409 1393 1498 1427; x_wconf 86' lang='lat' dir='ltr'><strong>Nam</strong></span> <span class='ocrx_word' id='word_1_268' title='bbox 1519 1393 1576 1428; x_wconf 88' lang='lat' dir='ltr'><strong>illa</strong></span> <span class='ocrx_word' id='word_1_269' title='bbox 1599 1393 1739 1438; x_wconf 83' lang='lat' dir='ltr'><strong>exprimi</strong></span> 
     </span>
     <span class='ocr_line' id='line_1_29' title="bbox 488 1439 1740 1484; baseline 0 -13"><span class='ocrx_word' id='word_1_270' title='bbox 488 1439 607 1481; x_wconf 88' lang='lat' dir='ltr'><strong>locum,</strong></span> <span class='ocrx_word' id='word_1_271' title='bbox 631 1451 693 1484; x_wconf 87' lang='lat' dir='ltr'><strong>per</strong></span> <span class='ocrx_word' id='word_1_272' title='bbox 715 1452 811 1484; x_wconf 89' lang='lat' dir='ltr'><strong>quem</strong></span> <span class='ocrx_word' id='word_1_273' title='bbox 835 1442 870 1472; x_wconf 79' lang='lat' dir='ltr'><strong>et</strong></span> <span class='ocrx_word' id='word_1_274' title='bbox 893 1450 994 1483; x_wconf 87' lang='lat' dir='ltr'><strong>super</strong></span> <span class='ocrx_word' id='word_1_275' title='bbox 1017 1451 1112 1484; x_wconf 89' lang='lat' dir='ltr'><strong>quem</strong></span> <span class='ocrx_word' id='word_1_276' title='bbox 1136 1451 1224 1483; x_wconf 88' lang='lat' dir='ltr'><strong>aqua</strong></span> <span class='ocrx_word' id='word_1_277' title='bbox 1246 1439 1432 1480; x_wconf 82' lang='lat' dir='ltr'><strong>delabatur,</strong></span> <span class='ocrx_word' id='word_1_278' title='bbox 1455 1439 1520 1473; x_wconf 72' lang='lat' dir='ltr'><strong>hac</strong></span> <span class='ocrx_word' id='word_1_279' title='bbox 1541 1451 1620 1472; x_wconf 91' lang='lat' dir='ltr'><strong>vero</strong></span> <span class='ocrx_word' id='word_1_280' title='bbox 1631 1439 1740 1484; x_wconf 88' lang='lat' dir='ltr'><strong>ipsam</strong></span> 
     </span>
     <span class='ocr_line' id='line_1_30' title="bbox 490 1485 1739 1528; baseline 0 -10"><span class='ocrx_word' id='word_1_281' title='bbox 490 1495 621 1528; x_wconf 87' lang='lat' dir='ltr'><strong>aquam.</strong></span> <span class='ocrx_word' id='word_1_282' title='bbox 668 1485 720 1518; x_wconf 92' lang='lat' dir='ltr'><strong>De</strong></span> <span class='ocrx_word' id='word_1_283' title='bbox 745 1486 842 1519; x_wconf 84' lang='lat' dir='ltr'><strong>Lisso</strong></span> <span class='ocrx_word' id='word_1_284' title='bbox 864 1485 966 1519; x_wconf 87' lang='lat' dir='ltr'><strong>fluvio</strong></span> <span class='ocrx_word' id='word_1_285' title='bbox 983 1486 1069 1519; x_wconf 88' lang='lat' dir='ltr'><strong>conf.</strong></span> <span class='ocrx_word' id='word_1_286' title='bbox 1095 1485 1294 1528; x_wconf 77' lang='lat' dir='ltr'><strong>Cousinery.</strong></span> <span class='ocrx_word' id='word_1_287' title='bbox 1317 1485 1456 1528; x_wconf 84' lang='lat' dir='ltr'><strong>Voyage</strong></span> <span class='ocrx_word' id='word_1_288' title='bbox 1479 1497 1521 1518; x_wconf 92' lang='lat' dir='ltr'><strong>en</strong></span> <span class='ocrx_word' id='word_1_289' title='bbox 1545 1485 1675 1519; x_wconf 88' lang='lat' dir='ltr'><strong>Maced.</strong></span> <span class='ocrx_word' id='word_1_290' title='bbox 1704 1485 1739 1518; x_wconf 87' lang='lat'><strong>11</strong></span> 
     </span>
     <span class='ocr_line' id='line_1_31' title="bbox 492 1529 1739 1575; baseline 0 -12"><span class='ocrx_word' id='word_1_291' title='bbox 492 1541 525 1573; x_wconf 92' lang='lat' dir='ltr'><strong>p.</strong></span> <span class='ocrx_word' id='word_1_292' title='bbox 550 1532 594 1564; x_wconf 86' lang='lat'><strong>73</strong></span> <span class='ocrx_word' id='word_1_293' title='bbox 619 1531 692 1573; x_wconf 93' lang='lat' dir='ltr'><strong>(ubi</strong></span> <span class='ocrx_word' id='word_1_294' title='bbox 715 1533 801 1564; x_wconf 91' lang='lat' dir='ltr'><strong>male</strong></span> <span class='ocrx_word' id='word_1_295' title='bbox 817 1534 929 1564; x_wconf 86' lang='lat' dir='ltr'><strong>exstat</strong></span> <span class='ocrx_word' id='word_1_296' title='bbox 951 1531 1108 1575; x_wconf 77' lang='lat' dir='ltr'><strong>Lyssus).</strong></span> <span class='ocrx_word' id='word_1_297' title='bbox 1154 1531 1231 1575; x_wconf 89' lang='lat' dir='ltr'><strong>Ipse</strong></span> <span class='ocrx_word' id='word_1_298' title='bbox 1255 1529 1338 1563; x_wconf 87' lang='lat' dir='ltr'><strong>enim</strong></span> <span class='ocrx_word' id='word_1_299' title='bbox 1362 1529 1497 1563; x_wconf 87' lang='lat' dir='ltr'><strong>fluvium</strong></span> <span class='ocrx_word' id='word_1_300' title='bbox 1523 1530 1660 1564; x_wconf 86' lang='lat' dir='ltr'><strong>traiecit</strong></span> <span class='ocrx_word' id='word_1_301' title='bbox 1680 1541 1739 1563; x_wconf 90' lang='lat' dir='ltr'><strong>ur-</strong></span> 
     </span>
     <span class='ocr_line' id='line_1_32' title="bbox 490 1575 1738 1620; baseline 0 -12"><span class='ocrx_word' id='word_1_302' title='bbox 490 1575 564 1609; x_wconf 88' lang='lat' dir='ltr'><strong>bem</strong></span> <span class='ocrx_word' id='word_1_303' title='bbox 590 1576 769 1620; x_wconf 84' lang='lat' dir='ltr'><strong>Galepsum</strong></span> <span class='ocrx_word' id='word_1_304' title='bbox 792 1576 865 1610; x_wconf 87' lang='lat' dir='ltr'><strong>sive</strong></span> <span class='ocrx_word' id='word_1_305' title='bbox 889 1577 1014 1610; x_wconf 83' lang='lat' dir='ltr'><strong>Cavala</strong></span> <span class='ocrx_word' id='word_1_306' title='bbox 1032 1587 1198 1620; x_wconf 87' lang='lat' dir='ltr'><strong>egressus.</strong></span> <span class='ocrx_word' id='word_1_307' title='bbox 1245 1575 1298 1609; x_wconf 91' lang='lat' dir='ltr'><strong>De</strong></span> <span class='ocrx_word' id='word_1_308' title='bbox 1330 1576 1468 1609; x_wconf 79' lang='lat' dir='ltr'><strong>Abdera</strong></span> <span class='ocrx_word' id='word_1_309' title='bbox 1498 1575 1585 1609; x_wconf 89' lang='lat' dir='ltr'><strong>idem</strong></span> <span class='ocrx_word' id='word_1_310' title='bbox 1615 1575 1738 1609; x_wconf 85' lang='lat' dir='ltr'><strong>consul.</strong></span> 
     </span>
     <span class='ocr_line' id='line_1_33' title="bbox 489 1620 1737 1667; baseline -0.002 -11"><span class='ocrx_word' id='word_1_311' title='bbox 489 1631 524 1665; x_wconf 97' lang='grc' dir='ltr'><strong>Ρ.</strong></span> <span class='ocrx_word' id='word_1_312' title='bbox 547 1622 602 1664; x_wconf 87' lang='lat'><strong>76,</strong></span> <span class='ocrx_word' id='word_1_313' title='bbox 628 1621 687 1654; x_wconf 88' lang='lat' dir='ltr'><strong>ubi</strong></span> <span class='ocrx_word' id='word_1_314' title='bbox 710 1622 823 1654; x_wconf 83' lang='lat' dir='ltr'><strong>ruinas</strong></span> <span class='ocrx_word' id='word_1_315' title='bbox 845 1622 936 1655; x_wconf 86' lang='lat' dir='ltr'><strong>urbis</strong></span> <span class='ocrx_word' id='word_1_316' title='bbox 961 1623 1120 1667; x_wconf 88' lang='lat' dir='ltr'><strong>quasdam</strong></span> <span class='ocrx_word' id='word_1_317' title='bbox 1142 1620 1283 1666; x_wconf 88' lang='lat' dir='ltr'><strong>reperiri</strong></span> <span class='ocrx_word' id='word_1_318' title='bbox 1304 1620 1420 1655; x_wconf 87' lang='lat' dir='ltr'><strong>scribit</strong></span> <span class='ocrx_word' id='word_1_319' title='bbox 1433 1621 1468 1654; x_wconf 91' lang='lat' dir='ltr'><strong>in</strong></span> <span class='ocrx_word' id='word_1_320' title='bbox 1491 1621 1661 1666; x_wconf 89' lang='lat' dir='ltr'><strong>oppidulo,</strong></span> <span class='ocrx_word' id='word_1_321' title='bbox 1684 1631 1737 1654; x_wconf 80' lang='lat' dir='ltr'><strong>cul</strong></span> 
     </span>
     <span class='ocr_line' id='line_1_34' title="bbox 491 1668 963 1712; baseline 0.004 -13"><span class='ocrx_word' id='word_1_322' title='bbox 491 1678 577 1699; x_wconf 86' lang='lat' dir='ltr'><strong>nunc</strong></span> <span class='ocrx_word' id='word_1_323' title='bbox 600 1678 717 1700; x_wconf 85' lang='lat' dir='ltr'><strong>nomen</strong></span> <span class='ocrx_word' id='word_1_324' title='bbox 743 1668 963 1712; x_wconf 78' lang='lat' dir='ltr'><strong>Gumergino.</strong></span> 
     </span>
    </p>
   </div>
   <div class='ocr_carea' id='block_1_16' title="bbox 271 1719 1737 2463">
    <p class='ocr_par' dir='ltr' id='par_1_16' title="bbox 274 1719 1737 2360">
     <span class='ocr_line' id='line_1_35' title="bbox 274 1719 1736 1776; baseline -0.002 -19"><span class='ocrx_word' id='word_1_325' title='bbox 274 1723 323 1758; x_wconf 80' lang='lat' dir='ltr'><strong>Ad</strong></span> <span class='ocrx_word' id='word_1_326' title='bbox 358 1723 432 1767; x_wconf 91' lang='lat' dir='ltr'><strong>VII,</strong></span> <span class='ocrx_word' id='word_1_327' title='bbox 458 1724 521 1758; x_wconf 90' lang='lat'><strong>111</strong></span> <span class='ocrx_word' id='word_1_328' title='bbox 548 1734 624 1767; x_wconf 85' lang='lat' dir='ltr'><strong>pag.</strong></span> <span class='ocrx_word' id='word_1_329' title='bbox 636 1725 714 1758; x_wconf 86' lang='lat'>601.</span> <span class='ocrx_word' id='word_1_330' title='bbox 730 1724 854 1757; x_wconf 86' lang='lat' dir='ltr'><strong>Vocem</strong></span> <span class='ocrx_word' id='word_1_331' title='bbox 877 1720 1171 1767; x_wconf 76' lang='grc' dir='ltr'><em>προφητεύοντες</em></span> <span class='ocrx_word' id='word_1_332' title='bbox 1193 1722 1318 1765; x_wconf 87' lang='lat' dir='ltr'><strong>Negris</strong></span> <span class='ocrx_word' id='word_1_333' title='bbox 1341 1720 1488 1766; x_wconf 84' lang='lat' dir='ltr'><strong>explicat</strong></span> <span class='ocrx_word' id='word_1_334' title='bbox 1512 1720 1547 1756; x_wconf 79' lang='grc' dir='ltr'><strong>οἱ</strong></span> <span class='ocrx_word' id='word_1_335' title='bbox 1569 1719 1736 1776; x_wconf 63' lang='grc' dir='ltr'><strong>ἔξηγῃταὶ</strong></span> 
     </span>
     <span class='ocr_line' id='line_1_36' title="bbox 489 1765 1735 1812; baseline -0.001 -11"><span class='ocrx_word' id='word_1_336' title='bbox 489 1768 564 1801; x_wconf 79' lang='grc' dir='ltr'><strong>τῶν</strong></span> <span class='ocrx_word' id='word_1_337' title='bbox 587 1769 753 1812; x_wconf 80' lang='grc' dir='ltr'><strong><em>χρησμῶν</em></strong></span> <span class='ocrx_word' id='word_1_338' title='bbox 775 1769 850 1802; x_wconf 82' lang='grc' dir='ltr'><strong>τῶν</strong></span> <span class='ocrx_word' id='word_1_339' title='bbox 873 1766 912 1802; x_wconf 75' lang='grc' dir='ltr'><strong>ἐκ</strong></span> <span class='ocrx_word' id='word_1_340' title='bbox 934 1770 1002 1802; x_wconf 82' lang='grc' dir='ltr'><strong>τοῦ</strong></span> <span class='ocrx_word' id='word_1_341' title='bbox 1026 1768 1201 1811; x_wconf 80' lang='grc' dir='ltr'><em>μαντείου</em></span> <span class='ocrx_word' id='word_1_342' title='bbox 1225 1768 1299 1801; x_wconf 79' lang='grc' dir='ltr'><strong>τῶν</strong></span> <span class='ocrx_word' id='word_1_343' title='bbox 1317 1765 1504 1810; x_wconf 79' lang='grc' dir='ltr'><strong>Σατρέων.</strong></span> <span class='ocrx_word' id='word_1_344' title='bbox 1529 1768 1735 1810; x_wconf 79' lang='grc' dir='ltr'><em>Προφητης</em></span> 
     </span>
     <span class='ocr_line' id='line_1_37' title="bbox 491 1811 1737 1858; baseline -0.001 -11"><span class='ocrx_word' id='word_1_345' title='bbox 491 1811 586 1847; x_wconf 78' lang='grc' dir='ltr'><strong><em>ἐστὶν</em></strong></span> <span class='ocrx_word' id='word_1_346' title='bbox 620 1811 639 1848; x_wconf 86' lang='grc' dir='ltr'>ὁ</span> <span class='ocrx_word' id='word_1_347' title='bbox 672 1812 807 1858; x_wconf 78' lang='grc' dir='ltr'>ἐξηγῶν</span> <span class='ocrx_word' id='word_1_348' title='bbox 840 1814 902 1848; x_wconf 79' lang='grc' dir='ltr'><strong>καὶ</strong></span> <span class='ocrx_word' id='word_1_349' title='bbox 934 1814 1156 1848; x_wconf 80' lang='grc' dir='ltr'><em>κοινοποιῶν</em></span> <span class='ocrx_word' id='word_1_350' title='bbox 1190 1811 1278 1853; x_wconf 78' lang='grc' dir='ltr'><strong>τούς</strong></span> <span class='ocrx_word' id='word_1_351' title='bbox 1304 1811 1497 1857; x_wconf 78' lang='grc' dir='ltr'>χρησμούς.</span> <span class='ocrx_word' id='word_1_352' title='bbox 1551 1813 1603 1846; x_wconf 90' lang='lat' dir='ltr'><strong>De</strong></span> <span class='ocrx_word' id='word_1_353' title='bbox 1625 1813 1737 1846; x_wconf 67' lang='lat' dir='ltr'><strong>Satria</strong></span> 
     </span>
     <span class='ocr_line' id='line_1_38' title="bbox 487 1857 1737 1904; baseline -0.002 -12"><span class='ocrx_word' id='word_1_354' title='bbox 487 1861 574 1894; x_wconf 87' lang='lat' dir='ltr'><strong>conf.</strong></span> <span class='ocrx_word' id='word_1_355' title='bbox 608 1860 807 1904; x_wconf 80' lang='lat' dir='ltr'><strong>Cousinery.</strong></span> <span class='ocrx_word' id='word_1_356' title='bbox 832 1861 971 1904; x_wconf 84' lang='lat' dir='ltr'><strong>Voyage</strong></span> <span class='ocrx_word' id='word_1_357' title='bbox 1003 1866 1067 1894; x_wconf 86' lang='lat' dir='ltr'><strong>etc.</strong></span> <span class='ocrx_word' id='word_1_358' title='bbox 1099 1861 1131 1893; x_wconf 92' lang='grc' dir='ltr'><strong>ΙΙ</strong></span> <span class='ocrx_word' id='word_1_359' title='bbox 1166 1871 1200 1904; x_wconf 87' lang='grc' dir='ltr'><strong>Ρ.</strong></span> <span class='ocrx_word' id='word_1_360' title='bbox 1224 1861 1280 1895; x_wconf 90' lang='grc'><strong>97.</strong></span> <span class='ocrx_word' id='word_1_361' title='bbox 1325 1858 1628 1902; x_wconf 86' lang='lat' dir='ltr'><strong>Septentrionalem</strong></span> <span class='ocrx_word' id='word_1_362' title='bbox 1651 1857 1737 1891; x_wconf 90' lang='lat' dir='ltr'><strong>enim</strong></span> 
     </span>
     <span class='ocr_line' id='line_1_39' title="bbox 488 1901 1734 1950; baseline -0.002 -12"><span class='ocrx_word' id='word_1_363' title='bbox 488 1906 637 1949; x_wconf 85' lang='lat' dir='ltr'><strong>Pangaei</strong></span> <span class='ocrx_word' id='word_1_364' title='bbox 656 1906 774 1939; x_wconf 91' lang='lat' dir='ltr'><strong>montis</strong></span> <span class='ocrx_word' id='word_1_365' title='bbox 792 1910 925 1950; x_wconf 87' lang='lat' dir='ltr'><strong>partem</strong></span> <span class='ocrx_word' id='word_1_366' title='bbox 950 1906 1098 1939; x_wconf 86' lang='lat' dir='ltr'><strong>tenuisse</strong></span> <span class='ocrx_word' id='word_1_367' title='bbox 1121 1908 1232 1950; x_wconf 88' lang='lat' dir='ltr'><strong>putat,</strong></span> <span class='ocrx_word' id='word_1_368' title='bbox 1253 1905 1303 1938; x_wconf 84' lang='lat' dir='ltr'><strong>ita</strong></span> <span class='ocrx_word' id='word_1_369' title='bbox 1329 1908 1366 1937; x_wconf 88' lang='lat' dir='ltr'><strong>ut</strong></span> <span class='ocrx_word' id='word_1_370' title='bbox 1382 1904 1504 1938; x_wconf 89' lang='lat' dir='ltr'><strong>Datum</strong></span> <span class='ocrx_word' id='word_1_371' title='bbox 1527 1914 1659 1948; x_wconf 88' lang='lat' dir='ltr'><strong>quoque</strong></span> <span class='ocrx_word' id='word_1_372' title='bbox 1692 1901 1734 1936; x_wconf 89' lang='lat' dir='ltr'><strong>ad</strong></span> 
     </span>
     <span class='ocr_line' id='line_1_40' title="bbox 487 1948 1732 1996; baseline -0.002 -12"><span class='ocrx_word' id='word_1_373' title='bbox 487 1963 600 1984; x_wconf 89' lang='lat' dir='ltr'><strong>eorum</strong></span> <span class='ocrx_word' id='word_1_374' title='bbox 624 1951 779 1985; x_wconf 87' lang='lat' dir='ltr'><strong>ditionem</strong></span> <span class='ocrx_word' id='word_1_375' title='bbox 803 1951 1003 1996; x_wconf 86' lang='lat' dir='ltr'><strong>pertinuisse</strong></span> <span class='ocrx_word' id='word_1_376' title='bbox 1026 1951 1199 1996; x_wconf 85' lang='lat' dir='ltr'><strong>probabile</strong></span> <span class='ocrx_word' id='word_1_377' title='bbox 1222 1950 1275 1984; x_wconf 88' lang='lat' dir='ltr'><strong>sit.</strong></span> <span class='ocrx_word' id='word_1_378' title='bbox 1298 1950 1467 1984; x_wconf 83' lang='lat' dir='ltr'><strong>Bacchum</strong></span> <span class='ocrx_word' id='word_1_379' title='bbox 1491 1961 1511 1983; x_wconf 91' lang='lat' dir='ltr'><strong>a</strong></span> <span class='ocrx_word' id='word_1_380' title='bbox 1528 1948 1640 1982; x_wconf 88' lang='lat' dir='ltr'><strong>Satris</strong></span> <span class='ocrx_word' id='word_1_381' title='bbox 1664 1948 1732 1981; x_wconf 92' lang='lat' dir='ltr'><strong>cul-</strong></span> 
     </span>
     <span class='ocr_line' id='line_1_41' title="bbox 485 1994 1734 2041; baseline -0.003 -11"><span class='ocrx_word' id='word_1_382' title='bbox 485 2002 555 2030; x_wconf 82' lang='lat' dir='ltr'><strong>tum</strong></span> <span class='ocrx_word' id='word_1_383' title='bbox 580 2009 598 2030; x_wconf 90' lang='lat' dir='ltr'><strong>e</strong></span> <span class='ocrx_word' id='word_1_384' title='bbox 622 1998 737 2031; x_wconf 89' lang='lat' dir='ltr'><strong>Thaso</strong></span> <span class='ocrx_word' id='word_1_385' title='bbox 759 1997 894 2041; x_wconf 83' lang='lat' dir='ltr'><strong>repetit,</strong></span> <span class='ocrx_word' id='word_1_386' title='bbox 918 1999 1092 2031; x_wconf 83' lang='lat' dir='ltr'><strong>conferens</strong></span> <span class='ocrx_word' id='word_1_387' title='bbox 1114 1996 1278 2030; x_wconf 88' lang='lat' dir='ltr'><strong>Herodoti</strong></span> <span class='ocrx_word' id='word_1_388' title='bbox 1300 1996 1390 2029; x_wconf 87' lang='lat' dir='ltr'><strong>locos</strong></span> <span class='ocrx_word' id='word_1_389' title='bbox 1410 1996 1454 2036; x_wconf 83' lang='lat'><strong>11,</strong></span> <span class='ocrx_word' id='word_1_390' title='bbox 1467 1997 1521 2030; x_wconf 73' lang='lat'>82.</span> <span class='ocrx_word' id='word_1_391' title='bbox 1535 1997 1590 2035; x_wconf 88' lang='grc'><strong>83,</strong></span> <span class='ocrx_word' id='word_1_392' title='bbox 1611 1994 1734 2038; x_wconf 85' lang='lat' dir='ltr'><strong>ipsam-</strong></span> 
     </span>
     <span class='ocr_line' id='line_1_42' title="bbox 486 2040 1732 2087; baseline -0.003 -11"><span class='ocrx_word' id='word_1_393' title='bbox 486 2055 551 2087; x_wconf 83' lang='lat' dir='ltr'><strong>que</strong></span> <span class='ocrx_word' id='word_1_394' title='bbox 581 2043 724 2087; x_wconf 90' lang='lat' dir='ltr'><strong>denique</strong></span> <span class='ocrx_word' id='word_1_395' title='bbox 756 2044 932 2076; x_wconf 86' lang='lat' dir='ltr'><strong>Satrarum</strong></span> <span class='ocrx_word' id='word_1_396' title='bbox 963 2047 1096 2086; x_wconf 82' lang='lat' dir='ltr'><strong>gentem</strong></span> <span class='ocrx_word' id='word_1_397' title='bbox 1128 2054 1192 2076; x_wconf 91' lang='lat' dir='ltr'><strong>non</strong></span> <span class='ocrx_word' id='word_1_398' title='bbox 1216 2042 1312 2075; x_wconf 89' lang='lat' dir='ltr'><strong>aliam</strong></span> <span class='ocrx_word' id='word_1_399' title='bbox 1344 2052 1417 2074; x_wconf 87' lang='lat' dir='ltr'><strong>esse</strong></span> <span class='ocrx_word' id='word_1_400' title='bbox 1439 2040 1511 2074; x_wconf 88' lang='lat' dir='ltr'><strong>vult</strong></span> <span class='ocrx_word' id='word_1_401' title='bbox 1533 2044 1633 2085; x_wconf 84' lang='lat' dir='ltr'><strong>atque</strong></span> <span class='ocrx_word' id='word_1_402' title='bbox 1648 2050 1732 2082; x_wconf 86' lang='lat' dir='ltr'><strong>eam,</strong></span> 
     </span>
     <span class='ocr_line' id='line_1_43' title="bbox 485 2086 1733 2133; baseline -0.002 -13"><span class='ocrx_word' id='word_1_403' title='bbox 485 2099 572 2132; x_wconf 86' lang='lat' dir='ltr'><strong>quae</strong></span> <span class='ocrx_word' id='word_1_404' title='bbox 605 2089 770 2133; x_wconf 86' lang='lat' dir='ltr'><strong>hodieque</strong></span> <span class='ocrx_word' id='word_1_405' title='bbox 800 2101 861 2133; x_wconf 87' lang='lat' dir='ltr'><strong>per</strong></span> <span class='ocrx_word' id='word_1_406' title='bbox 892 2089 1059 2122; x_wconf 88' lang='lat' dir='ltr'><strong>Thraciae</strong></span> <span class='ocrx_word' id='word_1_407' title='bbox 1093 2092 1194 2132; x_wconf 87' lang='lat' dir='ltr'><strong>atque</strong></span> <span class='ocrx_word' id='word_1_408' title='bbox 1217 2086 1435 2121; x_wconf 87' lang='lat' dir='ltr'><strong>Macedoniae</strong></span> <span class='ocrx_word' id='word_1_409' title='bbox 1458 2089 1585 2119; x_wconf 89' lang='lat' dir='ltr'><strong>montes</strong></span> <span class='ocrx_word' id='word_1_410' title='bbox 1607 2095 1733 2128; x_wconf 81' lang='lat' dir='ltr'><strong>vagans</strong></span> 
     </span>
     <span class='ocr_line' id='line_1_44' title="bbox 487 2131 1732 2178; baseline -0.002 -13"><span class='ocrx_word' id='word_1_411' title='bbox 487 2134 676 2177; x_wconf 84' lang='lat' dir='ltr'><strong>reperiatur</strong></span> <span class='ocrx_word' id='word_1_412' title='bbox 700 2146 761 2167; x_wconf 89' lang='lat' dir='ltr'><strong>nec</strong></span> <span class='ocrx_word' id='word_1_413' title='bbox 783 2134 866 2178; x_wconf 86' lang='lat' dir='ltr'><strong>ipsis</strong></span> <span class='ocrx_word' id='word_1_414' title='bbox 889 2134 1024 2173; x_wconf 85' lang='lat' dir='ltr'><strong>Turcis,</strong></span> <span class='ocrx_word' id='word_1_415' title='bbox 1059 2145 1198 2178; x_wconf 89' lang='lat' dir='ltr'><strong>quorum</strong></span> <span class='ocrx_word' id='word_1_416' title='bbox 1221 2137 1333 2166; x_wconf 87' lang='lat' dir='ltr'><strong>tamen</strong></span> <span class='ocrx_word' id='word_1_417' title='bbox 1356 2131 1547 2175; x_wconf 82' lang='lat' dir='ltr'><strong>religionem</strong></span> <span class='ocrx_word' id='word_1_418' title='bbox 1570 2141 1732 2164; x_wconf 88' lang='lat' dir='ltr'><strong>assumse-</strong></span> 
     </span>
     <span class='ocr_line' id='line_1_45' title="bbox 485 2176 1732 2224; baseline -0.002 -13"><span class='ocrx_word' id='word_1_419' title='bbox 485 2178 539 2219; x_wconf 81' lang='lat' dir='ltr'><strong>rit,</strong></span> <span class='ocrx_word' id='word_1_420' title='bbox 562 2180 718 2213; x_wconf 86' lang='lat' dir='ltr'><strong>obediens</strong></span> <span class='ocrx_word' id='word_1_421' title='bbox 742 2180 923 2224; x_wconf 83' lang='lat' dir='ltr'><strong>eodemque</strong></span> <span class='ocrx_word' id='word_1_422' title='bbox 943 2180 1016 2213; x_wconf 83' lang='lat' dir='ltr'><strong>fere</strong></span> <span class='ocrx_word' id='word_1_423' title='bbox 1038 2180 1134 2213; x_wconf 90' lang='lat' dir='ltr'><strong>modo</strong></span> <span class='ocrx_word' id='word_1_424' title='bbox 1155 2179 1260 2212; x_wconf 90' lang='lat' dir='ltr'><strong>libero</strong></span> <span class='ocrx_word' id='word_1_425' title='bbox 1284 2190 1324 2211; x_wconf 89' lang='lat' dir='ltr'><strong>ac</strong></span> <span class='ocrx_word' id='word_1_426' title='bbox 1345 2177 1420 2210; x_wconf 88' lang='lat' dir='ltr'><strong>rudi</strong></span> <span class='ocrx_word' id='word_1_427' title='bbox 1442 2177 1562 2210; x_wconf 89' lang='lat' dir='ltr'><strong>vivens</strong></span> <span class='ocrx_word' id='word_1_428' title='bbox 1576 2201 1586 2217; x_wconf 86' lang='lat'><strong>,</strong></span> <span class='ocrx_word' id='word_1_429' title='bbox 1615 2176 1732 2208; x_wconf 89' lang='lat' dir='ltr'><strong>choros</strong></span> 
     </span>
     <span class='ocr_line' id='line_1_46' title="bbox 487 2219 1732 2269; baseline -0.003 -13"><span class='ocrx_word' id='word_1_430' title='bbox 487 2235 600 2267; x_wconf 82' lang='lat' dir='ltr'><strong>agens,</strong></span> <span class='ocrx_word' id='word_1_431' title='bbox 624 2225 690 2259; x_wconf 85' lang='lat' dir='ltr'><strong>alia</strong></span> <span class='ocrx_word' id='word_1_432' title='bbox 714 2226 747 2258; x_wconf 90' lang='lat' dir='ltr'><strong>id</strong></span> <span class='ocrx_word' id='word_1_433' title='bbox 771 2236 895 2269; x_wconf 82' lang='lat' dir='ltr'><strong>genus;</strong></span> <span class='ocrx_word' id='word_1_434' title='bbox 920 2226 1007 2259; x_wconf 87' lang='lat' dir='ltr'><strong>unde</strong></span> <span class='ocrx_word' id='word_1_435' title='bbox 1023 2225 1123 2258; x_wconf 85' lang='lat' dir='ltr'><strong>etiam</strong></span> <span class='ocrx_word' id='word_1_436' title='bbox 1147 2224 1347 2257; x_wconf 86' lang='lat' dir='ltr'><strong>descendere</strong></span> <span class='ocrx_word' id='word_1_437' title='bbox 1366 2222 1582 2266; x_wconf 82' lang='lat' dir='ltr'><strong>perhibeatur</strong></span> <span class='ocrx_word' id='word_1_438' title='bbox 1591 2221 1632 2254; x_wconf 87' lang='lat' dir='ltr'><strong>ab</strong></span> <span class='ocrx_word' id='word_1_439' title='bbox 1643 2219 1732 2254; x_wconf 88' lang='lat' dir='ltr'><strong>anti-</strong></span> 
     </span>
     <span class='ocr_line' id='line_1_47' title="bbox 484 2265 1728 2312; baseline -0.002 -11"><span class='ocrx_word' id='word_1_440' title='bbox 484 2269 559 2312; x_wconf 85' lang='lat' dir='ltr'><strong>quis</strong></span> <span class='ocrx_word' id='word_1_441' title='bbox 589 2270 757 2304; x_wconf 81' lang='lat' dir='ltr'><strong>Thraciae</strong></span> <span class='ocrx_word' id='word_1_442' title='bbox 787 2271 914 2305; x_wconf 85' lang='lat' dir='ltr'><strong>incolis.</strong></span> <span class='ocrx_word' id='word_1_443' title='bbox 971 2271 1002 2304; x_wconf 90' lang='lat' dir='ltr'>A</span> <span class='ocrx_word' id='word_1_444' title='bbox 1024 2269 1150 2305; x_wconf 90' lang='lat' dir='ltr'><strong>Turcis</strong></span> <span class='ocrx_word' id='word_1_445' title='bbox 1178 2269 1292 2304; x_wconf 86' lang='lat' dir='ltr'><strong>vocari</strong></span> <span class='ocrx_word' id='word_1_446' title='bbox 1322 2268 1415 2303; x_wconf 77' lang='lat' dir='ltr'><strong>addit</strong></span> <span class='ocrx_word' id='word_1_447' title='bbox 1437 2266 1635 2310; x_wconf 69' lang='lat' dir='ltr'><strong>Cousinery.</strong></span> <span class='ocrx_word' id='word_1_448' title='bbox 1661 2267 1682 2300; x_wconf 91' lang='grc' dir='ltr'><strong>Ι.</strong></span> <span class='ocrx_word' id='word_1_449' title='bbox 1707 2265 1728 2299; x_wconf 88' lang='lat' dir='ltr'><strong>l.</strong></span> 
     </span>
     <span class='ocr_line' id='line_1_48' title="bbox 487 2316 712 2360; baseline 0.004 -12"><span class='ocrx_word' id='word_1_450' title='bbox 487 2316 712 2360; x_wconf 79' lang='lat' dir='ltr'><strong>Gurendc&#39;gis.</strong></span> 
     </span>
    </p>

    <p class='ocr_par' dir='ltr' id='par_1_17' title="bbox 271 2367 1730 2463">
     <span class='ocr_line' id='line_1_49' title="bbox 271 2367 1730 2416; baseline 0.001 -15"><span class='ocrx_word' id='word_1_451' title='bbox 271 2369 319 2401; x_wconf 80' lang='lat' dir='ltr'><strong>Ad</strong></span> <span class='ocrx_word' id='word_1_452' title='bbox 344 2369 418 2413; x_wconf 81' lang='lat' dir='ltr'><strong>VII,</strong></span> <span class='ocrx_word' id='word_1_453' title='bbox 438 2372 502 2406; x_wconf 72' lang='lat'><strong>112</strong></span> <span class='ocrx_word' id='word_1_454' title='bbox 518 2383 595 2416; x_wconf 82' lang='lat' dir='ltr'><strong>pag.</strong></span> <span class='ocrx_word' id='word_1_455' title='bbox 617 2372 683 2406; x_wconf 76' lang='lat'><strong>602</strong></span> <span class='ocrx_word' id='word_1_456' title='bbox 706 2372 760 2405; x_wconf 91' lang='lat' dir='ltr'><strong>lin.</strong></span> <span class='ocrx_word' id='word_1_457' title='bbox 785 2370 817 2406; x_wconf 81' lang='grc'><strong>4.</strong></span> <span class='ocrx_word' id='word_1_458' title='bbox 843 2373 993 2416; x_wconf 76' lang='lat' dir='ltr'><strong>Phagris</strong></span> <span class='ocrx_word' id='word_1_459' title='bbox 1024 2374 1161 2405; x_wconf 87' lang='lat' dir='ltr'><strong>auctore</strong></span> <span class='ocrx_word' id='word_1_460' title='bbox 1192 2369 1377 2414; x_wconf 76' lang='lat' dir='ltr'><strong>Cousinery</strong></span> <span class='ocrx_word' id='word_1_461' title='bbox 1411 2370 1434 2403; x_wconf 86' lang='lat'>1.</span> <span class='ocrx_word' id='word_1_462' title='bbox 1459 2368 1482 2404; x_wconf 94' lang='lat' dir='ltr'><strong>l.</strong></span> <span class='ocrx_word' id='word_1_463' title='bbox 1505 2367 1540 2403; x_wconf 87' lang='lat' dir='ltr'><strong>II</strong></span> <span class='ocrx_word' id='word_1_464' title='bbox 1562 2379 1597 2414; x_wconf 88' lang='grc' dir='ltr'><strong>Ρ.</strong></span> <span class='ocrx_word' id='word_1_465' title='bbox 1619 2369 1665 2404; x_wconf 88' lang='lat'><strong>66</strong></span> <span class='ocrx_word' id='word_1_466' title='bbox 1690 2378 1730 2402; x_wconf 89' lang='lat' dir='ltr'><strong>eo</strong></span> 
     </span>
     <span class='ocr_line' id='line_1_50' title="bbox 486 2416 1335 2463; baseline -0.001 -13"><span class='ocrx_word' id='word_1_467' title='bbox 486 2417 558 2451; x_wconf 84' lang='lat' dir='ltr'><strong>loco</strong></span> <span class='ocrx_word' id='word_1_468' title='bbox 582 2418 699 2463; x_wconf 89' lang='lat' dir='ltr'><strong>quaeri</strong></span> <span class='ocrx_word' id='word_1_469' title='bbox 721 2418 832 2459; x_wconf 85' lang='lat' dir='ltr'><strong>debet,</strong></span> <span class='ocrx_word' id='word_1_470' title='bbox 856 2429 920 2462; x_wconf 90' lang='lat' dir='ltr'><strong>quo</strong></span> <span class='ocrx_word' id='word_1_471' title='bbox 953 2429 1037 2450; x_wconf 92' lang='lat' dir='ltr'><strong>nunc</strong></span> <span class='ocrx_word' id='word_1_472' title='bbox 1060 2417 1221 2450; x_wconf 79' lang='lat' dir='ltr'><strong>Pravista</strong></span> <span class='ocrx_word' id='word_1_473' title='bbox 1244 2416 1335 2450; x_wconf 88' lang='lat' dir='ltr'><strong>urbs.</strong></span> 
     </span>
    </p>
   </div>
   <div class='ocr_carea' id='block_1_17' title="bbox 267 2480 1730 2757">
    <p class='ocr_par' dir='ltr' id='par_1_18' title="bbox 267 2480 1730 2757">
     <span class='ocr_line' id='line_1_51' title="bbox 267 2480 1730 2530; baseline -0.004 -10"><span class='ocrx_word' id='word_1_474' title='bbox 267 2483 317 2516; x_wconf 79' lang='lat' dir='ltr'><strong>Ad</strong></span> <span class='ocrx_word' id='word_1_475' title='bbox 344 2483 415 2524; x_wconf 82' lang='lat' dir='ltr'><strong>Vll,</strong></span> <span class='ocrx_word' id='word_1_476' title='bbox 440 2486 505 2520; x_wconf 83' lang='lat'><strong>113</strong></span> <span class='ocrx_word' id='word_1_477' title='bbox 527 2497 605 2529; x_wconf 86' lang='lat' dir='ltr'><strong>pag.</strong></span> <span class='ocrx_word' id='word_1_478' title='bbox 630 2486 696 2520; x_wconf 88' lang='lat'><strong>603</strong></span> <span class='ocrx_word' id='word_1_479' title='bbox 720 2484 776 2519; x_wconf 88' lang='lat' dir='ltr'><strong>lin.</strong></span> <span class='ocrx_word' id='word_1_480' title='bbox 800 2486 832 2520; x_wconf 85' lang='lat'>5.</span> <span class='ocrx_word' id='word_1_481' title='bbox 856 2486 1008 2530; x_wconf 80' lang='lat' dir='ltr'><strong>Angitac</strong></span> <span class='ocrx_word' id='word_1_482' title='bbox 1038 2484 1145 2526; x_wconf 88' lang='lat' dir='ltr'><strong>fluvii,</strong></span> <span class='ocrx_word' id='word_1_483' title='bbox 1171 2484 1230 2529; x_wconf 88' lang='lat' dir='ltr'><strong>qui</strong></span> <span class='ocrx_word' id='word_1_484' title='bbox 1252 2483 1287 2516; x_wconf 88' lang='lat' dir='ltr'><strong>in</strong></span> <span class='ocrx_word' id='word_1_485' title='bbox 1304 2483 1514 2527; x_wconf 73' lang='lat' dir='ltr'><strong>Strymonem</strong></span> <span class='ocrx_word' id='word_1_486' title='bbox 1527 2480 1730 2524; x_wconf 85' lang='lat' dir='ltr'><strong>seinfundit,</strong></span> 
     </span>
     <span class='ocr_line' id='line_1_52' title="bbox 483 2526 1728 2575; baseline -0.003 -11"><span class='ocrx_word' id='word_1_487' title='bbox 483 2531 594 2564; x_wconf 78' lang='lat' dir='ltr'><strong>sontes</strong></span> <span class='ocrx_word' id='word_1_488' title='bbox 626 2543 729 2575; x_wconf 85' lang='lat' dir='ltr'><strong>prope</strong></span> <span class='ocrx_word' id='word_1_489' title='bbox 767 2531 874 2564; x_wconf 84' lang='lat' dir='ltr'><strong>vicum</strong></span> <span class='ocrx_word' id='word_1_490' title='bbox 898 2531 1127 2571; x_wconf 73' lang='lat' dir='ltr'><strong>Prosotchc&#39;ni,</strong></span> <span class='ocrx_word' id='word_1_491' title='bbox 1151 2531 1206 2574; x_wconf 85' lang='lat' dir='ltr'><strong>qui</strong></span> <span class='ocrx_word' id='word_1_492' title='bbox 1230 2529 1339 2562; x_wconf 88' lang='lat' dir='ltr'><strong>tribus</strong></span> <span class='ocrx_word' id='word_1_493' title='bbox 1363 2528 1451 2562; x_wconf 91' lang='lat' dir='ltr'><strong>horis</strong></span> <span class='ocrx_word' id='word_1_494' title='bbox 1467 2527 1670 2571; x_wconf 88' lang='lat' dir='ltr'><strong>alteriusque</strong></span> <span class='ocrx_word' id='word_1_495' title='bbox 1680 2526 1728 2560; x_wconf 86' lang='lat' dir='ltr'><strong>di-</strong></span> 
     </span>
     <span class='ocr_line' id='line_1_53' title="bbox 486 2574 1729 2624; baseline -0.004 -15"><span class='ocrx_word' id='word_1_496' title='bbox 486 2576 586 2610; x_wconf 89' lang='lat' dir='ltr'><strong>midio</strong></span> <span class='ocrx_word' id='word_1_497' title='bbox 602 2577 706 2610; x_wconf 82' lang='lat' dir='ltr'><strong>distat</strong></span> <span class='ocrx_word' id='word_1_498' title='bbox 729 2578 771 2610; x_wconf 90' lang='lat' dir='ltr'><strong>ab</strong></span> <span class='ocrx_word' id='word_1_499' title='bbox 793 2576 915 2621; x_wconf 89' lang='lat' dir='ltr'><strong>oppido</strong></span> <span class='ocrx_word' id='word_1_500' title='bbox 944 2577 1079 2617; x_wconf 85' lang='lat' dir='ltr'><strong>Drama,</strong></span> <span class='ocrx_word' id='word_1_501' title='bbox 1104 2575 1314 2620; x_wconf 85' lang='lat' dir='ltr'><strong>prosilientes</strong></span> <span class='ocrx_word' id='word_1_502' title='bbox 1335 2574 1500 2607; x_wconf 84' lang='lat' dir='ltr'><strong>indicavit</strong></span> <span class='ocrx_word' id='word_1_503' title='bbox 1533 2583 1729 2624; x_wconf 74' lang='lat' dir='ltr'><strong>cursumque</strong></span> 
     </span>
     <span class='ocr_line' id='line_1_54' title="bbox 485 2618 1728 2667; baseline -0.004 -13"><span class='ocrx_word' id='word_1_504' title='bbox 485 2628 682 2667; x_wconf 83' lang='lat' dir='ltr'><strong>persecutus</strong></span> <span class='ocrx_word' id='word_1_505' title='bbox 716 2626 769 2656; x_wconf 89' lang='lat' dir='ltr'><strong>est</strong></span> <span class='ocrx_word' id='word_1_506' title='bbox 801 2623 997 2664; x_wconf 78' lang='lat' dir='ltr'><strong>Cousinery.</strong></span> <span class='ocrx_word' id='word_1_507' title='bbox 1023 2622 1043 2654; x_wconf 89' lang='grc' dir='ltr'><strong>Ι.</strong></span> <span class='ocrx_word' id='word_1_508' title='bbox 1078 2622 1099 2653; x_wconf 91' lang='grc' dir='ltr'><strong>Ι.</strong></span> <span class='ocrx_word' id='word_1_509' title='bbox 1132 2621 1162 2654; x_wconf 89' lang='lat'><strong>11</strong></span> <span class='ocrx_word' id='word_1_510' title='bbox 1196 2632 1228 2665; x_wconf 88' lang='lat' dir='ltr'><strong>p.</strong></span> <span class='ocrx_word' id='word_1_511' title='bbox 1262 2622 1317 2655; x_wconf 89' lang='lat'>50.</span> <span class='ocrx_word' id='word_1_512' title='bbox 1376 2621 1407 2653; x_wconf 89' lang='lat' dir='ltr'>A</span> <span class='ocrx_word' id='word_1_513' title='bbox 1438 2618 1595 2663; x_wconf 82' lang='lat' dir='ltr'><strong>Bulgaris</strong></span> <span class='ocrx_word' id='word_1_514' title='bbox 1616 2627 1728 2651; x_wconf 78' lang='lat' dir='ltr'><strong>vocam</strong></span> 
     </span>
     <span class='ocr_line' id='line_1_55' title="bbox 484 2663 1725 2716; baseline -0.004 -16"><span class='ocrx_word' id='word_1_515' title='bbox 484 2669 657 2713; x_wconf 79' lang='lat' dir='ltr'><strong>Aughista</strong></span> <span class='ocrx_word' id='word_1_516' title='bbox 688 2673 844 2703; x_wconf 83' lang='lat' dir='ltr'><strong>testatur.</strong></span> <span class='ocrx_word' id='word_1_517' title='bbox 891 2669 1069 2702; x_wconf 86' lang='lat' dir='ltr'><strong>Caeterum</strong></span> <span class='ocrx_word' id='word_1_518' title='bbox 1099 2666 1185 2700; x_wconf 81' lang='lat' dir='ltr'><strong>idem</strong></span> <span class='ocrx_word' id='word_1_519' title='bbox 1221 2666 1270 2698; x_wconf 77' lang='lat' dir='ltr'><strong>vii·</strong></span> <span class='ocrx_word' id='word_1_520' title='bbox 1292 2665 1408 2699; x_wconf 88' lang='lat' dir='ltr'><strong>doctus</strong></span> <span class='ocrx_word' id='word_1_521' title='bbox 1441 2665 1463 2698; x_wconf 91' lang='grc'><strong>1.</strong></span> <span class='ocrx_word' id='word_1_522' title='bbox 1495 2664 1518 2697; x_wconf 87' lang='lat' dir='ltr'><strong>l.</strong></span> <span class='ocrx_word' id='word_1_523' title='bbox 1541 2675 1574 2708; x_wconf 88' lang='lat' dir='ltr'><strong>p.</strong></span> <span class='ocrx_word' id='word_1_524' title='bbox 1594 2663 1642 2716; x_wconf 53' lang='lat'><strong>27</strong></span> <span class='ocrx_word' id='word_1_525' title='bbox 1656 2673 1725 2715; x_wconf 72' lang='lat' dir='ltr'><strong>seq.</strong></span> 
     </span>
     <span class='ocr_line' id='line_1_56' title="bbox 486 2709 1726 2757; baseline -0.004 -12"><span class='ocrx_word' id='word_1_526' title='bbox 486 2712 519 2746; x_wconf 91' lang='lat' dir='ltr'><strong>in</strong></span> <span class='ocrx_word' id='word_1_527' title='bbox 552 2725 677 2748; x_wconf 87' lang='lat' dir='ltr'><strong>omnem</strong></span> <span class='ocrx_word' id='word_1_528' title='bbox 710 2713 874 2749; x_wconf 87' lang='lat' dir='ltr'><strong>Herodoti</strong></span> <span class='ocrx_word' id='word_1_529' title='bbox 907 2712 1127 2747; x_wconf 79' lang='lat' dir='ltr'><strong>narrationem</strong></span> <span class='ocrx_word' id='word_1_530' title='bbox 1157 2711 1346 2757; x_wconf 81' lang='lat' dir='ltr'><strong>inquirenS,</strong></span> <span class='ocrx_word' id='word_1_531' title='bbox 1379 2722 1444 2754; x_wconf 88' lang='lat' dir='ltr'><strong>ea,</strong></span> <span class='ocrx_word' id='word_1_532' title='bbox 1465 2720 1552 2755; x_wconf 78' lang='lat' dir='ltr'><strong>quae</strong></span> <span class='ocrx_word' id='word_1_533' title='bbox 1570 2709 1726 2743; x_wconf 75' lang='lat' dir='ltr'><strong>historiae</strong></span> 
     </span>
    </p>
   </div>
  </div>
 </body>
</html>
