1834 3258
415 236 679 274 HERODOTI
716 235 996 274 POLYMNIA.
1027 236 1110 273 Vn.
1320 236 1405 275 425

99 353 278 400 Βσῖτον,
321 346 396 389 καὶ
423 349 564 410 Q.
610 343 782 388 τούτων
811 344 857 388 δὲ
886 343 1336 401 περιαγγελλομένων,
1373 344 1401 400 ἡ
1468 302 1662 383 23ss-

132 414 248 472 Ἀσίη
277 411 470 458 ἐδονέετο
501 412 570 456 ἐπὶ
597 414 697 467 τρία
716 413 822 465 ἔτεα,
852 411 1209 468 καταλεγομένων
1237 428 1283 455 τε
1312 416 1399 476 τῶν
1458 417 1539 459 506

137 482 352 538 ἀρίστων,
382 479 440 532 ὦς
468 480 538 524 ἐπὶ
568 480 648 537 τὴν
673 480 857 526 Ἑλλάδα
887 480 1293 534 στρατευσομένων,
1334 479 1462 523 καὶῙ5

106 548 598 605 4παρασκευαζομένων.
647 549 846 608 Τετάρτῳ
868 549 914 593 δὲ
938 550 1024 592 ἔτεϊ
1039 548 1285 603 Αἰγύπτιοι,
1314 546 1404 591 ὑπὸ

136 616 384 674 Καμβύσεω
415 617 730 670 δουλωθέντες,
772 616 1018 673 ἀπέστησαν
1065 615 1150 659 ἀπὸ
1185 616 1402 671 Περσέων.

137 685 332 730 ἐνθαῦτα
371 684 424 741 δή
462 685 535 728 καὶ
574 690 742 742 μᾶλλον
781 685 954 742 ὥρμητο
996 685 1068 728 καὶ
1106 682 1175 728 ἐπ’
1221 682 1405 739 ἀμφοτέ-

49 753 79 795 2
139 770 248 805 ρους
285 751 609 807 στρατεύεσθαι.
676 753 976 809 Στελλομένου
1016 753 1062 796 δὲ
1100 754 1295 806 Δαρείου
1335 751 1402 795 ἐπ’
1462 746 1737 815 ffiffilffifffigm

133 823 360 876 Αἴγυπτον
397 821 472 864 καὶ
506 819 712 878 Ἀθήνας,
750 826 839 866 τῶν
877 823 1048 865 παίδων
1078 818 1218 863 αὐτοῦ
1252 818 1454 871 στάσιςΞΟ
1457 825 1527 879 3331
1539 827 1720 889 ζξιᾞξᾞξ

131 888 299 944 ἐγένετο
347 888 509 945 μεγάλη
562 891 661 944 περὶ
700 893 776 944 τῆς
820 889 1072 945 ἡγεμονίης·
1123 888 1180 939 ὠς
1220 890 1287 931 δεῖ
1313 906 1401 944 μιν,

1460 890 1494 912 ut
1508 895 1594 914 more
1611 875 1720 915 Persa-

1459 928 1527 947 rum
1544 929 1581 948 ex
1598 921 1672 948 filiis

133 955 403 1009 ἀποδέξαντα
425 957 626 1014 βασιλέα,
657 957 767 1002 κατὰ
795 958 874 1001 τόν
906 955 1113 1012 Περσέων
1141 956 1295 1012 νόμον,
1327 957 1400 1000 οὕ-

1460 962 1582 982 success¹
1587 963 1671 982 orem
1680 955 1737 983 sibi

1461 989 1592 1026 deligat,
1610 997 1721 1025 magna

76 1151 262 1191 Herodot.
292 1155 356 1202 VI,
387 1154 464 1203 48,
506 1153 738 1204 distinguere

77 1209 167 1246 licet
192 1210 292 1247 inter
311 1210 405 1257 νέας
426 1212 453 1248 1.
479 1224 514 1248 e.
535 1224 643 1248 naves
665 1211 740 1247 lon-

76 1279 148 1315 gas
168 1279 294 1318 easque
312 1268 456 1305 bellicas
474 1275 512 1305 et
530 1270 650 1307 πλοῖα
668 1269 739 1305 i.e.

77 1325 230 1373 navigia
250 1324 298 1362 ad
312 1325 440 1362 milites
449 1337 593 1375 equosve
612 1325 741 1362 vehen-

37 1375 43 1380 ’
77 1379 140 1417 dos
169 1385 458 1432 commeatumque
495 1385 741 1432 transportan-

78 1436 163 1474 dum
179 1441 212 1474 et
231 1438 391 1476 bellicum
417 1442 632 1489 apparatum
642 1442 739 1488 apta,

77 1495 198 1533 πλοῖα
207 1493 446 1560 ἱππαγωγοὶ
481 1494 549 1534 καὶ
587 1509 740 1546 φοοτη-

75 1565 230 1602 γητικα.
288 1553 479 1589 Wesselin
483 1553 566 1601 gius
595 1552 740 1589 excita-

75 1613 184 1644 verat
212 1607 364 1645 Arrian.
393 1608 546 1659 Exped.
572 1607 658 1645 Ind.
687 1611 738 1649 19

77 1664 117 1709 §.
137 1666 177 1704 7.
232 1664 279 1700 In
306 1667 484 1716 proxime
513 1678 620 1717 seqq.
649 1678 737 1702 cum

75 1719 292 1758 Gaisfordio
312 1718 467 1762 τούτων
491 1721 648 1760 exhibui
667 1735 737 1774 pro

74 1775 259 1817 τουτέων.

131 1831 161 1884 ’ἡ
185 1829 301 1885 Ἀσίη
330 1833 510 1875 ἐδονέετο
548 1834 613 1876 ἐπὶ
650 1836 740 1885 τρία

78 1887 188 1938 ἔτεα]
220 1892 312 1928 Post
332 1890 508 1932 ἐδονέετο
531 1893 571 1928 111
596 1891 739 1928 Aldina

74 1947 252 1984 inseritur
288 1950 419 1996 πᾶσα;
481 1947 587 1985 haud
625 1949 739 1996 male,

84 2001 203 2040 modo
232 2004 370 2056 reliqui
396 2003 502 2053 libri,
543 2006 583 2041 in
604 2006 741 2056 quibus

78 2061 256 2097 omnibus
278 2060 400 2109 deest,
431 2060 741 2112 suffragarentur.

78 2115 247 2154 Additur
273 2118 339 2154 illa
359 2119 496 2155 vocula
515 2120 555 2155 in
575 2119 668 2156 locis
688 2119 741 2155 si-

76 2174 231 2211 milibus
265 2187 286 2211 a
305 2176 565 2226 VVesselingio
595 2176 742 2212 excita—

78 2231 124 2267 tis
135 2231 302 2281 Appiani
322 2233 368 2270 Β.
387 2232 429 2268 C.
441 2233 504 2279 IV,
516 2233 584 2273 52.
615 2234 741 2269 Hero-

78 2286 183 2324 diani
202 2288 282 2336 VII,
304 2289 329 2329 5
351 2290 390 2334 ξ.
410 2291 449 2330 8.
471 2289 558 2326 οοΠ.
579 2290 741 2339 Gregor-

77 2345 171 2381 Naz.
201 2345 265 2382 Or.
284 2346 450 2383 XXVIII
475 2358 563 2397 pag.
590 2344 670 2387 483
692 2347 740 2382 D.

79 2398 221 2450 Agath.
253 2400 384 2439 Schol.
414 2404 451 2439 H
478 2416 518 2453 p.
540 2406 607 2444 30.
665 2403 740 2440 Ubi

79 2455 186 2494 idem
224 2460 387 2495 occurrit
414 2461 578 2497 verbum
613 2459 739 2499 δονεῖ-

10 2531 13 2534 ’
81 2517 180 2552 σθαι
199 2512 247 2550 de
266 2516 409 2565 populo
438 2515 487 2553 ad
511 2515 739 2553 seditionem

79 2571 246 2607 excitato
266 2571 345 2608 sive
363 2572 506 2609 bellicis
517 2574 641 2619 ‚turbis
655 2574 739 2623 agi-

78 2632 174 2667 tato.
230 2626 333 2668 Add.
354 2629 500 2666 Iacobs.
521 2629 569 2666 ad
587 2630 738 2667 Aelian.

79 2684 126 2722 N.
157 2683 206 2721 A.
235 2685 320 2732 XV,
350 2687 416 2724 21.
466 2686 572 2730 Quae
605 2687 741 2723 Noster

79 2737 120 2776 11.
149 2740 176 2776 l.
206 2738 298 2778 dicit
334 2739 417 2780 ἔτεα
447 2741 548 2794 τρία,
579 2743 740 2780 Tzetzes

83 2794 182 2833 Chil.
213 2798 243 2845 1,
273 2799 354 2838 870
391 2811 458 2849 pro
492 2811 582 2835 suae
611 2800 742 2836 aetatis

83 2864 190 2890 more
200 2852 296 2891 dixit
304 2858 409 2906 τρεῖς
423 2851 543 2902 ὅλους
561 2851 742 2907 χρόνους,

796 1167 864 1205 per
886 1166 981 1205 quos
999 1154 1089 1189 Asia
1110 1153 1260 1190 turbata
1276 1153 1322 1190 sit
1342 1154 1459 1204 copiis

796 1209 969 1262 undique
1008 1208 1218 1246 conductis.
1249 1233 1300 1238 —-
1353 1211 1459 1256 Quae

797 1269 981 1305 continuo
1002 1265 1105 1317 apud
1134 1265 1376 1303 Herodotum
1397 1281 1459 1304 se—

798 1331 969 1377 quuntur
978 1324 1106 1371 verba,
1119 1336 1164 1359 ea
1175 1337 1263 1360 cum
1276 1322 1461 1374 Schwgh.

798 1389 837 1418 et
868 1381 987 1419 Gaisf.
1017 1381 1070 1417 ita
1100 1381 1387 1429 constituimus,
1417 1388 1461 1418 ut

795 1440 1004 1485 maiorem,
1026 1450 1124 1489 quae
1144 1444 1234 1474 aute
1253 1440 1462 1490 καταλεγο-

797 1495 928 1547 μένων
937 1501 1156 1546 poneretur,
1178 1493 1461 1531 distinctionem

796 1559 1104 1590 converteremus
1166 1551 1207 1588 in
1254 1553 1459 1600 minorem,

795 1611 973 1660 proxima
1029 1608 1167 1645 vocula
1221 1605 1265 1647 δὲ
1311 1615 1460 1646 mutata

794 1668 835 1703 in
855 1681 907 1715 τε,
928 1666 1117 1703 maiorem
1135 1678 1225 1702 vero
1247 1664 1460 1702 distinctio-

794 1737 889 1760 nem
923 1729 1010 1774 post
1037 1720 1458 1772 παρασκευαζομένων,

795 1781 863 1818 ubi
893 1780 1010 1830 vulgo
1030 1779 1159 1816 minor
1179 1779 1364 1815 exstabat.

859 1834 1039 1888 Τετάρτῳ
1072 1833 1115 1874 δὲ
1145 1833 1224 1874 ἔτεϊ
1242 1830 1459 1887 Αἰγύπτιοι

797 1909 834 1933 κ.
854 1909 889 1932 τ.
912 1891 965 1937 λ]
995 1891 1134 1928 Incidit
1154 1890 1228 1928 boc
1248 1892 1289 1927 in
1313 1904 1459 1928 annum

797 1949 880 1990 486
912 1947 1066 1985 asehr.
1087 1961 1128 1984 n.
1171 1947 1258 1985 vid.
1277 1947 1459 1986 Lareher.

797 2006 916 2043 Tom.
935 2006 1007 2043 VII
1025 2018 1065 2056 p.
1091 2002 1184 2046 642.

1047 2107 1141 2158 cap.
1170 2108 1218 2145 Π.

855 2174 1126 2227 Στελλομένου
1148 2173 1191 2215 δὲ
1205 2176 1378 2227 Δαρείου
1401 2172 1461 2216 ἐπ’

797 2231 1004 2284 Αἴγυπτον
1033 2232 1102 2272 καὶ
1131 2228 1344 2282 Ἀθήνας]
1377 2234 1403 2271 i.
1425 2248 1460 2271 e.

798 2302 888 2326 cum
898 2291 1035 2327 Darius
1055 2296 1253 2340 separaret
1273 2288 1412 2341 aditer
1428 2304 1459 2327 s.

798 2345 1084 2396 expeditionem
1112 2345 1351 2395 faciendam,
1383 2347 1459 2399 quit

795 2403 878 2453 Aet³
899 2410 1021 2454 *ptum
1068 2404 1253 2440 rebellem
1306 2411 1459 2454 pacaret

795 2459 1046 2512 Athenasque
1060 2461 1265 2511 subigeret.
1296 2461 1458 2498 Siover-

796 2517 890 2553 bum
900 2515 1140 2566 στέλλεσθαι,
1162 2518 1235 2554 alia
1246 2525 1289 2554 ut
1297 2525 1457 2565 taceam,

794 2573 840 2622 V,
861 2573 1032 2623 43.V11‚
1054 2573 1093 2614 4.
1114 2576 1211 2615 239.

853 2644 907 2676 ως
931 2630 994 2670 δεῖ
1010 2646 1079 2681 μιν
1111 2625 1237 2670 οἶποδε
1229 2628 1362 2677 ’ξαντα
1384 2630 1459 2680 βα-

796 2684 904 2726 σιλέα
935 2684 1035 2727 κατὰ
1068 2701 1139 2726 τον
1170 2684 1358 2736 Περσέων
1385 2681 1459 2725 νό-

798 2757 887 2794 μον,
901 2739 1005 2782 ου’τω
1020 2739 1333 2792 στρατεύεσθαι]
1356 2743 1459 2790 „Se-

797 2798 970 2837 cundum
1001 2799 1190 2837 Persarum
1213 2799 1344 2848 Iegem,
1387 2800 1458 2837 soli

797 2855 894 2894 forte
905 2862 1159 2894 memoratam
1168 2855 1460 2904 llerodoto,ante
