1789 3213
463 204 945 267 PO'LYMNIA.
1002 226 1108 265 v11.

1330 227 1415 266 785

152 338 388 396 ἐβούλοντο
417 342 639 394 νοστῆσαι,
671 335 938 380 ἀποθανέειν
959 335 1050 391 ἅμα
1079 338 1193 378 τοῖσι
1222 331 1410 377 ἄλλοισι·

153 405 319 461 παρεόν
349 415 428 460 σφι
456 403 626 448 τούτων
655 404 707 447 τοὶ
735 403 860 459 ἕτερα
889 404 1066 457 ποιέειν,
1097 400 1180 446 οὐκ
1210 400 1412 456 ἐθελῆσαι

153 473 465 530 ὁμοφρονέειν·
511 471 618 516 ἀλλὰ
655 469 809 529 γνώμῃ
841 471 1174 527 διενειχθέντας,
1205 468 1414 523 Εὔρυτον

152 541 232 598 μὲν
270 540 529 595 πυθόμενον
560 542 648 583 τῶν
685 539 891 595 Περσέων
925 539 1004 595 τὴν
1030 539 1256 592 περίοδον,
1297 536 1413 594 αἰτή-

151 607 288 652 σαντά
318 624 362 652 τε
398 608 452 651 τοὶ
482 607 596 650 ὅπλα
636 608 710 652 καὶ
746 608 949 652 ἐνδύντα.

1008 603 1128 660 ἄγειν
1178 603 1313 649 αὐτόν
1348 621 1409 648 κε-

149 679 299 720 λεῦσαι
328 674 406 720 τόν
435 677 590 719 εἵλωτα
611 673 653 726 ές
681 674 789 726 τούς
813 673 1104 730 μαχομένους·
1137 671 1251 724 ὅκως
1272 672 1316 716 δὲ
1334 671 1412 716 αὐ-
1425 679 1469 713 85

148 743 227 788 τόν
266 742 423 800 ἤγαγε,
468 743 545 787 τὸν
584 743 663 799 μὲν
694 742 915 799 ἀγαγόντα
946 743 1141 797 οἴχεσθαι
1171 739 1406 797 φεύγοντα,

149 809 228 855 τόν
260 811 325 864 δὲ,
366 810 602 855 ἐσπεσόντα
646 811 689 863 ές
737 812 817 855 τόν
862 810 1040 866 ὅμιλον,

115 876 473 936 δἈριστόδημον,
497 878 542 922 δὲ
571 879 912 934 λειποψυχέοντα
944 881 1193 933 λειφθῆναι.

1094 811 1411 864 διαφθαρῆναι·

1250 879 1306 920 El
1335 878 1413 933 μέν

150 963 236 991 νυν
292 943 348 1003 ἦν
405 951 575 1004 μοῦνον
612 946 924 1003 Ἀριστόδημον
972 944 1220 1001 ἀλγήσαντα
1258 943 1411 988 ἀπονο-

151 1017 304 1070 στῆσαι
334 1014 376 1066 ές
409 1015 645 1072 Σπάρτην,
674 1014 702 1070 ἢ
730 1015 802 1058 καὶ
832 1015 944 1071 ὁμοῦ
975 1013 1122 1069 σφέων
1152 1011 1413 1068 α’μφοτέρων

149 1081 229 1137 τὴν
251 1083 439 1139 κομιδὴν
454 1083 666 1139 γενέσθαι,
684 1086 851 1127 δοκέειν
870 1082 978 1138 ἐμοὶ,
1000 1079 1082 1125 οὐκ
1103 1079 1156 1123 ἄν
1173 1093 1251 1136 σφι
1267 1084 1413 1136 Σιταρ-
1423 1087 1468 1121 90

149 1148 297 1204 τιήτας
335 1154 469 1205 μῆνιν
510 1151 721 1206 οὐδεμίαν
758 1149 1057 1204 προσθέσθαι·
1105 1148 1206 1192 νυνὶ
1237 1148 1296 1201 δὲ,
1329 1143 1410 1192 τοῦ

148 1216 230 1272 μέν
259 1216 402 1261 αὐτῶν
431 1217 723 1274 ἀπολομένου,
752 1221 834 1261 τοῦ
866 1218 922 1271 δὲ,
953 1223 1030 1274 τῆς
1058 1217 1137 1272 μὲν
1168 1215 1300 1271 αὐτῆς
1318 1215 1410 1271 έχο-

148 1285 285 1341 μένου
314 1285 577 1342 προφάσιος,
609 1284 689 1330 οὐκ
719 1285 1008 1342 ἐθελήσαντος
1038 1285 1083 1328 δὲ
1104 1283 1411 1338 ἀποθνήσκειν,

151 1352 399 1409 ἀναγκαίως
429 1366 508 1412 σφι
538 1355 647 1412 ἔχειν
675 1355 854 1412 μηνίσαι
883 1353 1076 1412 μεγάλως
1102 1351 1411 1411 Ἀριστοδήμῳ.

91 1543 230 1580 VVasse
262 1541 310 1579 ad
338 1540 558 1594 Thucydid.
588 1544 651 1591 IV,
684 1544 750 1583 12.

92 1599 218 1650 Supra
248 1602 382 1637 Noster
412 1601 492 1646 VII,
512 1602 612 1640 107:
653 1594 753 1639 ἆλλοὶ

92 1655 335 1707 διεκαρτέρεε
355 1656 394 1702 ἐς
411 1653 453 1695 τὸ
469 1655 650 1706 ἔσχατονς
672 1668 749 1707 quo

91 1712 230 1750 eodem
250 1725 362 1750 sensu
384 1713 430 1749 ab
450 1713 529 1749 aliis
547 1711 620 1749 dici
640 1725 748 1749 mor-

89 1770 202 1822 bosos
231 1765 401 1820 ἐσχάτως
426 1768 527 1818 ἔχειν
552 1783 581 1807 s,
604 1770 752 1808 διακεῖ-

92 1830 189 1865 σθαι
207 1826 380 1863 observat
398 1826 675 1876 Wesseliugius
697 1826 753 1863 ci÷

90 1889 174 1920 tans
207 1881 353 1919 Thom.
390 1884 493 1932 Mag.
525 1896 554 1919 s.
577 1896 612 1919 v.
636 1878 752 1932 ἐσχά-

90 1954 166 1986 τως
180 1953 218 1990 p.
241 1942 335 1987 373,
356 1940 421 1975 ubi
440 1940 549 1989 plura
567 1938 754 1976 dederunt

44 2011 50 2018 =
90 1992 324 2047 interpretes,
357 2002 394 2032 et
420 1995 576 2034 Diodor.
611 1997 749 2044 XVIII,

90 2050 158 2093 48.
235 2054 320 2089 Huc
351 2065 504 2105 quoque
543 2053 750 2100 retulerim,

93 2107 198 2159 quod
235 2109 390 2146 inferius
431 2108 531 2160 apud
571 2111 750 2146 Nostrum

91 2164 232 2214 legitur
261 2160 490 2217 οῗλγήσαντα
518 2166 632 2202 morbo
654 2165 748 2216 (scil.

91 2221 321 2265 oculorum)
343 2221 531 2270 affectum,
572 2222 749 2271 dolentem,

91 2278 159 2314 ubi
191 2279 293 2314 male
325 2277 437 2315 codd.
466 2277 625 2331 quidam
655 2274 751 2318 οἷλο-

91 2329 281 2386 γήσαντα.

148 2393 230 2429 τῶν
248 2389 434 2442 Περσέων
452 2406 527 2442 την
543 2390 752 2443 περίοδον]

92 2447 150 2483 Ita
181 2460 201 2482 e
222 2448 450 2488 §Florentino
480 2449 637 2500 aliisque
667 2447 755 2484 dedi

94 2515 164 2567 pro
205 2504 310 2553 vulg.
352 2518 447 2555 την
491 2507 592 2544 τῶν
629 2506 752 2555 Περσ.

94 2573 172 2610 την
205 2559 405 2611 περίοδον.
419 2584 469 2589 ——
501 2561 563 2598 Ad
585 2556 754 2601 ἐνδύντα

96 2615 198 2653 conf.
228 2622 324 2652 nott.
357 2615 405 2652 ad
433 2618 616 2665 V11‚218
648 2624 685 2655 et
704 2616 753 2655 ad

98 2671 239 2711 είλωτα
261 2679 356 2709 nott.
369 2671 417 2709 ad
429 2672 511 2721 Vn,
525 2675 620 2712 202.
642 2673 753 2718 Quod

96 2729 339 2778 infralegitur
350 2727 672 2779 λειποψυχέοντα,
692 2731 756 2766 in-

96 2792 281 2835 terpretor
308 2787 423 2822 animo
449 2785 673 2835 deficientem,
705 2789 756 2822 ta·-

97 2843 250 2890 midam,
296 2842 568 2892 pusillanimem.
646 2842 753 2880 Cous.

154 2900 375 2938 Hmzonor.
396 2899 462 2937 111.

811 1539 1035 1593 Thucydid.
1045 1541 1110 1589 IV,
1132 1542 1196 1580 12.
1228 1537 1469 1576 Valckenae-

807 1600 876 1647 rio,
900 1597 1017 1635 modo
1037 1610 1135 1635 unus
1156 1595 1279 1633 codex
1308 1596 1469 1646 praebe-

806 1662 884 1703 ret,
914 1657 1037 1705 magis
1059 1655 1225 1705 placeret
1246 1651 1468 1702 φιλοψυχέ-

806 1727 902 1751 οντα
932 1712 958 1748 i.
995 1725 1029 1748 e.
1061 1713 1156 1747 vitae
1191 1713 1388 1757 amantem3
1420 1708 1467 1745 de

809 1781 885 1820 quo
905 1769 1021 1805 verbo
1039 1768 1103 1804 ille
1124 1768 1212 1804 citat
1242 1768 1406 1816 Lycurg.
1429 1766 1466 1801 in

807 1828 981 1866 Leocrat.
1002 1838 1041 1875 p.
1064 1826 1155 1870 163,
1176 1822 1202 1863 4
1225 1823 1281 1873 [Ρ.
1299 1825 1379 1862 213
1401 1822 1467 1870 R-]

810 1883 999 1919 Clement.
1020 1879 1229 1917 Alexandr.
1247 1880 1297 1916 VI
1318 1893 1356 1929 p.
1370 1877 1466 1925 749,

811 1941 876 1978 10.
932 1936 1141 1974 Marclaud.
1164 1935 1212 1973 ad
1230 1938 1318 1987 Lys.
1340 1948 1377 1986 p.
1400 1933 1467 1983 44,

807 1993 834 2034 4
857 1996 913 2046 [p.
934 1997 1000 2035 87.
1022 1995 1073 2031 Τ.
1093 1994 1139 2031 V.
1160 1991 1318 2041 Reisk.]
1350 1992 1469 2029 Wet-

805 2058 901 2090 sten.
935 2050 984 2088 ad
1011 2051 1198 2101 Evangel.
1225 2051 1358 2086 Ioaun.
1380 2049 1466 2097 XII,

864 2159 936 2204 οὐκ
959 2159 1010 2202 ὄῖν
1030 2175 1103 2213 σφι
1118 2156 1370 2214 Σπαρτιητας
1389 2161 1466 2212 μῆ-

807 2235 872 2260 νιν
922 2215 1115 2271 ου’δεμίαν
1167 2217 1425 2286 προσθέσθαι
1444 2218 1462 2266 ]

809 2278 1066 2328 Exspectabas
1078 2289 1168 2314 sane
1181 2272 1255 2315 οὐκ
1267 2270 1318 2314 ἄν
1329 2278 1467 2324 Σπαρ-

811 2349 941 2384 τιηται
971 2356 1024 2361 —
1047 2331 1307 2384 προσέθεντο.
1387 2329 1466 2368 Sed

809 2391 973 2428 mutavit
991 2392 1127 2428 Noster
1138 2391 1360 2439 scripturam
1377 2399 1468 2437 pro-

810 2448 873 2485 cul
902 2447 1017 2484 dubio
1048 2448 1097 2484 ob
1130 2446 1244 2483 ve1ba
1272 2445 1468 2481 interiecta

809 2502 962 2544 δοκέειν
983 2503 1083 2555 ἐμοί.
1138 2501 1224 2540 Vid.
1244 2498 1379 2538 Matth.
1401 2501 1468 2538 Gr.

809 2562 875 2600 Gr.
896 2573 984 2612 pag
1009 2559 1262 2600 1059.1292.
1292 2554 1470 2608 προσθέ-

810 2622 909 2657 σθαι
931 2616 1054 2667 μῆνίν
1074 2631 1153 2655 τινι
1181 2621 1235 2650 est
1255 2616 1346 2650 iram
1365 2626 1469 2650 exer-

810 2687 883 2711 cere
903 2687 940 2710 ιη
960 2673 1123 2722 alzqzwm.
1171 2671 1227 2709 cf.
1246 2669 1387 2705 Herod.
1404 2669 1468 2716 IV,

810 2730 876 2770 65.
914 2730 994 2776 Vll,
1038 2731 1084 2768 11
1125 2728 1207 2764 init.
1252 2726 1469 2762 Dictionem

811 2785 972 2835 ἔχεσθαι
997 2780 1224 2838 προφάσιος
1252 2783 1468 2820 invenimus

812 2843 873 2890 VI,
896 2840 962 2881 94.

1142 2897 1195 2936 50
