1851 3181
282 561 347 608 85

81 626 289 662 Sagartiorum
301 639 307 656 :

409 243 494 282 566

411 349 632 405 παρείχετο
663 349 811 399 ἵππον,
841 346 951 392 ἀλλὰ
978 347 1136 392 τοσάδε
1165 350 1322 404 μοῦνα.

806 239 1272 278 HERODOTI

1382 347 1551 402 Πέρσαι
1582 349 1677 405 μὲν,

412 418 493 474 τὴν
520 417 655 472 αὐτὴν
686 416 995 472 ἐσκευασμένοι
1034 417 1109 460 καὶ
1138 415 1162 460 ὅ
1192 416 1314 470 πεζὸς
1355 416 1523 460 αὐτῶν·
1565 417 1680 474 πλὴν

409 486 478 529 ἐπὶ
506 489 604 541 τῇσι
633 489 849 542 κεφαλῇσι
874 483 991 540 εἶχον
1020 484 1283 541 μετεξέτεροι
1313 484 1458 528 αὐτῶν
1478 486 1550 528 καὶ
1580 486 1676 541 χαλε

407 570 485 597 κεα
513 553 586 595 καὶ
617 552 797 608 σιδήρεα
826 553 1107 610 ἐξεληλαμένα
1135 552 1367 610 ποιήματα.
1416 555 1518 597 Εἰσὶ
1548 554 1592 597 δέ
1622 562 1713 598 *ct-1

410 636 483 671 νες
513 618 700 674 νομάδες
729 621 961 676 ἅνθρωποι
991 621 1235 677 Σαγάρτιοι
1264 621 1532 677 καλεόμενοι,
1547 623 1678 674 ἔθνος

407 689 486 744 μὲν
523 688 748 742 Περσικόν
789 691 861 733 καὶ
895 694 1043 747 φωνῇ,
1076 689 1235 745 σκευήν
1270 690 1315 733 δὲ
1344 691 1502 745 μεταξὺ
1531 691 1679 747 ἔχουσι

408 757 705 812 πεποιημένην
743 761 819 812 τῆς
858 774 902 801 τε
936 762 1151 814 Περσικῆς
1190 758 1263 800 καὶ
1290 761 1368 812 τῆς
1400 761 1676 816 Πακτυϊκῆς·

410 827 452 867 οἳ
481 826 739 880 παρείχοντο
767 826 846 880 μὲν
877 828 1011 869 ἵππον
1040 824 1387 882 ὀκτακισχιλίην,
1416 826 1529 870 ὅπλα
1558 828 1604 871 δὲ
1623 826 1710 871 0ὐὸ

410 894 636 946 νομίζουσι
666 894 775 949 ἔχειν
806 894 906 938 οὔτε
935 893 1094 951 χάλκεα
1126 892 1228 937 οὔτε
1259 892 1460 950 σιδήρεα,
1502 895 1580 947 ἔξω
1613 896 1683 952 ἐγ-

389 967 410 999 2
423 962 654 1016 χειριδίων.

362 1155 426 1206 ζὸς
455 1160 556 1198 conf.
586 1167 682 1199 nott.
720 1160 769 1197 ad
797 1162 879 1208 VH,
901 1160 953 1201 41
989 1168 1025 1198 et

362 1215 408 1252 de
435 1217 638 1253 Persarum
657 1217 831 1269 peditum
853 1224 1026 1255 armatu-

359 1285 400 1309 ra
421 1274 500 1320 vn,
522 1276 588 1313 61.

401 1328 657 1381 ἐξεληλαμένα
668 1326 889 1380 ποιήματα]
904 1326 1025 1380 ποιή-

363 1401 465 1437 ματα
490 1399 593 1436 opera
628 1387 816 1424 intellexit
847 1387 1025 1424 Herodo-

361 1450 432 1489 tus,
455 1445 601 1493 opinor,
624 1444 750 1493 galeas
769 1444 830 1480 vel
852 1451 952 1481 certe
973 1445 1025 1480 si-

361 1500 454 1535 mile
475 1501 605 1550 capitis
616 1508 897 1551 tegumentum,
921 1500 1025 1551 qnod

361 1557 494 1606 galeae
524 1565 588 1594 aut
618 1557 955 1610 cassidi-quamvis
974 1559 1026 1594 si—

362 1613 466 1660 mile,
494 1614 654 1650 minime
686 1621 815 1650 tamen
845 1628 913 1666 pro
945 1616 1026 1665 ipsa

365 1670 473 1719 galea
493 1668 625 1707 haberi
645 1678 805 1722 poterat.
864 1673 1027 1709 wesse-

364 1727 502 1776 lingius
544 1728 690 1764 confert
718 1727 913 1766 Heliodor.
947 1729 1026 1764 Ae-

365 1781 485 1834 thiop.
505 1784 564 1819 IX
585 1784 693 1833 [15]
726 1798 815 1835 pag.
835 1784 915 1826 431
938 1797 1026 1835 pag.

366 1841 446 1879 369
474 1840 559 1877 Cor.
596 1840 857 1892 ἐξεληλαμένα
883 1855 1029 1879 vocan-

367 1903 451 1943 tur,
483 1910 581 1948 quae
611 1897 734 1935 malleo
764 1903 848 1935 sunt
876 1911 892 1935 e
926 1897 1029 1948 ferro

367 1952 490 1991 ducta.
570 1954 680 1991 Conf.
731 1955 770 2003 I,
811 1955 865 1996 50
901 1956 1030 2007 ibique

366 2016 461 2046 nott.

551 2100 643 2150 Cap.
663 2101 862 2138 LXXXV.

425 2172 670 2228 Σαγάρτιοι]
692 2180 750 2215 De
762 2178 952 2229 Sagartiz‘s
973 2187 1033 2217 at-

370 2234 440 2270 tuli
460 2234 650 2285 quaedam
661 2234 710 2282 ad
726 2237 755 2283 Ι,
772 2236 862 2276 125.
883 2238 949 2284 ΠΙ,
963 2239 1030 2276 93.

370 2292 477 2327 Bene
511 2298 640 2327 autem
677 2290 716 2328 h.
757 2305 805 2328 ex
834 2294 859 2329 l.
890 2294 1033 2342 colligit

371 2349 536 2383 Heeren.
560 2347 690 2386 Ideen.
713 2354 784 2384 etc.
805 2349 833 2395 Ι,
859 2353 877 2388 1
903 2348 1032 2399 p.473

373 2403 565 2453 Sagartios
585 2417 661 2441 non
673 2406 904 2455 pastoritiam
916 2405 1033 2443 modo

371 2461 512 2497 tribum
525 2492 535 2510 ‚
575 2459 641 2498 sed
662 2462 778 2497 etiam
798 2463 1034 2498 venatoriam

372 2516 509 2564 fuisse,
541 2530 636 2569 quae
660 2518 804 2554 bellum
824 2521 1034 2556 venationis

373 2572 418 2610 ad
441 2575 557 2611 instar
571 2588 701 2625 gerere
717 2577 966 2614 consueverit.
983 2599 1032 2604 -

375 2630 437 2667 Ad
449 2644 559 2667 usum
570 2632 674 2668 verbi
685 2632 860 2682 νομίζειν
879 2633 916 2668 in
929 2645 1036 2684 seqq.

376 2688 478 2724 conf.
498 2690 527 2735 Ι,
562 2690 653 2728 130.
675 2688 768 2729 215.
789 2689 852 2736 lv,
878 2691 969 2729 183.

435 2745 588 2798 σειρῇσι
616 2743 930 2800 πεπλεγμένῃσι]
959 2747 1037 2782 Ga-

377 2801 455 2836 leus
495 2802 596 2837 male
629 2804 823 2853 proposuit
878 2804 1037 2856 ζειρῇσι,

378 2870 464 2892 cnm
488 2856 607 2908 ζειραὶ
631 2859 701 2896 sint
725 2861 894 2905 amictus,
917 2865 955 2893 ut
979 2860 1035 2895 vi-

715 964 926 1019 χρέωνται
975 965 1020 1006 δὲ
1062 966 1227 1018 σειρῇσι
1271 962 1584 1019 πεπλεγμένῃσι
1642 963 1684 1015 ἐξ

1083 1159 1208 1196 dimus
1230 1158 1278 1195 ad
1299 1160 1380 1207 VII,
1402 1160 1471 1200 75.
1531 1159 1633 1198 Sunt
1651 1173 1743 1197 vero

1083 1215 1208 1266 σειραὶ
1227 1219 1332 1253 restes
1348 1245 1358 1264 ,
1385 1216 1496 1267 funes
1519 1230 1535 1254 e
1564 1217 1648 1255 loris
1663 1217 1744 1267 ple-

1080 1275 1137 1310 ,τίς
1158 1272 1315 1323 cmisecti.
1356 1274 1502 1322 Exstat,
1524 1274 1745 1310 observante

1081 1331 1339 1380 wesselingio
1352 1359 1362 1378 ‚
1425 1333 1597 1381 σειραῖος
1652 1327 1745 1381 ἱμὰς

1083 1385 1184 1437 apud
1206 1387 1353 1423 Polluc.
1373 1387 1402 1431 Ι,
1418 1386 1510 1434 148,
1542 1394 1578 1423 et
1599 1391 1746 1439 σειραῖ-

1084 1458 1125 1481 αι
1154 1442 1256 1493 apud
1276 1441 1429 1484 Philon.
1450 1442 1535 1480 Iud.
1555 1444 1747 1480 Vit.con-

1082 1501 1214 1551 templ.
1237 1501 1367 1550 p.897
1387 1501 1436 1540 A.
1458 1501 1545 1537 coll.
1561 1501 1748 1538 Proverb.

1084 1557 1162 1594 Sal.
1182 1558 1226 1604 V,
1249 1560 1316 1597 22.
1373 1555 1435 1593 Ad
1451 1570 1586 1594 vocem
1602 1560 1749 1597 πεπλε-

1083 1612 1246 1667 γμένῃσι
1288 1614 1389 1649 conf.
1418 1614 1498 1662 VII,
1531 1618 1583 1655 63
1618 1616 1747 1667 ibique

1082 1677 1179 1706 nott.
1217 1671 1348 1719 Ipsum
1365 1670 1565 1720 pugnandi
1585 1684 1748 1720 morem,

1087 1739 1204 1777 quem
1237 1727 1418 1776 Sagartiis
1451 1729 1587 1764 Noster
1606 1729 1748 1777 tribuit,

1087 1784 1322 1820 Sauromatis
1367 1782 1544 1821 adscribit
1586 1785 1749 1823 Pausan.

1085 1842 1115 1887 Ι,
1127 1843 1176 1879 21
1202 1841 1239 1884 ξ.
1253 1842 1291 1887 8,
1314 1839 1451 1876 eodem
1465 1842 1750 1879 notanteWes-

1086 1897 1268 1947 selingiO,
1309 1898 1375 1948 qui
1412 1898 1528 1933 etiam
1566 1898 1751 1936 Ratiaria·

1087 1966 1176 2000 rum,
1199 1955 1264 2005 qui
1285 1954 1414 1990 seriori
1424 1961 1546 1991 aetate
1556 1956 1656 1992 inter
1670 1957 1751 1993 Ro-

1087 2023 1222 2047 manos
1243 2009 1468 2060 gladiatores
1478 2019 1752 2061 memorantur,

1087 2068 1326 2104 mentionem
1345 2068 1486 2106 iniecit.
1533 2070 1591 2105 De
1612 2069 1749 2120 quibus

1087 2123 1165 2161 vid.
1195 2125 1298 2175 Lips.
1330 2125 1484 2164 saturn.
1514 2127 1562 2172 Π,
1582 2128 1608 2166 8
1629 2133 1666 2162 et
1684 2127 1752 2162 Iu-

1087 2181 1231 2218 venalis
1259 2182 1436 2232 interprr.
1467 2180 1514 2231 ad
1544 2183 1642 2230 VIII,
1670 2184 1753 2223 200

1088 2250 1194 2289 seqq.
1226 2238 1386 2288 Propius
1407 2237 1482 2274 huc
1503 2239 1612 2286 facit,
1648 2237 1751 2290 quod

1090 2295 1137 2330 ab
1164 2295 1194 2329 l.
1224 2292 1271 2329 de
1306 2296 1515 2331 Hammero
1536 2297 1574 2331 in
1595 2295 1752 2331 Annall.

1091 2351 1315 2386 viennenss.
1333 2352 1384 2386 LI
1404 2363 1492 2401 pag.
1524 2350 1590 2391 34.
1613 2351 1664 2393 35
1696 2352 1753 2387 al-

1089 2408 1211 2443 latum
1231 2405 1355 2454 video,
1386 2408 1425 2443 in
1455 2408 1623 2444 carmine
1657 2409 1753 2444 Per—

1091 2464 1182 2510 sico,
1204 2464 1264 2499 cui
1283 2477 1426 2500 nomen
1439 2463 1752 2512 Schahnahmeh,

1093 2521 1296 2556 Persarum
1325 2519 1459 2557 heroes
1487 2527 1669 2558 certantes
1699 2521 1753 2557 uti

1092 2577 1157 2613 tali
1177 2577 1326 2628 laqueo,
1348 2590 1425 2629 quo
1437 2575 1667 2615 adversarios
1689 2590 1752 2614 ca-

1092 2634 1199 2684 piant
1213 2635 1415 2682 (vocantur
1425 2633 1619 2684 Kememl)3
1640 2635 1754 2671 item-

1095 2703 1168 2741 que
1191 2689 1294 2741 apud
1317 2689 1431 2728 Indos
1451 2691 1670 2727 sicariorum
1686 2691 1753 2726 tri-

1094 2748 1187 2782 bum
1225 2746 1419 2798 quandam
1450 2749 1654 2784 memorari
1680 2758 1753 2782 no-

1093 2804 1198 2839 mine
1219 2803 1438 2852 Phausigar,
1461 2817 1482 2840 a
1501 2817 1595 2841 voce
1605 2802 1751 2847 Plaansi,

1093 2872 1190 2910 qnae
1232 2861 1410 2912 laqueum
1451 2860 1572 2909 (nost
1623 2856 1751 2905 Fung-
