1851 3181
444 230 529 270 458

445 341 553 390 ,,τοῦ
575 352 620 380 τε
651 337 796 391 μένειν
826 335 917 391 ἅμα
948 339 1047 392 τῇσι
1074 338 1257 392 γυναιξί.

846 228 1379 289 ΗΕΒΟῙ)ΟΤΙι

1316 336 1398 392 ἐγώ
1430 337 1475 380 δὲ
1501 337 1573 380 καὶ
1604 336 1710 381 ἄνευ

413 404 562 456 3,,σέο,
594 403 675 447 ὅσα
695 421 774 458 περ
802 403 920 456 εἶπα,
949 404 1142 448 ἐπιτελέα
1170 404 1353 460 ποιήσω.
1411 404 1470 460 μή
1501 406 1585 460 γάρ
1616 407 1709 461 εἴην

444 473 518 525 „gn
559 475 753 525 Δαρείου
795 476 876 516 τοῦ

911 470 1193 525 ’Τστάσπεοω
1235 478 1314 516 τοῦ
1343 472 1598 527 Ἀρσάμεος,
1628 477 1711 516 τοῦ

443 539 785 594 ζΑριαράμνεω,
851 543 932 582 τοῦ
976 542 1202 592 Τεΐσπεος,
1253 545 1335 584 τοῦ
1369 539 1570 594 Κύρου,
1631 544 1713 583 τοῦ

446 607 734 664 ,,Καμβύσεω,
763 611 845 650 τοῦ
868 609 1082 658 Τεΐσπεος,
1114 613 1194 651 τοῦ
1221 607 1487 665 Ἀχαιμένεος
1512 609 1768 664 strumis-‚30

443 677 528 733 ,,μὴ
568 674 922 733 τιμωρησάμενος
972 677 1248 731 Ἀθηναίους·

386 912 574 943 structura
602 905 704 942 conf.
735 905 848 943 allata
869 904 917 943 ad
936 905 999 954 VI,
1024 908 1044 946 1

389 969 426 999 et
448 961 496 999 de
515 963 708 999 locutione.
732 961 907 1002 ἐπιτελέα
918 966 1049 1002 ποιεῖν

389 1020 501 1057 citata
530 1019 578 1056 ad
598 1021 664 1067 ΙΙΙ,
687 1022 753 1059 16.

447 1073 503 1127 μή
522 1091 596 1127 γαρ
620 1076 706 1127 εἴην
729 1075 771 1115 ἐκ
789 1075 963 1126 Δαρείου
975 1091 1046 1115 του

387 1128 652 1180 (Τστάσπεος,
703 1134 776 1171 τοῦ
811 1127 1046 1183 Ἀρσαμεος]

386 1190 507 1225 Plane
528 1191 579 1226 sic
599 1191 629 1237 Ι,
643 1191 738 1236 209,
759 1189 854 1225 ubi
844 1202 884 1225 m
903 1184 1049 1240 Ἀρσά-

388 1260 482 1296 μεος
501 1247 587 1283 libri
617 1247 846 1296 conspirant.
906 1245 1049 1297 Sequi-

386 1309 448 1340 tur
477 1301 551 1340 1100
580 1304 620 1338 in
648 1303 733 1338 loco
763 1304 834 1340 τοῦ
869 1297 1048 1353 Ἀριαρά-

387 1374 515 1410 μνεω,
549 1358 652 1411 quod
669 1356 888 1408 Schweigli.
880 1388 902 1405 .,
933 1358 1047 1395 Gaisf.

387 1423 426 1452 et
439 1415 574 1456 Matth,
591 1417 777 1452 librorum
807 1413 1050 1466 quorundam

388 1486 438 1509 ex
465 1474 686 1509 auctoritate
722 1471 927 1519 dederunt,
961 1484 1051 1508 cum

388 1530 483 1566 olim
502 1531 617 1579 vulgo
641 1536 736 1566 esset
753 1525 950 1580 ”Αρμνεω,
966 1530 1052 1564 Me-

388 1585 507 1634 dicei,
561 1586 772 1622 Florentini
813 1586 1051 1637 aliorumque

387 1642 501 1679 codd.
522 1643 742 1679 auctoritate
763 1641 969 1689 firmatum,
992 1648 1051 1678 at-

387 1712 463 1751 que
486 1700 526 1735 in
547 1712 670 1748 marg.
706 1697 893 1748 Stephan.
915 1694 1050 1748 Ἀρια-

387 1752 561 1806 ράμνεω.
622 1754 733 1800 Quod
755 1754 932 1805 deinceps
953 1756 1051 1804 legi-

386 1820 448 1849 tur
467 1814 541 1851 τοῦ
565 1813 764 1859 Τεΐσπεος,
792 1813 843 1847 ita
863 1813 903 1847 in
924 1812 1052 1848 omni-

388 1870 458 1906 bus
470 1876 589 1905 exstat
610 1867 735 1915 codd„
755 1869 829 1904 nisi
849 1867 952 1920 quod
973 1867 1049 1905 duo

389 1939 481 1963 cum
519 1926 626 1962 Valla
666 1924 847 1961 exhibent
877 1924 1049 1971 τίσπεος.

389 1983 571 2034 Sequitur
590 1983 663 2021 τοῦ
683 1978 823 2033 Κύρου
842 1983 915 2020 τοῦ
936 1983 1049 2032 Καμ-

390 2036 541 2090 βύσεω,
577 2045 663 2089 post
689 2051 782 2091 quas
808 2051 920 2075 voces
951 2051 1050 2089 quae

387 2097 427 2132 in
466 2094 638 2132 Mediceo
655 2125 665 2143 ‚
705 2096 923 2132 Florentino
959 2094 1051 2143 (ubi

389 2151 572 2188 mendose
601 2154 673 2191 τοῦ
704 2166 744 2190 τε
771 2151 924 2202 ἵσπεος)
947 2152 1050 2188 aliis-

392 2222 468 2261 que
501 2209 686 2245 iterantur
712 2209 829 2247 verba
851 2210 924 2246 τοῦ
962 2208 1050 2246 Τεΐ-

389 2277 528 2312 σπεος,
554 2265 706 2315 ignorat
732 2264 923 2302 Sancrofti
953 2264 1049 2302 liber

390 2334 480 2359 cum
500 2321 593 2358 aliis.
641 2322 699 2357 Ac
718 2322 903 2372 reperitur
921 2321 961 2356 in
982 2333 1048 2358 ora

391 2377 529 2416 codicis
538 2375 713 2425 Medicei‚
733 2383 826 2414 teste
839 2378 1046 2425 Gronovio‚

390 2434 485 2472 haec
494 2434 633 2471 Xerxis
653 2434 875 2484 genealogia
888 2445 898 2470 ε
908 2428 1046 2484 Ἀχαι-

392 2490 527 2542 μένης,
573 2491 761 2540 Τεΐσπης,
812 2487 1046 2541 Καμβύσης,

392 2551 539 2599 Κύρος,
565 2547 747 2596 Τεΐσπης,
754 2543 942 2597 ’Ἁρμνης,
956 2542 1048 2599 Ἀρ-

391 2602 586 2656 σαμένης,
605 2598 843 2653 ’Τστᾶσπης,
866 2606 1046 2655 Δαρεῖος,

394 2660 555 2711 Ξέρξης.
612 2661 752 2698 Galeus
785 2667 948 2697 stemma
984 2673 1046 2696 re·-

391 2731 485 2767 gum
504 2720 706 2755 Persarum
726 2730 846 2769 usque
867 2715 915 2753 ad
944 2718 1046 2753 Xer-

391 2788 480 2810 xem
512 2774 756 2825 descripserat
790 2774 938 2810 eumin
959 2786 1046 2810 mo—

391 2831 505 2868 dum:
539 2831 787 2878 Achaemenes,
822 2828 1048 2880 Cambysesl,

1307 678 1356 720 εὐ
1419 675 1709 732 ἐπιστάμενος,

1106 903 1222 954 Cyrus
1248 903 1280 943 I.
1348 905 1493 958 Cyrum
1520 907 1539 942 1
1573 904 1769 955 excipiunt

1107 960 1292 1012 Cambyses
1312 962 1362 1001 II
1386 970 1423 999 et
1450 962 1612 1014 Teispest,
1657 962 1768 997 ilium

1107 1017 1218 1068 Cyrus
1237 1017 1285 1056 II
1298 1026 1334 1056 et
1356 1019 1542 1070 Cambyses
1566 1017 1644 1065 III,
1665 1016 1768 1055 hunc

1104 1076 1310 1123 Ariamaes,
1341 1076 1525 1123 Arsames,
1555 1075 1767 1125 Hystaspes,

1103 1131 1265 1181 Darius,
1298 1132 1448 1170 Xerxes.
1502 1133 1769 1182 Bellanger.in

1104 1195 1184 1226 not.
1216 1188 1318 1239 apud
1346 1188 1528 1226 Larcher.
1563 1196 1651 1225 ante
1694 1189 1769 1227 τοῦ

1106 1241 1248 1296 Κύρου
1270 1246 1372 1296 apud
1391 1245 1631 1283 Herodotum
1664 1245 1769 1281 exei-

1106 1299 1202 1338 disse
1223 1309 1331 1352 putat
1351 1301 1474 1354 μηδὲ,
1497 1315 1572 1372 quo
1593 1302 1663 1338 sibi
1674 1314 1770 1338 con-

1105 1366 1265 1407 gruant:
1307 1356 1369 1410 μὴ
1401 1375 1475 1427 γαρ
1502 1358 1587 1409 εἴην
1612 1357 1654 1397 ἐκ
1685 1361 1769 1396 Δα-

1108 1414 1285 1477 ρείον-
1311 1431 1337 1465 μ
1359 1431 1384 1466 η
1409 1414 1467 1454 δ
1455 1430 1472 1453 ε
1500 1418 1572 1454 τοῦ
1603 1410 1768 1463 Κύρου.-

1108 1483 1171 1520 que
1185 1472 1225 1518 je
1244 1484 1284 1508 ne
1301 1475 1370 1509 soz's
1384 1486 1455 1522 pas
1468 1473 1535 1522 fils
1556 1472 1598 1508 de
1620 1471 1768 1521 Darius,

1109 1529 1170 1577 qui
1192 1527 1258 1578 fut
1279 1529 1346 1578 fils
1381 1529 1414 1565 d’
1459 1528 1659 1579 Hystaspes
1697 1535 1767 1570 etc.

1107 1585 1147 1621 ni
1174 1597 1223 1620 un
1252 1585 1312 1622 des
1343 1585 1554 1622 descendam
1579 1586 1620 1622 de
1642 1585 1768 1635 Cyrus,

1109 1641 1176 1691 qui
1204 1641 1262 1678 fut
1295 1641 1352 1678 fils
1382 1641 1429 1678 de
1460 1643 1664 1693 Cambyses
1696 1648 1768 1683 etc.

1105 1698 1151 1732 Iu
1190 1710 1307 1748 quam
1346 1698 1508 1735 eandem
1542 1699 1770 1735 sententiam

1105 1753 1290 1790 inciderat
1339 1755 1546 1792 Salmasius
1584 1756 1769 1792 Exercitt.

1106 1810 1234 1848 Pliun.
1256 1823 1345 1861 pag.
1367 1812 1460 1851 833.
1518 1812 1571 1847 At
1590 1818 1692 1848 recte
1706 1841 1716 1859 ,
1737 1812 1769 1848 si
1819 1847 1822 1850 Δ

1109 1865 1201 1917 quid
1221 1866 1346 1916 video,
1363 1868 1580 1919 obloquitur
1599 1866 1769 1904 Larche—

1106 1936 1192 1971 rus,
1226 1923 1356 1975 Cyrum
1395 1924 1590 1976 Cambysis
1620 1931 1769 1976 patrem

1107 1992 1150 2016 ac
1171 1981 1320 2030 Teispis
1339 1988 1521 2031 nepotem
1542 1994 1630 2018 cum
1651 1982 1769 2018 altero

1107 2036 1220 2088 Cyro,
1242 2038 1438 2089 Cambysis
1456 2037 1534 2075 filio
1551 2039 1769 2090 Persicique

1105 2095 1216 2144 regni
1236 2093 1433 2131 conditore
1452 2094 1637 2132 confundi
1665 2093 1769 2131 iudi-

1105 2162 1209 2187 cans.
1265 2150 1374 2188 Idem
1400 2150 1490 2189 inde
1510 2159 1672 2188 stemma
1702 2165 1769 2188 ex-

1103 2205 1211 2244 hibet
1227 2208 1272 2244 ab
1284 2220 1339 2256 ea,
1362 2221 1460 2259 quae
1481 2207 1583 2259 apud
1592 2206 1767 2259 Aeschy-

1103 2263 1186 2300 lum
1213 2263 1373 2300 traditur
1400 2265 1506 2305 Pers.
1536 2267 1618 2305 762
1652 2266 1767 2315 stirpe
1832 2320 1835 2321 ⁷

1102 2319 1214 2358 valde
1243 2319 1456 2369 diversum,
1498 2320 1564 2358 sed
1586 2334 1676 2357 cum
1706 2333 1766 2369 eo,

1103 2375 1208 2428 quod
1232 2390 1282 2413 ex
1311 2378 1431 2414 Galeo
1450 2376 1566 2414 modo
1588 2376 1766 2414 exhibui—

1102 2446 1209 2480 mus,
1242 2446 1393 2484 prorsus
1423 2435 1672 2484 conveniens,
1694 2435 1766 2472 nisi

1103 2489 1207 2541 quod
1233 2497 1319 2541 post
1337 2489 1636 2540 Achaemenem‚
1667 2504 1766 2541 geu-

1102 2548 1149 2583 t1s
1161 2547 1338 2596 abavum,
1354 2547 1468 2584 insert
1480 2546 1648 2598 Teispem.
1669 2549 1764 2584 Utut·

1103 2601 1151 2639 de
1186 2602 1258 2641 hac
1288 2605 1512 2655 genealogia
1539 2604 1692 2652 statuis,
1722 2602 1763 2640 id

1103 2673 1224 2697 unum
1252 2662 1338 2698 satis
1369 2660 1459 2698 hinc
1479 2668 1655 2712 apparet,
1681 2661 1762 2696 Da-

1102 2718 1202 2754 rium
1223 2716 1358 2754 eadem
1388 2716 1463 2769 qua
1482 2718 1626 2769 Cyrum
1646 2717 1761 2753 Cam-

1104 2774 1314 2826 bysemque
1342 2776 1456 2825 stirpe
1487 2772 1690 2811 oriundum
1712 2771 1759 2808 ad

1107 2844 1225 2868 uuam
1246 2829 1484 2883 eandemque
1505 2828 1761 2868 Achaemeni-
