1834 3258
507 247 811 284 ERATO.
870 248 947 284 vl.
1282 249 1367 288 417

101 357 182 412 τήν
209 353 393 411 Λήμνου
424 356 611 409 αἵρεσιν·
638 354 697 406 ὥς
726 354 838 399 ἑλῶν
867 355 1050 412 Λῆμνόν
1078 372 1122 399 τε
1151 357 1226 401 καὶ
1253 354 1370 400 mv?-
1426 358 1701 423 {tfitlussffisffltfia

71 431 95 465 3
104 440 232 479 μενος
250 422 354 474 τούς
378 423 644 479 Πελασγοὺς,
667 424 892 479 παρέδωκε
910 423 1191 480 Ἀθηναίοισι.
1226 429 1370 479 Προσ-
1428 435 1517 462 ‘¹³³¹ss
1532 429 1668 463 ¹¹¹1¹¹t³¹¹¹³

1425 469 1494 488 cun}
1518 470 1554 488 ΒΧ
1581 471 1608 489 ΠΙ
1667 471 1684 489 0

98 490 339 548 γενομένου
370 492 416 535 δὲ
445 495 529 535 τοῦ
567 491 709 548 δήμου
747 490 868 550 αὐτῷ
894 492 1004 536 κατὰ
1042 492 1122 548 τήν
1153 492 1367 538 ἀπόλυσιν
1385 498 1497 535 101¹⁰³t
1515 464 1701 524 ¹¹¹⁰‘lu31r'1’1‘2-

1429 528 1585 562 cessisset,
1603 531 1685 557 lilius

96 562 176 602 τοῦ
220 559 442 612 θανάτου,
495 560 791 615 ζημιώσαντος
835 559 882 604 δὲ
918 559 1028 603 κατὰ
1067 559 1149 616 τήν
1195 559 1368 618 ἀδικίην
1425 561 1614 624 fflssjffifflffl*
1633 575 1685 592 ⁰³-

96 625 367 683 πεντήκοντα
396 628 668 680 ταλάντοισι,
699 627 947 683 Μλτιάδης
975 627 1055 683 μὲν
1083 628 1189 683 μετοὶ
1216 633 1367 683 ταῦτα,

97 695 441 749 σφακελίσαντός
478 712 523 739 τε
562 700 644 739 τοῦ
679 700 825 753 μηροῦ
860 696 933 739 καὶ
964 695 1193 748 σαπέντος,
1224 702 1368 741 τελευ-

98 767 174 821 τᾷ·
213 762 268 806 τοὶ
310 763 355 807 δὲ
395 764 668 820 πεντήκοντα
706 764 899 809 τάλαντα
929 763 1080 817 ἐξέτισε
1110 763 1134 809 ὁ
1155 765 1259 817 πάϊς
1289 766 1369 809 αὐ-

96 834 178 875 τοῦ
212 833 376 884 Κίμων.

195 905 379 956 Λῆμνον
429 901 475 944 δὲ
517 899 765 956 Μιλτιάδης
812 899 836 944 ὁ
887 901 1096 956 Κίμωνος
1134 896 1218 945 ὦδε
1263 901 1368 958 ἔσχε.

99 969 340 1025 Πελασγοὶ,
386 968 478 1011 ἐπεί
513 984 559 1011 τε
590 969 637 1012 ἐκ
673 973 749 1025 τῆς
785 965 975 1025 Ἀττικῆς
1013 969 1102 1013 ὑπὸ
1119 967 1365 1026 Ἀθηναίων
1382 979 1423 1013 15

97 1036 410 1094 ἐξεβλήθησαν,
458 1038 542 1081 εἴτε
590 1031 654 1080 ὧν
700 1037 754 1093 δὴ
795 1037 997 1090 δικαίως,
1051 1039 1135 1081 εἴτε
1174 1037 1361 1092 ἀδίκως·

39 1284 124 1307 cere
152 1271 296 1319 nolim,
325 1271 452 1308 invitis
481 1270 703 1320 praesertim

38 1329 140 1365 libris
161 1329 320 1378 scriptis.
376 1329 456 1363 Nec
476 1328 598 1377 magis
618 1327 704 1377 pla-

38 1385 99 1422 'cet
123 1386 246 1422 Pawii
277 1383 494 1421 emendatio
525 1382 593 1422 καὶ
632 1385 704 1434 τῆς

39 1437 212 1492 Λήμνου
234 1440 417 1493 αἷρέσιος.
455 1442 556 1477 Nam
576 1447 614 1477 et
633 1453 704 1490 ge-

40 1499 182 1536 nitivus
217 1506 254 1536 et
280 1499 514 1536 accusativus
545 1497 704 1547 adiungi

37 1562 183 1605 potest,
212 1563 396 1592 mouente
422 1553 558 1591 Matth.
579 1556 619 1590 in
636 1555 701 1593 Gr.

39 1613 106 1649 Gr.
126 1625 216 1662 pag.
239 1613 332 1653 656.
372 1614 423 1649 Et
452 1612 583 1649 confer
603 1623 704 1663 quo-

38 1682 114 1721 que
134 1670 198 1718 VI,
219 1672 271 1711 86
294 1671 331 1714 §.
354 1673 394 1710 2.

93 1724 414 1778 προσγενομένου
452 1721 495 1763 δὲ
532 1726 607 1763 τοῦ
628 1720 704 1775 δή-

39 1783 134 1834 μου]
162 1783 354 1830 „Venerat
372 1780 561 1818 Miltiades
581 1782 621 1817 in
635 1782 705 1818 ba-

40 1838 158 1876 rathri
194 1840 410 1890 periculum
450 1852 500 1875 ex
532 1839 703 1875 Platonis

37 1897 255 1933 narratione
282 1898 323 1932 in
353 1897 472 1945 Gorg.
501 1907 590 1944 pag.
621 1894 703 1934 516

37 1954 98 2001 E„
141 1954 202 1989 cui
231 1951 482 2003 adstipulatur
518 1950 702 1987 Aristides

39 2010 91 2046 T.
111 2010 147 2045 II
163 2023 199 2060 p.
227 2008 309 2050 224
344 2008 402 2046 ed.
433 2008 538 2045 Iebb.
568 2008 646 2043 Alii
661 2005 702 2043 id

38 2067 199 2102 reticent
225 2095 236 2114 ,
284 2066 446 2103 solemni
484 2066 525 2101 in
567 2064 700 2100 talibus

38 2124 287 2161 variatione.“
306 2122 424 2159 Wess
437 2121 485 2159 el.
506 2119 569 2157 Ad
584 2121 701 2158 verba

39 2176 140 2218 κατοὶ
165 2175 241 2230 τὴν
269 2175 453 2230 ἀδικίην,
485 2191 583 2230 quae
602 2179 701 2214 Lar-

40 2235 175 2274 cherus
204 2235 369 2273 reddidit
395 2248 484 2286 pour
514 2249 555 2272 sa
578 2233 699 2284 faute,

39 2306 304 2344 comparamus
326 2292 546 2330 Cornelium
570 2293 703 2342 Nepo-

39 2356 119 2386 tem
138 2351 164 2386 l.
180 2351 206 2387 l.
226 2351 278 2386 ita
292 2357 532 2386 narrantem:
557 2349 642 2397 „Ea
657 2349 701 2385 lis

41 2408 307 2456 quinquaginta
332 2408 483 2444 talentis
504 2407 700 2442 aestimata

39 2470 94 2500 est
106 2493 116 2511 ,
139 2470 300 2515 quantus
314 2464 354 2500 in
376 2464 534 2501 classem
553 2469 700 2499 sumtus

38 2519 159 2556 factus
180 2520 302 2558 erat.“
342 2520 622 2570 Quinquaginta
640 2526 701 2556 ta-

38 2576 141 2613 lenta
153 2606 162 2624 ,
184 2578 216 2613 si
235 2577 463 2613 Wurmium
481 2589 699 2628 sequamur,

40 2640 206 2685 aequant
238 2635 337 2681 130,
363 2635 440 2673 291
464 2634 622 2672 florenn.
645 2636 695 2673 21

39 2691 207 2740 crucigg.
228 2691 306 2726 sive
338 2690 514 2736 278,Ο45
534 2690 700 2726 Francos

41 2745 217 2784 Gallicos.
228 2743 454 2786 ταλάντοισι
466 2747 616 2794 retinui,
629 2759 697 2781 cu-

41 2801 96 2839 ius
117 2804 200 2840 loco
223 2817 271 2840 ex
291 2816 369 2840 uno
389 2803 581 2840 Sancrosti
601 2803 698 2839 libro

42 2857 266 2897 Schaeferus
309 2859 465 2897 dederat
513 2858 697 2907 τάλαντα,

95 2918 316 2954 l-lmzono'r.
346 2918 414 2954 ΙΙΙ.

761 1267 864 1320 quod
887 1269 1015 1316 etiam,
1037 1276 1079 1306 ut
1100 1270 1147 1307 ab
1166 1272 1248 1321 ipso
1264 1272 1426 1323 scripto-

760 1338 802 1362 re
840 1327 1059 1377 profectum
1089 1340 1128 1363 se
1150 1327 1332 1379 adoptare
1355 1328 1426 1387 de-

759 1383 884 1419 buisse
911 1384 962 1419 ait
983 1382 1204 1435 Schweigh.
1232 1387 1272 1421 in
1292 1387 1426 1423 Lexic.
1449 1400 1462 1410 ’-

759 1439 902 1476 Herod.
924 1453 952 1476 s.
965 1453 1001 1477 v.
1014 1442 1193 1490 ζημιοῦν,
1215 1443 1246 1478 si
1268 1441 1426 1494 quidem

759 1497 874 1533 simili
892 1496 1010 1534 modo
1041 1499 1123 1545 VII,
1145 1501 1198 1539 39
1219 1498 1285 1536 fin.
1307 1513 1425 1537 accu-

758 1555 899 1591 sativus
919 1567 1067 1604 poenae
1097 1554 1265 1593 adjectus
1296 1556 1426 1595 videa-

760 1617 823 1646 tur
871 1607 961 1662 (την
999 1609 1138 1663 ’ψυχήν
1183 1610 1424 1666 ζημιώσεαι)

760 1668 930 1718 itemque
972 1667 1075 1718 apud
1110 1670 1294 1709 Suidam:
1339 1675 1428 1720 πῶς

761 1722 816 1774 μή
844 1721 891 1762 τοὶ
924 1722 1086 1776 μέγιστα
1116 1727 1300 1778 ζημιώσω
1331 1728 1425 1778 τούς

760 1776 1036 1832 παρόντας-
1064 1782 1128 1820 Ad
1148 1785 1310 1822 verbum
1323 1798 1426 1836 σφα..

760 1838 926 1885 κελίζειν
946 1838 1047 1877 conf.
1070 1847 1166 1877 nott.
1188 1841 1237 1878 ad
1264 1844 1331 1892 111,
1354 1847 1423 1885 66.

923 1940 1017 1991 Cap.
1040 1941 1272 1982 CXXXVII.

817 2005 860 2046 ἐκ
894 2009 966 2058 τῆς
1004 2003 1208 2061 Ἀττικῆς]
1246 2014 1304 2049 Ita
1331 2027 1422 2052 cum

758 2071 916 2102 recentt.
940 2064 1028 2102 dedi
1057 2080 1126 2116 pro
1162 2066 1310 2116 ἐκτός
1328 2065 1422 2110 Ἀτ-

757 2123 892 2171 τικῆς,
926 2121 1030 2173 quod
1050 2122 1203 2163 Schaef.
1227 2133 1264 2163 et
1283 2127 1419 2167 Matth.

756 2179 1017 2226 retinuerunt,
1058 2181 1228 2233 itemque
1259 2182 1423 2237 ἐξεβλή-

760 2238 919 2283 θησαν,
950 2236 1017 2272 ubi
1057 2251 1106 2274 ex
1133 2239 1277 2277 Aldina
1303 2243 1422 2293 vulgo

759 2288 1027 2343 ἐξελαθησαν,
1067 2296 1165 2344 sive,
1203 2305 1248 2334 ut
1268 2299 1423 2336 Grono-

757 2349 840 2385 vius
866 2350 988 2387 voluit
1016 2348 1305 2404 ἕξελάσθησαν.
1361 2358 1420 2393 De

758 2413 986 2455 argumento
1016 2408 1091 2445 loci
1120 2411 1221 2448 conf.
1252 2413 1316 2460 IV,
1342 2412 1421 2455 145

757 2462 887 2514 ibique
907 2471 1003 2501 nott.
1045 2466 1087 2502 C.
1110 2468 1153 2505 Ο.
1175 2469 1325 2506 ΜἰἰΙΙθΓ.
1347 2469 1421 2506 Or-

757 2517 936 2556 chomen.
958 2534 993 2571 p.
1017 2524 1098 2563 308
1110 2537 1217 2576 seqq.
1239 2524 1320 2566 440
1341 2539 1420 2577 seq.

756 2576 892 2614 Kruse.
913 2579 1041 2614 Hellas
1061 2580 1079 2615 I
1099 2593 1137 2630 p.
1157 2580 1250 2629 416,
1273 2582 1338 2618 ubi
1358 2583 1421 2618 iu-

757 2639 815 2668 ter
835 2634 907 2670 alia
928 2633 1002 2671 hoc
1020 2648 1175 2687 quoque
1196 2637 1318 2684 affert,
1342 2639 1420 2674 Pe-

754 2689 878 2739 lasgos
898 2692 997 2728 inter
1019 2692 1166 2730 medios
1186 2695 1330 2731 Atticos
1356 2709 1418 2732 εον

756 2745 821 2782 des
854 2748 1027 2799 antiquas
1057 2751 1259 2785 retinentes
1288 2752 1417 2802 ibique

755 2804 823 2838 sub
845 2805 1001 2855 antiquo
1024 2807 1180 2842 nomine
1205 2806 1416 2845 habitantes

754 2873 832 2896 non
862 2862 969 2897 aliter
1001 2862 1133 2898 secisse
1160 2862 1281 2901 videri
1302 2872 1417 2917 atque

1087 2921 1140 2959 27

1423 903 1581 939 Digressio
1607 906 1646 933 de

1423 937 1539 965 Lemno
1558 939 1687 975 eiusque

1426 972 1532 999 incolis
1550 973 1701 1009 Pelasgis.

1425 1006 1552 1041 Pelasgi
1574 1007 1647 1034 olim

1424 1040 1563 1075 Hymetti
1582 1049 1668 1068 acco-

1424 1074 1487 1110 lae,
1498 1074 1702 1110 ‚sedibus‘suis
