1851 3181
437 198 521 239 522

838 200 1299 239 HERODOTI

436 302 743 359 ,,ἀνθρώποισι
772 306 954 363 οὐδεμία
985 307 1212 364 πληθώρη.
1243 311 1315 354 καὶ
1336 308 1389 366 δή
1419 327 1499 363 τοι,
1532 311 1591 363 ὥς
1627 310 1700 355 οὐ-

409 373 593 426 6,,δενὸς
621 373 979 431 ἐναντιευμένου,
1010 377 1119 433 λέγω
1149 379 1230 434 τήν
1259 377 1428 434 χώρην,
1457 382 1623 423 πλεῦνα
1652 379 1700 423 ἐν

407 445 620 495 7,,πλεῦνι
648 443 794 502 χρόνῳ
822 444 1070 502 γινομένην,
1099 446 1230 502 λιμὸν
1262 446 1470 498 τέξεσθαι.
1505 446 1636 503 Ἀνήρ
1652 448 1700 491 δὲ

432 510 575 562 ,ρῦτω
597 509 654 554 ἂν
682 513 748 568 εἴη
778 511 982 567 ἄριστος,
1014 515 1050 556 εἰ
1079 514 1398 570 βουλευόμενος
1427 515 1526 570 μὲν,
1557 514 1698 572 ἆρῤω-

431 577 564 630 ,,δέοι,
595 582 684 623 πᾶν
715 581 1016 637 ἐπιλεγόμενος
1043 585 1270 626 πείσεσθαι
1297 587 1465 639 χρῆμα,
1496 584 1542 627 ἐν
1571 584 1618 627 δὲ
1637 587 1699 640 τῷ

304 654 371 701 50
429 646 567 703 ,ἔργῳ
583 649 755 704 θρασύς
783 652 891 706 εἰἠ.“
945 648 1180 706 Ἀμείβεται
1207 651 1367 707 Ξέρξης
1389 653 1554 695 τοῖσδε·
1586 651 1753 706 „³AQ-25

430 715 644 772 ,,τάβανε,
686 717 867 770 οἰκότως
906 719 986 775 μὲν
1023 718 1079 762 σύ
1119 736 1167 775 γε
1195 719 1366 764 τούτων
1404 720 1562 764 ἕκαστοι
1592 722 1699 764 διαι-

372 889 840 943 displicuitWesselingio‚
862 895 929 947 qui
949 897 1038 934 κλε-

370 944 566 997 πτόμενος
604 951 875 1001 interpretatur
902 951 1036 1002 furtim

362 1006 614 1055 proficiscens,
648 1008 766 1043 citans
796 1007 1034 1060 Hesychium

372 1059 457 1113 (qui
478 1064 514 1099 11
533 1076 622 1114 pag.
652 1066 748 1105 275.
771 1068 835 1104 κλε
827 1065 1032 1104 ’,ν’πτεσθτι

369 1115 641 1169 πορεύεσθαι,
673 1121 704 1157 si
733 1122 811 1160 scil.
842 1122 975 1159 fultim
995 1130 1032 1160 et

369 1175 470 1212 clam
503 1175 578 1213 hoc
617 1177 711 1227 fit),
760 1177 914 1219 Philon.
955 1180 1031 1216 vit.

367 1232 463 1271 Mos.
483 1234 501 1269 I
519 1247 558 1284 p.
582 1232 662 1274 648
674 1235 720 1271 Ε.
743 1235 923 1285 Synes.Il
933 1237 1031 1272 Pro-

366 1287 446 1326 vid.
466 1303 504 1340 p.
526 1292 604 1330 119
627 1291 669 1327 C.
690 1291 865 1329 Perizon.
887 1291 935 1329 ad
951 1293 1031 1329 Ae-

366 1345 458 1382 lian.
479 1346 525 1383 V.
546 1347 595 1384 H.
616 1349 681 1395 III,
702 1350 771 1388 77.
835 1350 951 1385 Plura
973 1350 1033 1386 af-

365 1402 439 1439 fert
459 1402 572 1442 Held.
596 1403 644 1440 ad
673 1403 868 1442 Plutarch.
890 1407 1031 1443 Timo-

366 1458 483 1496 leont.
503 1473 593 1510 pag.
614 1459 709 1509 421,
737 1461 842 1498 unde
862 1464 948 1500 satis
968 1464 1031 1499 in—

365 1516 567 1566 telligitur,
598 1518 762 1555 verbum
791 1518 1031 1570 κλέπτεσθαι

364 1572 405 1608 in
429 1586 658 1625 quacunque
678 1588 719 1611 re
732 1573 915 1624 adhiberi,
932 1590 1031 1628 quae

363 1629 497 1666 furtim
516 1630 582 1667 fiat
600 1631 759 1668 nobisve
777 1633 914 1670 insciis.
934 1633 1030 1670 Inde

365 1684 587 1737 Schweigh.
627 1688 668 1723 in
703 1689 799 1727 Lex.
844 1689 1026 1727 Herodot.

362 1743 415 1780 sic
461 1743 760 1795 interpretatur:
828 1747 1028 1796 imprudens

364 1812 495 1849 semper
522 1802 687 1851 abreptus
696 1815 710 1846 ;
762 1803 896 1839 malim
919 1804 1028 1855 equi-

363 1855 454 1892 dem
484 1856 608 1909 (quod
628 1864 759 1895 tamen
788 1858 927 1896 eodem
947 1861 1026 1897 fere

360 1911 492 1963 redit):
519 1916 650 1952 inscius
666 1915 723 1952 Τιι
734 1928 862 1967 semper
876 1916 1026 1954 ulterius

354 1973 569 2019 protractus,
597 1985 670 2008 nec
707 1973 794 2009 satis
831 1980 1024 2023 reputans,

361 2038 438 2077 quo
481 2028 639 2065 ulterius
689 2031 936 2080 processeris,
978 2044 1024 2068 eo

359 2084 534 2132 graviora
572 2085 675 2122 mala
714 2086 805 2123 Tibi
845 2086 1024 2125 divinitus

359 2140 575 2189 imminere,
598 2142 822 2180 obcaecatus
843 2144 922 2180 scil.
942 2144 1025 2181 for-

360 2201 476 2232 tunae
495 2211 583 2248 spe,
617 2198 693 2250 qust
724 2199 880 2250 quidem
906 2214 1024 2238 nemo

359 2265 532 2304 unquam
562 2256 784 2292 mortalium
813 2258 939 2293 satiari
959 2270 1023 2294 so-

358 2309 423 2346 let.
463 2308 675 2347 Ldrcherus
697 2313 842 2349 Gallice
863 2327 1022 2364 expres-

358 2365 428 2402 sit.
460 2380 495 2403 se
520 2370 668 2417 tromper
687 2382 770 2405 sans
797 2371 825 2405 ε’
829 2383 868 2406 en
891 2383 1021 2419 apper-

357 2424 482 2460 cevozssr
511 2422 574 2460 Ad
584 2425 710 2473 verba
733 2438 829 2476 quae
850 2439 1022 2492 sequun-

356 2484 439 2515 tur:
473 2475 688 2545 εὕποηξίης
724 2479 799 2534 γὰρ
829 2477 903 2521 ov'n
941 2482 1021 2522 ἔστι

357 2530 617 2588 ἅνθρωποισι
630 2533 799 2588 ου’δεμία
818 2535 1019 2590 πληθώρη

355 2591 634 2644 Wesselingius
654 2595 752 2631 bene
773 2595 919 2632 confert
939 2597 1021 2632 Ae-

353 2647 474 2700 schyl.
497 2651 867 2700 Agamemm1340
892 2652 1021 2701 (1302

354 2705 511 2754 Blomf.‚
547 2707 612 2743 ubi
633 2707 768 2745 eadem
794 2709 872 2745 fere
894 2722 1020 2745 enun-

352 2761 467 2798 tiatur
506 2766 718 2801 sententia.-
774 2780 816 2805 το
864 2763 936 2816 μὲν
974 2760 1021 2804 εὐ

351 2830 547 2870 πρασσειν
569 2815 786 2874 ἀκόρεστον
811 2820 889 2873 ἔφυ
917 2823 1017 2861 πᾶσι

1094 890 1341 946 βροτοῖσιν);
1373 893 1421 931 de
1440 907 1535 932 voce
1554 890 1753 948 πληθώρη

1091 951 1169 989 vid.
1189 954 1237 1000 Π,
1262 954 1354 992 173.

1147 1008 1214 1048 καὶ
1228 1003 1278 1059 δή
1290 1023 1363 1056 τοι,
1381 1006 1434 1055 ὥς
1452 1003 1620 1054 ου’δενός
1634 1006 1754 1047 ἔναν-

1088 1065 1322 1118 τιευμένου]
1356 1066 1382 1102 i.
1406 1079 1438 1102 e.
1467 1066 1521 1102 Ac
1543 1065 1597 1102 vel
1623 1066 1658 1101 si
1683 1078 1752 1116 po-

1087 1136 1187 1171 nam,
1235 1124 1400 1159 neminem
1440 1122 1507 1159 tz’bz‘
1536 1122 1752 1159 adversatu-

1089 1192 1189 1228 rum,
1218 1181 1332 1229 ipsam
1347 1179 1514 1215 contendo
1533 1191 1562 1215 s.
1585 1178 1664 1215 dico
1678 1181 1751 1215 ter-

1088 1248 1187 1284 ram,
1229 1248 1317 1286 quae
1347 1248 1413 1285 quo
1444 1235 1586 1283 longius
1618 1247 1753 1284 quoque

1087 1292 1238 1329 ulterius
1266 1292 1524 1342 progrediaris,
1572 1304 1609 1328 eo
1637 1293 1752 1328 maior

1087 1350 1255 1399 tibifiat,
1279 1347 1414 1399 famem
1438 1348 1646 1385 allaturam.
1675 1348 1752 1385 Ubi

1087 1407 1172 1442 satis
1193 1412 1350 1456 apparet
1368 1406 1424 1442 vis
1436 1418 1480 1442 ac
1494 1411 1660 1456 potestas
1678 1418 1752 1442 vo·-

1087 1463 1196 1499 culae
1209 1461 1260 1510 ὥς
1271 1463 1446 1514 genitivis
1457 1462 1635 1499 absolutis
1645 1475 1754 1512 prae-

1087 1521 1244 1570 positae.
1300 1521 1346 1556 In
1373 1532 1482 1571 seqq.
1513 1514 1616 1570 οἷνήρ
1644 1518 1751 1556 idem

1086 1577 1166 1613 fere
1197 1577 1325 1613 valere
1354 1575 1506 1614 videtur
1536 1582 1651 1627 atque
1680 1572 1750 1615 ὄῖν-

1086 1636 1254 1684 θρωπος
1272 1647 1301 1671 ε.
1322 1644 1400 1678 τιςε
1433 1631 1481 1669 de
1497 1645 1574 1684 quo
1589 1645 1661 1669 usu
1678 1646 1750 1669 ex-

1085 1696 1295 1740 posuerunt
1327 1690 1536 1739 Bergman.
1577 1695 1614 1725 et
1642 1690 1748 1726 Ben-

1083 1746 1191 1783 seler.
1223 1745 1272 1783 ad
1299 1747 1454 1782 Isocrat.
1475 1746 1666 1796 Areopag.
1686 1759 1748 1797 cp.

1083 1801 1109 1842 4
1128 1816 1215 1853 pag,
1234 1803 1312 1843 149
1332 1816 1411 1854 seq.
1461 1803 1632 1839 Verbum
1660 1801 1749 1842 ἐπι-

1082 1858 1268 1911 λέγεσθαι
1297 1860 1491 1910 attigimus
1521 1858 1570 1896 ad
1589 1860 1671 1907 VII,
1690 1858 1747 1900 47

1082 1915 1149 1955 fin.

1140 1971 1175 2012 εἰ
1196 1967 1488 2023 βουλευόμενος
1511 1970 1690 2023 μὲν-ἒν
1703 1969 1746 2011 δὲ

1081 2031 1138 2082 τῷ
1167 2029 1267 2081 ἔργῳ
1295 2025 1451 2080 θρασῦς
1482 2029 1568 2079 εἴη]
1601 2029 1745 2066 Similis

1081 2085 1321 2138 Thucydidis
1357 2087 1545 2122 sententia
1586 2087 1634 2132 H,
1677 2088 1743 2126 11.

1079 2144 1149 2188 Vl,
1171 2143 1236 2191 34,
1257 2149 1415 2179 notante
1443 2141 1741 2191 Valckenaerioe,

1081 2202 1142 2236 cui
1171 2199 1316 2236 addidit
1345 2200 1621 2249 Wesselingius
1654 2199 1742 2236 Sal-

1079 2257 1286 2293 lustianum
1296 2255 1389 2292 illud
1402 2256 1510 2294 Catil.
1525 2258 1560 2295 1.
1582 2257 1741 2303 „Prius-

1078 2326 1196 2365 quam
1223 2313 1402 2363 iucipias,
1442 2312 1635 2361 consulto,
1674 2313 1741 2349 ubi

1078 2370 1330 2417 consulueris,
1353 2376 1501 2406 mature
1522 2370 1622 2406 facto
1643 2382 1739 2420 opus

1077 2428 1171 2474 est,“
1200 2427 1267 2463 ubi
1285 2427 1394 2476 plura
1416 2427 1518 2464 Cort.
1541 2433 1577 2463 et
1595 2427 1741 2473 Wass„

1076 2484 1266 2522 Aristotel.
1289 2482 1415 2520 Ethic.
1447 2482 1495 2520 ad
1515 2481 1741 2520 Nicomach.

1076 2541 1139 2587 VI,
1153 2543 1177 2580 9
1191 2541 1227 2585 ξ.
1238 2544 1264 2581 2
1279 2540 1407 2592 ibique
1421 2540 1612 2577 Camerar.
1634 2540 1739 2585 Quae

1077 2596 1214 2633 eadem
1235 2598 1351 2633 etiam
1380 2597 1502 2647 attigit
1523 2597 1736 2634 Casaubon.

1077 2653 1125 2691 ad
1147 2654 1309 2691 Sueton.
1330 2653 1461 2690 octav.
1481 2652 1550 2694 25.

1325 2742 1418 2794 Cap.
1439 2744 1485 2781 L.

1134 2818 1300 2869 οἰκότως
1321 2818 1394 2873 μὲν
1416 2818 1466 2861 σύ
1484 2835 1528 2874 γε
1560 2835 1595 2859 κ.
1616 2834 1648 2858 τ.
1673 2819 1728 2877 λη]
