1806 3181
438 105 522 144 658

442 206 754 266 Θεμιστοκλέης
790 203 1006 260 ἀνέγνωσε
1043 203 1328 260 Ἀθηναίους,
1356 205 1432 259 τῆς
1461 200 1695 254 διαιρέσιος
1750 204 1806 258 57¹

838 95 1301 134 HERODOTI

439 277 596 332 ταύτης
634 273 966 328 παυσαμένους,
1003 272 1104 323 νέας
1146 271 1313 314 τούτων
1352 273 1440 312 τῶν
1468 266 1698 324 χρημάτων

439 343 708 400 ποιήσασθαι
738 342 974 396 διηκοσίας,
1003 340 1044 390 ἐς
1075 337 1152 382 τόν
1181 337 1371 392 πόλεμον
1399 336 1477 380 τὸν
1506 336 1615 392 πρὸς
1627 335 1754 376 Αἰ-45

410 412 623 469 Βγινήτας
650 408 798 464 λέγων.
860 403 988 458 οὗτος
1017 406 1098 461 γὰρ
1121 406 1143 449 ὁ
1169 407 1356 461 πόλεμος
1388 405 1547 455 συστὰς
1567 404 1699 447 ἔσωσε

438 479 532 523 τότε
561 477 639 533 τὴν
665 475 877 523 Ελλάδα,
918 473 1169 529 α’ναγκασας
1197 478 1468 524 θαλασσίους
1496 488 1590 527 γενε
1574 472 1699 514 ἑσθαι

414 546 711 603 4Ἀθηναίους.
744 563 788 588 αι
818 544 876 595 δὲ
908 544 949 593 ἐς
978 540 1027 584 τὸ
1059 541 1136 597 μὲν
1157 540 1436 598 ἐποιήθησαν,
1468 538 1551 584 οὐκ
1579 535 1697 593 ἐχρή-

438 620 628 669 σθησαν·
661 613 703 665 ἒς
733 612 834 656 δέον
865 611 911 654 δὲ
941 609 1056 653 οὕτω
1089 613 1141 665 τῆ
1166 607 1373 653 Ελλάδι’
1358 610 1568 665 εγένοντο
1613 601 1700 648 Αὖ-

438 700 509 725 ται
545 698 588 724 τε
627 681 680 737 δὴ
724 683 770 724 αἱ
809 680 901 731 νέες
931 683 1043 723 τοῖσι
1067 677 1338 732 Ἀθηναίοισι
1367 678 1703 732 προποιηθεῖσαι

438 750 659 807 ὑπῆρχον,
702 748 848 801 ἑτέρας
885 764 929 790 τε
958 747 1046 790 ἔδεε
1075 745 1526 802 προσναυπηγέεσθαι.
1584 740 1758 793 ἔδοξέ-50

411 827 486 862 ὅτε
512 829 605 872 σφι,
635 816 739 873 μετὰ
768 816 818 860 τὸ
849 814 1111 872 χρηστήριον
1140 813 1524 869 βουλευομένοισι,
1563 808 1703 855 ἐπιόν·

439 903 491 929 τα
535 885 602 929 ἐπὶ
653 885 733 942 τήν
766 883 959 928 Ἐλλάδα
989 881 1067 925 τὸν
1105 881 1334 937 βάρβαρον
1370 881 1572 924 δέκεσθαι
1604 881 1703 934 τῇσι

440 954 568 1010 νηυσὶ
598 954 813 1010 πανδημεὶ
826 986 836 999 ,

873 956 932 1010 τῷ
953 955 1041 1005 θεῷ
1073 948 1387 1005 πειθομένους,
1429 946 1518 1003 ἅμα
1544 944 1704 1001 (Ελλή-

441 1039 531 1065 νων
559 1026 672 1065 τοῖσι
702 1021 1022 1077 βουλομένοισι.
1053 1017 1106 1060 τὰ
1123 1018 1202 1073 μὲν
1226 1017 1278 1073 δὴ
1297 1017 1537 1073 χρηστήρια
1564 1018 1703 1058 ταῦτα
1716 1019 1760 1054 55

440 1096 552 1135 τοῖσι
578 1089 846 1145 Ἀθηναίοισι
875 1087 1076 1143 ἐγεγόνεε.

386 1287 527 1325 iudicat
554 1285 661 1323 idem
687 1282 862 1324 Boeckh.
891 1281 929 1321 h.
952 1283 978 1323 l,
1000 1296 1039 1334 p.

392 1348 482 1386 112.

444 1397 670 1452 ἀνέγνωσε]
713 1398 738 1434 ἰ.
774 1411 807 1436 e.
845 1396 1041 1447 persuasit.

388 1458 499 1496 Conf.
519 1458 550 1505 I,
572 1458 638 1497 68.
699 1455 782 1500 Quo
811 1452 928 1490 modo
950 1452 1045 1489 civi-

386 1516 458 1552 bus
477 1513 551 1550 hoo
576 1511 800 1563 persuaserit
820 1508 1046 1546 Themisto-

388 1572 476 1619 cles,
499 1576 646 1606 enarrat
663 1569 850 1619 Polyaen.
880 1567 910 1613 I,
933 1568 985 1606 30
1009 1566 1046 1609 §.

388 1628 428 1669 5.
485 1625 725 1663 Herodotum
753 1625 794 1659 in
821 1621 893 1659 hac
914 1634 1048 1658 narra-

387 1686 492 1721 tione
521 1683 694 1746 sequitur·
720 1677 915 1717 Plutarch.
937 1676 1048 1715 The-

389 1740 550 1778 mistocl.
583 1738 609 1778 4
643 1739 726 1774 init.
758 1737 812 1773 A1
815 1734 914 1773 [εἴη]
944 1735 1046 1771 Orat.

391 1797 438 1835 de
459 1794 865 1844 Quatuorvi1.p.187
887 1792 992 1828 Iebb.
1012 1797 1049 1828 et

391 1853 522 1892 Schol.
540 1850 694 1889 Aristid.
731 1848 799 1899 (ad
819 1863 858 1900 p.
879 1850 959 1888 309
979 1845 1045 1899 A.)

391 1924 478 1962 pag.
499 1911 581 1950 230
601 1922 679 1961 seq.
700 1908 871 1943 Fromm.
891 1906 1050 1942 Dissen-

390 1968 436 2005 tit
463 1964 641 2003 nonnihil
672 1964 823 2001 Cornel.
851 1963 977 2013 Nepos
1009 1962 1050 1997 iu

392 2022 581 2061 Themist.
603 2025 630 2062 2
651 2018 734 2072 (ubi
757 2019 835 2057 vid.
856 2032 931 2056 van
963 2019 1053 2056 Sta-

392 2079 562 2128 veren),
603 2080 667 2129 qui
703 2075 808 2114 idem
839 2089 928 2112 cum
954 2076 1051 2111 Plu—

392 2134 523 2173 tarcho
546 2141 582 2170 et
596 2135 790 2184 Polyaeno
810 2136 944 2169 centum
964 2144 1053 2168 mo-

395 2192 444 2230 do
464 2191 706 2243 ponitnaves,
727 2190 794 2225 ubi
814 2189 981 2226 ducentas
995 2188 1053 2224 af-

393 2250 467 2286 fert
485 2245 712 2284 Herodotus.
735 2267 787 2272 ——
806 2246 863 2280 De
883 2245 1050 2294 genitivo

395 2302 544 2345 τούτων
563 2303 633 2351 (sic
654 2299 756 2338 edidi
774 2313 843 2351 pro
864 2298 1049 2351 τουτέων)

397 2376 477 2400 των
498 2355 708 2412 χρημάτων
724 2357 825 2394 cons.
838 2355 973 2393 Matth.
986 2358 1051 2393 Gr.

399 2419 466 2455 Gr.
487 2418 525 2462 §.
547 2414 641 2457 364.
660 2417 698 2452 b.
719 2428 756 2466 p.
787 2416 882 2455 678·

455 2470 525 2514 τόν
545 2469 644 2524 πρός
667 2465 884 2524 Αἶγινητας
907 2467 1050 2523 λέγων]

399 2531 426 2568 ἱ.
439 2544 472 2568 e.
489 2529 615 2567 bellum
634 2528 835 2576 intelligens
855 2525 985 2578 (quod
1002 2539 1052 2563 sc.

399 2586 587 2637 instabat)
622 2598 698 2623 cum
712 2584 906 2634 Aeginetis.
954 2584 1054 2633 Apte

400 2642 586 2681 Valcken.
623 2641 731 2678 affert
749 2643 902 2678 Isocrat.
920 2639 960 2677 in
978 2640 1057 2676 Pa-

403 2698 510 2738 nath.
532 2702 578 2751 p.
606 2701 688 2740 277
715 2699 763 2736 D.
793 2698 905 2750 [cap.
933 2695 986 2738 85
1017 2697 1056 2742 §-

1099 1282 1214 1331 215J,
1235 1280 1301 1316 ubi
1329 1279 1499 1316 similiter
1517 1279 1680 1317 verbum
1697 1276 1762 1318 λέ-

1100 1354 1182 1389 γων
1203 1343 1417 1387 usurpatur.
1438 1337 1495 1373 Ac
1517 1336 1658 1373 dicendi
1673 1349 1762 1373 ver-

1100 1396 1194 1432 bum
1214 1395 1266 1431 ita
1286 1392 1439 1430 adhibet
1450 1394 1582 1430 Cicero
1597 1394 1656 1429 De
1666 1392 1764 1430 finn.

1100 1453 1146 1499 V,
1168 1455 1205 1492 3.
1215 1473 1272 1478 —
1291 1453 1349 1488 De
1369 1451 1450 1501 ipso
1471 1451 1572 1487 bello
1591 1450 1763 1500 Aegine-

1100 1510 1175 1545 tico
1195 1507 1273 1545 vicl.
1296 1506 1440 1544 Herod
1460 1508 1506 1555 V,
1523 1509 1577 1548 82
1596 1520 1675 1559 seq.
1696 1506 1761 1555 VI,

1103 1567 1156 1605 87
1178 1577 1284 1621 seqq.
1306 1565 1393 1601 coll.
1413 1562 1608 1602 Plutarch.
1629 1564 1656 1600 l.
1676 1563 1705 1600 l.

1162 1622 1278 1667 οὐτος
1297 1617 1372 1673 γάρ
1393 1636 1413 1659 ο
1435 1617 1604 1671 πόλεμος
1616 1615 1763 1667 συστὰς

1104 1693 1142 1716 κ.
1160 1692 1194 1716 τ.
1215 1678 1271 1726 λ.]
1299 1676 1363 1714 Ad
1381 1678 1618 1714 locutionem
1638 1673 1678 1727 (o
1687 1671 1763 1715 πό·-

1104 1737 1220 1786 λεμος
1241 1730 1414 1783 συστας)
1437 1733 1487 1774 cf.
1506 1732 1652 1771 Herod.
1663 1734 1762 1781 VIII,

1110 1791 1202 1830 142.
1222 1790 1381 1828 Diodor.
1402 1790 1480 1828 Sic.
1499 1792 1529 1839 I,
1550 1789 1590 1830 4.
1607 1788 1703 1838 XV,
1709 1791 1760 1831 61

1105 1848 1192 1884 coll.
1217 1846 1360 1884 Herod.
1387 1848 1470 1895 VII,
1504 1846 1583 1887 152
1603 1847 1669 1886 fin.
1688 1848 1765 1883 Le-

1105 1905 1328 1956 xio.Polyb.
1346 1918 1385 1955 p.
1407 1903 1503 1944 597.
1540 1904 1638 1941 Vere
1667 1901 1764 1940 haec

1108 1960 1206 1998 tradi
1261 1962 1435 1999 observat
1488 1958 1764 1999 Wachsmuth.

1108 2019 1259 2055 Hellen.
1278 2015 1558 2055 Alterthumsk.
1578 2018 1608 2065 I,
1629 2019 1656 2056 2
1675 2029 1765 2068 pag.

1110 2077 1163 2115 26
1185 2088 1275 2126 seq.,
1296 2076 1405 2126 plura
1425 2072 1566 2111 addens
1579 2073 1626 2110 de
1641 2071 1765 2110 Athe-

1107 2132 1321 2178 niensibus,
1352 2132 1418 2183 qui
1444 2143 1534 2167 sane
1563 2131 1706 2167 mirum
1722 2129 1766 2166 in

1107 2187 1270 2224 modum
1295 2187 1385 2224 hinc
1404 2185 1610 2235 creverint,
1644 2198 1766 2239 quum

1108 2245 1219 2280 rebus
1258 2243 1515 2294 praesentibus
1546 2244 1689 2294 optime
1715 2240 1765 2280 ad

1108 2313 1177 2337 sua
1197 2299 1401 2337 commoda
1421 2300 1476 2336 uti
1494 2300 1765 2350 potuerint.—

1109 2357 1279 2393 Verbum
1306 2351 1561 2407 ἐχρήσθησαν
1599 2358 1648 2394 ob
1676 2369 1765 2408 pas-

1111 2413 1180 2450 sivi
1207 2425 1321 2450 usum
1341 2414 1430 2450 citat
1456 2411 1591 2453 Matth.
1614 2414 1682 2451 Gr.
1697 2415 1765 2452 Gr.

1107 2471 1144 2515 §.
1174 2467 1256 2510 490
1277 2483 1312 2520 p.
1334 2472 1416 2511 922
1439 2475 1476 2506 et
1495 2471 1532 2515 §·
1556 2468 1651 2519 495,
1672 2483 1705 2509 a.
1723 2484 1764 2522 p·

1110 2527 1203 2566 929.
1263 2524 1365 2567 Add.
1406 2525 1549 2565 Herod.
1585 2528 1665 2575 IX,
1696 2525 1763 2568 94.

1108 2581 1219 2619 Idem
1233 2581 1415 2620 Matthiae
1436 2584 1472 2628 §.
1494 2581 1575 2624 559
1594 2597 1634 2635 p.
1656 2579 1763 2624 1104

1112 2639 1255 2676 confer.
1282 2638 1331 2676 ad
1363 2640 1479 2677 verba
1497 2639 1764 2692 προποιηθεῖ-

1112 2707 1178 2736 σαι
1202 2694 1407 2749 ὖπῆρχον,
1446 2694 1534 2734 add.
1570 2692 1712 2732 Herod.
1730 2694 1762 2742 1,

1744 2293 1746 2295 ,
1787 2211 1806 2305 4
