1789 3258
394 155 864 192 POLYMNIA.
923 154 1024 191 Vll.

1252 155 1337 194 6⁴3

72 266 124 310 τὰ
153 266 230 309 τὸν
263 265 636 318 Πελοποννησίων
657 264 730 306 καὶ
757 262 1007 318 Ἀθηναίων
1030 260 1245 316 πόλεμον,
1278 261 1336 313 ὡς

73 334 245 390 λέγουσι
283 331 634 386 Λακεδαιμόνιοι.

47 408 212 443 3τατον
252 401 454 455 φαίνεται
492 400 710 454 γενέσθαι.

702 330 832 374 τοῦτό
872 348 947 386 μοι
987 331 1033 373 ἐν
1072 335 1185 373 τοῖσι
1221 327 1393 373 θεώ-85

781 397 846 442 ὅτι
885 398 963 453 μὲν
992 397 1076 453 γὰρ
1096 398 1337 454 κατέσκηψε

72 469 115 519 ἐς
155 466 366 523 ἀγγέλους
407 465 433 523 ἡ
481 470 736 523 Ταλθυβίου
781 470 931 522 μῆνις,
974 463 1076 509 οὐδὲ
1116 464 1339 509 ἐπαύσατο

71 536 174 589 πρὶν
201 534 230 590 ἢ
259 535 433 591 ἐξῆλθε,
465 535 514 577 τι)
547 537 721 578 δίκαιον
752 534 868 578 οὕτω
895 535 1043 588 ἔφερε·
1075 532 1124 575 τό
1156 535 1202 576 ὁὲ
1234 546 1340 590 συμ-

67 607 214 647 πεσεῖν
233 603 274 654 {g
302 603 404 654 τούς
424 605 584 654 παῖδας
613 607 702 646 τῶν
722 601 899 656 ἀνδρῶν
929 601 1098 645 τούτων
1118 605 1207 643 τῶν
1232 601 1340 644 οἰνα-

69 671 253 726 βοὶντων,ι
281 670 394 725 πρὸς
440 671 619 727 βασιλέα
649 671 721 715 διά
754 673 832 726 τὴν
862 674 1012 727 μῆνιν,
1065 669 1106 719 ἐς
1137 668 1336 712 Νικόλαν

70 755 114 782 τε
151 737 230 781 τὸν
270 738 482 791 Βούλιος,
511 740 583 781 καὶ
619 739 661 790 ἐς
685 737 940 794 Ἀνήριστον
979 737 1059 780 τόν
1090 739 1334 790 Σπερθίεω,
1350 743 1396 778 90

71 805 120 858 ὃς
162 803 245 850 εἷλε
275 804 420 859 ἁλιέας
451 807 554 858 τούς
583 807 629 850 ἐκ
655 808 893 861 Τίρυνθος,
926 805 1081 850 ὁλκάδι
1110 803 1339 848 καταπλώ-

11 1016 249 1066 gitationem,
281 1017 356 1068 quai
387 1016 618 1054 admirabilis
639 1019 672 1054 ei

11 1079 47 1109 et
66 1085 87 1109 a
107 1074 256 1123 vulgari
275 1087 405 1109 rerum
427 1073 559 1110 ordine
582 1075 673 1110 alie-

11 1142 60 1165 na
88 1131 277 1166 tribuatur
305 1132 386 1167 vim
414 1144 523 1167 suam
561 1145 673 1167 exse-

11 1185 118 1222 rendi
154 1188 261 1223 ratio.
326 1188 454 1238 Atque
490 1186 578 1224 hinc
601 1201 674 1224 no-

10 1249 129 1280 strum
141 1244 269 1280 locum
281 1245 441 1294 intelligi
451 1246 542 1292 vult,
557 1258 673 1296 quem

9 1298 220 1337 Larcherus
261 1300 582 1338 Valckenaerium
612 1315 674 1338 se-

11 1363 119 1394 cutus
140 1370 342 1408 perperam
357 1359 500 1394 Gallice
520 1360 571 1394 ita
584 1358 674 1395 red-

12 1412 131 1451 didit:
159 1415 200 1461 je
217 1427 257 1451 ne
282 1419 403 1452 trouve
420 1415 511 1451 dans
533 1419 585 1452 cet
598 1417 674 1452 e'oe-

11 1474 145 1508 nement
166 1473 241 1508 rien
261 1471 303 1508 de
326 1472 423 1509 divin
435 1486 447 1516 ,-
461 1474 483 1491 “
536 1473 673 1509 melius

11 1527 126 1563 Miot:
170 1531 203 1564 et
236 1527 264 1564 il
302 1529 424 1565 semble
444 1529 531 1578 qa'c'l
551 1533 609 1565 eut
632 1543 674 1566 en

14 1583 90 1620 cela
124 1598 193 1621 une
223 1588 312 1622 sorte
344 1586 385 1622 cle
415 1585 568 1635 fatalt'te‘
597 1586 674 1622 bien

11 1642 302 1679 extraordz'naz're.
329 1642 397 1679 Cr.
420 1644 583 1679 conferri
611 1644 673 1679 in-

11 1697 75 1734 bet
94 1698 218 1735 Wolf.
247 1697 295 1735 ad
316 1700 420 1735 Reiz.
441 1701 498 1735 De
519 1699 673 1750 prosod-

13 1754 149 1791 Graec.
180 1763 325 1792 accent.
351 1757 481 1794 inclin.
498 1769 586 1806 pag.
604 1759 672 1796 23.

11 1809 74 1847 Ad
93 1812 255 1849 verbum
270 1811 496 1862 κατέσκηψε
516 1812 593 1849 vid.
616 1813 674 1848 al-

11 1867 89 1904 lata
105 1867 153 1904 ad
174 1869 255 1915 VII,
291 1867 369 1908 134
406 1876 442 1905 et
465 1868 513 1905 ad
528 1868 674 1921 ἐξῆλθε

11 1930 108 1961 nott.
131 1923 179 1960 ad
198 1925 262 1972 VI,
285 1926 350 1964 80.

69 1977 112 2019 τό
128 1981 282 2020 δίκαιον
295 1976 399 2019 οὕτω
415 1978 552 2032 ἔφερε]
576 1980 673 2025 Qui-

13 2034 104 2074 dam
136 2038 222 2073 libri
254 2036 426 2089 ἐφέρετο.
487 2036 566 2074 Sed
594 2036 673 2074 vid.

11 2100 108 2131 nott.
131 2093 179 2131 ad
199 2095 244 2143 V,
266 2094 331 2136 58.
389 2095 433 2130 In
455 2107 561 2146 seqq.
585 2093 673 2131 dedi

11 2145 183 2198 τούτων,
219 2163 287 2201 pro
308 2149 499 2198 τουτέων,
541 2146 673 2190 αὐτῶν

12 2219 79 2258 pro
115 2203 268 2247 αὐτέων
299 2214 336 2244 et
367 2205 464 2258 πρὸς
498 2206 674 2259 βασιλέα,

13 2264 78 2300 ubi
103 2263 142 2311 ἐς
159 2265 330 2315 βασιλῆα
349 2263 504 2301 dederat
526 2263 674 2302 Sebae-

13 2319 112 2358 ferus
134 2334 154 2357 e
173 2321 365 2358 Sancrofti
383 2322 493 2359 libro.
514 2320 673 2358 Bekke-

13 2388 76 2415 rus
115 2375 286 2414 exhibuit
336 2377 374 2424 ἒς
411 2377 587 2429 βασιλέα.
618 2400 670 2405 —

13 2432 74 2471 Ad
90 2436 347 2472 accusativum
379 2432 563 2474 Νικόλαν
593 2434 670 2473 vid.

13 2489 147 2528 Matth.
168 2492 234 2528 Gr.
256 2491 321 2527 Gr.
344 2492 380 2535 ξ.
402 2491 455 2532 49
476 2505 512 2542 p.
538 2494 629 2532 116.

70 2544 117 2594 ὃς
146 2543 223 2587 εἷλε
252 2545 384 2594 όλιέας
408 2544 500 2594 τούς
535 2546 577 2586 ἐκ
604 2548 674 2586 Τί-

17 2608 170 2656 ρυνθος
192 2619 229 2643 κ.
249 2618 283 2642 τ.
307 2604 361 2652 λ.]
397 2605 423 2640 i.
444 2617 476 2642 e.
501 2605 563 2653 qui
583 2606 673 2653 cepit

12 2661 200 2710 piscatores
233 2659 440 2711 Tc'ryntkios
469 2660 555 2697 navi
593 2673 673 2696 one-

18 2719 114 2755 raria
133 2717 229 2766 (non
245 2725 325 2754 tam
336 2717 525 2753 mercibus
536 2716 671 2768 quam)

17 2774 101 2811 offis
146 2775 280 2825 repleta
318 2773 496 2812 accedens.
563 2774 671 2810 Ean-

732 1014 820 1052 dem
861 1028 944 1051 rem
973 1027 1152 1052 enarrans
1191 1013 1396 1067 Thucydi-

731 1072 796 1109 des
826 1073 872 1118 II,
906 1074 957 1111 67
987 1084 1066 1107 non
1102 1075 1294 1121 piscatores
1335 1071 1396 1109 di-

731 1131 781 1165 cit
813 1127 879 1165 sed
919 1132 1124 1165 mercatores
1169 1127 1395 1180 (ἐμπόρους

727 1184 959 1236 Ἀθηναίων
972 1184 1038 1223 καὶ
1050 1187 1130 1222 τῶν
1147 1182 1395 1237 ξυμμάχων),

732 1256 826 1293 quos
847 1240 924 1278 unzi
946 1255 1035 1277 cum
1056 1242 1214 1278 navibus
1230 1244 1397 1279 interce..

732 1306 814 1350 ptos
831 1301 1001 1335 Lacones
1022 1299 1290 1338 interfecerint.
1320 1301 1396 1336 Ita-

733 1369 807 1407 que
828 1357 867 1392 in
888 1354 1084 1391 Herodoto
1115 1354 1248 1402 ἁλιέας
1268 1364 1398 1393 muta-

732 1420 816 1449 tum
851 1413 1054 1449 voluerunt
1081 1413 1122 1448 in
1153 1410 1322 1460 ‘Aineiffi
1353 1420 1398 1452 ut

731 1469 919 1506 Halienses
939 1469 1256 1518 intelligerentur,
1287 1483 1396 1508 oram

732 1527 990 1576 Peloponnesi
1017 1525 1231 1563 habitantes
1276 1540 1395 1578 prope

731 1583 983 1619 Hermionem
1012 1581 1306 1633 Tirynthiorum
1327 1597 1396 1621 co-

730 1641 830 1685 loni3
884 1640 962 1687 (cf.
993 1638 1216 1690 Thucydid.
1250 1641 1279 1687 I,
1315 1640 1394 1681 105

730 1697 860 1748 ibique
870 1698 1010 1733 wasse
1022 1696 1038 1745 )
1052 1709 1061 1743 ς
1079 1698 1144 1747 qui
1163 1703 1291 1732 tamen
1305 1709 1395 1733 cum

729 1754 801 1804 ipsi
820 1756 861 1789 in
890 1753 1168 1803 Spartanorum
1190 1760 1312 1790 essent
1333 1752 1394 1790 di-

729 1812 860 1857 tione,
892 1809 1093 1846 concidere
1122 1808 1223 1846 hanc
1258 1822 1392 1846 emen-

731 1866 924 1903 dationem
946 1873 1114 1916 apparet.
1172 1867 1305 1918 Itaque
1336 1873 1391 1904 et-

729 1924 808 1959 iam
849 1922 1068 1969 concidunt,
1113 1935 1211 1973 quae
1261 1924 1304 1960 C.
1345 1924 1391 1962 Ο.

729 1980 878 2016 Miiller.
900 1980 1036 2030 posuit,
1055 1981 1166 2018 Dorr.
1187 1981 1224 2015 II
1243 1994 1282 2031 p.
1297 1979 1393 2029 437,

730 2037 796 2072 ubi
837 2036 942 2087 quod
982 2035 1029 2073 de
1067 2034 1142 2073 hoc
1180 2037 1266 2073 loco
1303 2037 1393 2075 citat

729 2091 904 2130 Boeckh.
958 2093 1076 2130 catal.
1116 2094 1219 2131 lectt.
1263 2095 1392 2132 Berol.

733 2150 966 2197 1815—16,
984 2150 1094 2187 doleo
1108 2149 1206 2188 hanc
1217 2152 1393 2202 scriptio-

730 2219 822 2243 nem
841 2205 937 2243 mihi
956 2220 1035 2244 non
1070 2206 1118 2244 ad
1139 2220 1276 2245 manus
1298 2221 1388 2249 esse.

729 2265 808 2300 Nec
837 2265 958 2315 magis
982 2265 1106 2315 placet
1127 2265 1274 2301 Pauwii
1295 2277 1390 2302 con-

728 2321 895 2358 iectura:
935 2318 981 2367 ὃς
1022 2317 1097 2360 εἷλε
1127 2320 1260 2368 ἆλιὲας
1296 2318 1390 2369 τούς

730 2376 772 2416 ἐκ,
799 2378 1000 2429 Τίρυνθος
1025 2373 1164 2417 ὁλκάδι
1177 2375 1389 2417 καταπλοό-

731 2446 874 2480 σαντας
902 2433 1046 2484 πληρέϊ
1069 2431 1288 2485 Ἀνδρίωνε
1328 2436 1392 2485 qui

724 2492 929 2541 piscatores,
943 2494 1033 2541 cepit
1069 2490 1274 2542 Tirynthius
1303 2493 1392 2528 navi

728 2550 891 2584 oneraria
909 2548 1060 2586 Andrus
1083 2548 1190 2598 plena
1211 2547 1385 2598 advectos,

728 2617 818 2641 cum
852 2603 988 2641 Andrii
1026 2605 1116 2641 belli
1142 2604 1388 2653 Peloponne-

727 2661 817 2697 siaci
835 2667 1009 2711 tempore
1022 2659 1314 2697 Atheniensium
1325 2659 1388 2696 fu-

729 2718 824 2754 erint
843 2719 956 2765 socii,
978 2717 1097 2753 socios
1117 2723 1244 2752 autem
1264 2714 1388 2752 Athe-

728 2774 916 2810 niensium
937 2785 957 2809 a
972 2771 1285 2810 Lacedaemoniis
1304 2779 1387 2810 tru-

1005 2825 1108 2870 41*
