1851 3181
481 216 565 255 618

887 216 1351 254 HERODOTI

481 324 554 368 καὶ
583 322 750 367 Σινδόν
776 340 819 367 τε
849 323 979 368 πόλιν
1005 324 1075 367 καὶ
1106 324 1378 381 Χαλέστρην,
1409 326 1474 369 ἐπὶ
1498 325 1739 377 τόνἎξιον

481 389 699 446 ποταμόν·
747 391 793 443 ὃς
827 391 988 446 οὐρίζει
1017 391 1162 447 χώρην
1191 392 1269 448 τὴν
1300 395 1563 450 Μυγδονίην
1593 410 1637 436 τε
1666 394 1740 437 καὶ

482 461 733 503 Βοττιαιΐδοι
750 493 761 511 ,
809 465 883 514 τῆς
908 461 1052 516 ἔχουσι
1081 459 1130 503 τὸ
1167 461 1284 513 παρὰ
1312 461 1540 506 θάλασσαν
1572 461 1740 506 στεινὸν

454 528 646 582 1χωρίον
675 528 800 582 πόλις
817 527 954 585 Ἴχναι
984 544 1027 571 τε
1063 528 1136 571 καὶ
1171 529 1327 574 Πέλλα.

421 751 491 790 pro
506 738 755 792 Χαλαίστρας
771 735 981 790 reponend.
997 738 1081 775 Χα-

421 791 605 846 λαστρας.

479 851 544 891 ἐπὶ
581 868 650 892 τον
680 849 818 899 ’Ἄξιον
868 843 1079 900 ποταμόν]

422 909 528 946 Alius
560 916 614 946 est
638 905 804 956 Ἄξιός,
846 904 948 958 quod
969 918 1082 956 prae-

421 973 519 1003 stare
550 967 601 1002 ait
628 962 848 1003 Tzschuck.
880 963 963 998 loco
988 975 1081 999 mox

421 1021 613 1060 laudando
626 1052 635 1070 ,
667 1023 733 1059 ubi
749 1023 837 1058 citat
855 1021 1012 1056 Barnes.
1034 1018 1082 1056 ad

418 1079 596 1130 Euripid.
626 1077 768 1116 Bacch.
801 1076 896 1117 570.
953 1077 1082 1127 Atque

421 1139 473 1173 sic
481 1150 570 1173 sane
589 1135 692 1187 apud
706 1136 922 1187 Scymnum
943 1132 1084 1170 Chium

422 1196 500 1235 621
534 1188 672 1240 Ἄξιός.
731 1193 805 1238 Qui
834 1190 971 1227 fluvius
1000 1191 1085 1227 Ho-

420 1262 529 1286 mero
558 1251 637 1286 iam
666 1250 840 1300 cognitus
866 1247 927 1296 (ΙΙ.
957 1247 993 1283 ΙΙ
1023 1259 1079 1285 VS.

420 1304 521 1356 849)
551 1308 650 1343 inter
668 1304 916 1342 Macedoniae
945 1303 1080 1340 fluvios

418 1364 589 1414 primum
599 1369 705 1400 tenet
724 1363 867 1399 locum.
887 1362 920 1397 E
934 1359 1079 1397 Scardo

418 1426 552 1456 moute
590 1421 631 1456 in
664 1420 878 1457 Paeonibus
926 1430 1080 1454 exorsus

419 1475 687 1513 Macedoniam
714 1475 883 1512 mediam
923 1473 1081 1511 dissecat

420 1539 458 1569 et
489 1534 588 1571 intra
622 1532 856 1570 Chalestram
887 1544 929 1568 ac
949 1530 1080 1568 Ther-

419 1602 527 1626 mam
555 1591 601 1628 ab
632 1603 769 1628 occasu
788 1588 1078 1627 Thessalonices

368 1663 374 1671 ·
418 1647 516 1683 mari
548 1649 741 1684 miscetur.
796 1647 872 1684 Per
904 1643 1080 1681 medium

418 1716 558 1740 aevum
606 1703 786 1741 Bardarz'z'
827 1716 856 1739 s.
895 1701 1078 1739 Bardarz's

418 1772 563 1796 nomen
582 1761 754 1811 accepit3
774 1772 877 1795 nunc
898 1771 987 1794 eum
1006 1770 1078 1795 vo-

418 1823 506 1853 cant
525 1816 672 1855 Bardar
691 1831 721 1854 s.
755 1816 906 1854 Vardar.
963 1815 1080 1851 Plura

417 1872 564 1911 Duker.
606 1873 655 1911 ad
688 1871 910 1924 Thucydid.
941 1874 989 1919 II,
1011 1872 1077 1911 99.

399 1929 641 1973 „Tzschuck
672 1930 720 1967 ad
749 1931 839 1967 Mel.
870 1930 962 1974 11,3
994 1928 1031 1973 ξ.
1055 1929 1075 1968 1

418 2000 506 2038 pag.
540 1990 619 2028 163
658 1994 755 2024 nott.
795 1999 932 2037 exegg.
966 1986 1080 2022 Man-

418 2051 518 2080 nert.
542 2045 669 2094 VIIp.
694 2042 775 2085 475
796 2056 903 2096 seqq.
922 2064 979 2070 —-—
1008 2041 1077 2079 Cr.

419 2098 482 2136 hic
530 2101 693 2137 conferri
742 2101 824 2138 vult
862 2102 999 2152 Heyne
1036 2099 1077 2133 in

422 2157 582 2207 Opuscc.
612 2156 759 2194 Acadd.
795 2158 848 2195 IV
876 2169 965 2209 pag.
998 2156 1077 2195 169

419 2220 515 2251 nott.

477 2269 725 2317 Βοττιαιίδα]
784 2269 945 2306 Bottiaei
982 2267 1081 2303 infra

422 2326 503 2373 VII,
522 2326 613 2367 185.
624 2327 820 2372 VIII,127.
840 2323 955 2374 Apud
967 2322 1082 2361 Thu-

422 2381 579 2434 cyd.11,
611 2383 664 2422 99
695 2381 836 2419 Bottia
868 2388 903 2417 et
922 2382 971 2428 11,
1004 2382 1081 2419 100

421 2439 606 2478 Βυττιαία
646 2436 774 2487 (unde
803 2436 904 2488 apud
926 2437 1078 2473 Livium

422 2496 571 2543 XXVI,
603 2495 655 2536 25
693 2496 860 2546 aliosque
891 2492 1078 2542 Bottiaea)

425 2554 509 2600 etl,
531 2552 583 2594 65
619 2552 706 2589 coll.
733 2550 888 2588 Diodor.
921 2551 1006 2597 XII,
1026 2550 1079 2590 47

390 2647 392 2650 ⁴
427 2604 617 2659 Βοττικής
657 2607 705 2645 ad
740 2620 854 2660 quem
879 2608 1008 2644 locum
1030 2606 1078 2643 cf.

424 2667 575 2703 Wasse.
631 2667 730 2702 Nam
766 2666 943 2716 frequens
986 2662 1079 2701 Bot-

423 2723 592 2759 tiaeorum
620 2722 763 2758 mentio
794 2720 895 2773 apud
916 2718 1077 2771 Thucy-

424 2776 575 2827 didem,
607 2791 704 2830 quae
735 2791 827 2828 gens
847 2778 1018 2829 primitus
1040 2778 1078 2814 in

422 2831 494 2872 hao
514 2836 593 2887 ipsa
621 2837 798 2888 regione,
839 2846 936 2888 quae
965 2834 1079 2871 etiam

1136 735 1293 789 posthac
1321 737 1515 775 Bottiaeae
1535 749 1679 774 nomen
1703 737 1794 773 reti-

1136 796 1240 843 nuit,
1271 794 1318 831 ad
1354 797 1481 831 sinum
1519 792 1794 830 Thermaicum

1136 853 1236 888 intra
1266 852 1356 888 Axii
1377 858 1413 888 et
1432 849 1546 902 Lydii
1565 851 1658 887 ostia
1687 850 1794 887 sedes
1835 873 1839 876 -

1138 922 1226 945 cum
1255 907 1467 956 habuisset,
1500 906 1590 944 hinc
1625 909 1743 943 eiecta
1772 919 1794 944 a

1137 965 1408 1002 Macedonibus
1419 965 1458 1001 in
1467 965 1666 1015 peninsula
1678 962 1794 1000 Chal-
1848 1010 1851 1012 q

1138 1021 1258 1059 cidice
1279 1029 1343 1058 aut
1364 1029 1464 1058 certe
1492 1023 1533 1057 in
1553 1022 1631 1058 eius
1650 1021 1796 1058 vicini-

1136 1086 1214 1117 tate
1243 1078 1350 1116 sedes
1379 1079 1490 1129 cepit.
1534 1076 1619 1116 Vid.
1650 1075 1794 1114 Herod.

1137 1137 1220 1183 VII,
1234 1139 1325 1176 127.
1348 1135 1508 1187 Scymn.
1523 1133 1592 1171 Ch.
1606 1136 1686 1174 622
1701 1134 1793 1185 ibiq.

1141 1193 1237 1229 Gail.
1269 1194 1305 1228 II
1334 1206 1372 1242 p.
1395 1193 1474 1232 383
1495 1204 1574 1242 seq.
1607 1192 1794 1227 Gatterer.

1134 1250 1159 1287 l.
1180 1251 1206 1287 l.
1226 1262 1314 1300 pag.
1340 1247 1392 1289 84
1414 1261 1492 1299 seq.
1512 1249 1701 1284 Mannert.
1725 1247 1795 1285 VII

1134 1319 1222 1357 pag.
1245 1305 1324 1347 505
1347 1305 1433 1341 coll.
1455 1305 1496 1343 C.
1521 1305 1566 1341 Ο.
1586 1304 1735 1341 Muller.
1765 1304 1793 1341 l.

1135 1364 1160 1400 l.
1182 1375 1270 1413 pag.
1302 1364 1340 1401 9.
1370 1362 1502 1398 Ritter.
1523 1359 1700 1399 Vorhalle
1721 1367 1793 1398 etc.

1135 1432 1223 1471 pag.
1233 1418 1315 1459 435
1327 1431 1420 1469 seq.3
1442 1419 1556 1470 quiin
1571 1418 1707 1455 talibus
1719 1430 1794 1454 no-

1135 1477 1302 1513 minibus
1323 1474 1511 1512 Buddhae
1541 1481 1656 1526 atque
1675 1473 1794 1511 Indo-

1134 1546 1222 1571 rum
1241 1533 1398 1583 vestigia
1419 1533 1596 1582 cognosci
1615 1532 1708 1568 vult.

1191 1592 1262 1641 τῆς
1283 1588 1414 1640 ἔχουσι
1442 1586 1486 1629 τό
1514 1584 1622 1640 nocco}
1638 1583 1792 1626 θάλασ-

1137 1659 1211 1686 σαν
1225 1643 1373 1685 στεινὸν
1385 1645 1527 1695 χωρίον
1545 1641 1792 1694 πόλις”Ιχυαι

1133 1719 1174 1743 τε
1202 1701 1269 1741 καὶ
1296 1701 1454 1749 Πέλλα]
1488 1703 1514 1739 i.
1535 1714 1568 1740 e.
1599 1702 1698 1737 cuius
1718 1704 1792 1737 ter-

1133 1773 1195 1799 rae
1215 1758 1460 1809 (Bottiacae)
1492 1761 1641 1795 tractum
1671 1769 1793 1806 angu-

1135 1821 1226 1854 stum
1258 1817 1473 1852 maritimum
1492 1813 1667 1863 (iuxtam
1686 1826 1792 1850 mare

1135 1872 1372 1925 porrectum)
1403 1875 1519 1908 tenent
1538 1871 1637 1907 urbes
1660 1869 1793 1907 Ichnae

1135 1944 1179 1968 ac
1217 1928 1334 1967 Pella.
1390 1927 1521 1965 Iclmas
1549 1940 1599 1964 ex
1624 1925 1664 1966 h.
1684 1927 1707 1963 l.
1739 1925 1793 1963 af-

1134 1987 1207 2023 fert
1274 1983 1491 2035 Stephanus
1543 1985 1791 2036 Byzantinus.

1136 2045 1259 2089 Quam
1280 2043 1326 2078 ab
1357 2040 1572 2088 Herodoto,
1595 2041 1660 2092 qui
1687 2039 1792 2076 idem

1132 2101 1227 2137 falso
1247 2099 1396 2135 Pellam
1415 2097 1538 2135 tradat
1556 2098 1692 2134 urbem
1707 2109 1793 2133 ma-

1134 2159 1322 2202 ritimam,
1360 2169 1407 2192 ex
1429 2168 1553 2192 errore
1582 2153 1644 2190 hic
1664 2154 1792 2192 vocari

1135 2215 1344 2264 suspicatur
1353 2214 1543 2249 Manuert.
1562 2211 1633 2248 VII
1646 2224 1684 2260 p.
1697 2209 1792 2250 505.

1138 2270 1242 2307 Pella
1266 2270 1421 2319 antiqua
1449 2265 1707 2303 Macedonum
1727 2278 1791 2301 re-

1136 2339 1231 2376 gum
1243 2323 1349 2362 sedes
1370 2325 1454 2360 loco
1476 2321 1578 2360 edito
1601 2328 1792 2359 exstructa

1136 2385 1234 2418 inter
1271 2380 1398 2417 inedia
1435 2378 1548 2431 Lydii
1583 2386 1728 2430 stagna,
1768 2391 1792 2417 a

1134 2437 1405 2476 Thessalonice
1417 2437 1550 2487 viginti
1562 2443 1707 2487 septem
1721 2435 1792 2472 ab-

1135 2496 1205 2531 suit
1225 2495 1399 2530 milliaria
1419 2507 1462 2530 ao
1488 2499 1618 2544 postea
1638 2503 1804 2545 quoque*
1850 2494 1851 2498 ’

1134 2553 1398 2588 Romanorum
1419 2551 1518 2586 facta
1547 2557 1601 2587 est
1627 2549 1790 2586 colonia.
1822 2571 1830 2582 .

1136 2609 1251 2645 Plura
1270 2608 1400 2645 Livius
1420 2606 1554 2654 XLIV,
1575 2604 1641 2646 46.
1679 2607 1790 2642 Nunc

1133 2665 1217 2702 loco
1251 2677 1392 2701 nomen
1419 2662 1526 2701 Allah
1559 2661 1700 2707 Klzss63
1741 2659 1790 2698 de

1135 2734 1211 2773 quo
1239 2722 1359 2758 multa
1389 2719 1598 2770 Cousiuery
1624 2719 1663 2754 in
1692 2718 1788 2755 libro
1818 2757 1823 2764 ,

1134 2779 1291 2830 voyage
1312 2776 1406 2814 dans
1425 2777 1460 2813 le
1476 2774 1702 2813 Macedoine
1716 2781 1787 2812 etc.

1134 2824 1239 2873 Paiis
1261 2837 1381 2882 1851,
1401 2839 1493 2870 teste
1514 2833 1556 2870 C.
1574 2832 1618 2869 Ο.
1639 2832 1786 2868 muller.

1844 2947 1846 2954 ι

1843 2955 1845 2962 γ

1843 2969 1846 2987 ἰ

1839 3102 1843 3175 ἔ
