1806 3181
241 722 343 768 218

206 787 343 827 ingruen-

70 822 152 852 tibus
171 821 341 857 diffugiunt

71 787 173 816 Persis

403 137 485 178 770

789 135 1254 173 HERODOTI

403 243 451 287 ἐν
482 240 686 296 ἀριστερῇ
717 241 763 285 δὲ
783 242 834 285 τὰ
864 243 1125 298 Τρηχινίων·
1157 242 1243 299 ἠώς
1272 261 1313 289 τε
1345 244 1555 299 διέφαινε,
1584 245 1654 288 καὶ

375 309 605 366 ἓέγένοντο
637 307 699 352 ἐπ’
725 309 978 367 ἀκρωτηρίῳ
1009 316 1087 355 τοῦ
1117 311 1284 366 οὔρεος.

1342 312 1465 356 Κατὰ
1484 312 1529 356 δὲ
1558 316 1655 355 τοῦ·

402 395 450 421 το
482 381 561 420 τοῦ
593 375 745 432 οὔρεος
773 376 1035 432 ἐφύλασσον,
1066 378 1124 429 ὠς
1156 381 1228 422 καὶ
1259 379 1476 436 πρότερόν
1493 395 1569 435 μοι
1592 381 1653 422 δε-
1667 386 1681 420 ῑ

404 443 614 499 δήλωται,
654 445 845 488 Φωκέων
881 448 1011 502 χίλιοι
1048 444 1237 497 ὁπλῖται,
1269 447 1474 504 ῥυόμενοί
1502 464 1546 491 τε
1575 446 1656 504 τήν
1712 446 1786 485 607

375 512 622 592 ὃσφετέρην
642 511 805 569 χώρην
844 514 917 556 καὶ
947 515 1238 569 φρουρέοντες
1275 533 1354 572 την
1393 515 1600 572 οἷτραπόν.
1629 515 1656 571 ἡ

401 579 481 633 μὲν
499 578 582 634 γάρ
612 579 729 623 κάτω
763 580 918 638 ἐσβολὴ
949 581 1214 638 ἐφυλάσσετο
1243 580 1329 626 ὑπὸ
1351 587 1447 626 τῶν
1477 586 1654 640 εἴρηται·

402 644 480 701 τὴν
510 645 555 689 δὲ
586 647 657 690 διὰ
685 651 765 692 τοῦ
795 648 948 704 οὔρεος
985 649 1181 704 οἷτραπὸν
1221 651 1444 694 ἐθελονταὶ
1487 654 1685 702 Φωκέες5

401 711 719 769 ὑποδεξάμενοι
732 719 929 774 Λεωνίδῃ
944 717 1204 772 ἐφύλασσον.
1224 718 1425 773 ’Έμαθον
1455 718 1500 762 δέ
1521 730 1657 773 σφεας

403 783 447 825 οἱ
479 782 648 835 Φωκέες
678 780 760 827 ὦδε
789 784 1134 841 ἀναβεβηκότας·
1167 786 1476 843 ἀναβαίνοντες
1504 786 1589 842 yolo
1619 787 1659 830 έ-

399 846 623 894 λοίνθανον
653 852 695 894 οἱ
727 852 910 907 Πέρσαι,
943 854 991 897 τὸ
1013 849 1146 907 οὖρος
1174 858 1262 898 πᾶν
1288 855 1361 899 ἐὸν
1391 857 1539 909 δρυῶν
1568 854 1660 898 ἐπί-

399 920 549 960 πλεον·
580 912 635 973 ἦν
651 919 730 975 μὲν
754 920 806 976 δὴ
832 923 1026 979 νηνεμίη,
1052 922 1206 978 ψόφου
1236 922 1282 967 δὲ
1298 922 1531 979 γινομένου
1559 926 1661 966 πολ-

345 1100 535 1135 montium
579 1104 779 1141 cacumina
821 1106 1002 1155 XXXVI,

348 1158 398 1196 16
415 1155 480 1192 fin.
487 1183 502 1201 ,
536 1155 798 1209 Callidromum,
828 1162 1002 1200 Rhodun-

345 1213 452 1259 tiam,
497 1212 701 1255 Tichiunta.
761 1218 847 1258 Vid.
881 1222 1003 1256 Kruse

343 1269 470 1305 Hellas
488 1271 535 1316 II,
557 1273 583 1310 2
602 1275 806 1324 pag.126

399 1320 483 1375 η’ώς
503 1340 543 1364 τε
561 1327 752 1379 διέφαινε,
771 1329 838 1370 καὶ
851 1329 1003 1385 ἐγένον-

345 1395 433 1420 tox-
445 1397 475 1419 τ
480 1384 511 1420 λ
516 1381 534 1432 ]
550 1384 660 1428 Quod
672 1394 760 1423 ante
774 1386 975 1436 διέφαινε
965 1401 1006 1424 lu

344 1438 573 1487 quibusdam
602 1443 786 1480 insertum
808 1451 862 1480 est
889 1441 1008 1495 &ma

341 1493 524 1531 Bekkfflo
546 1509 700 1550 quoque
726 1507 929 1549 retentum,
965 1515 1008 1537 e-

347 1550 504 1602 quidem
529 1555 734 1591 lneliolum
745 1556 827 1594 cod.
843 1559 1009 1594 auctori-

345 1614 421 1643 tate
442 1614 568 1644 motus
589 1612 709 1648 abieci
721 1626 809 1649 cum
822 1612 1006 1664 Schwgh.

346 1670 383 1700 et
405 1664 520 1703 Gaisf.
569 1669 626 1705 Ac
648 1681 737 1705 sane
754 1671 877 1720 potuit
896 1671 1006 1707 facile

346 1721 434 1757 mhi
469 1735 489 1757 e
528 1735 607 1775 seq.
645 1723 841 1773 διέφαινε.
898 1726 1007 1763 Idem

346 1777 419 1813 feci
437 1778 536 1825 VIII,
558 1783 625 1828 83,
646 1782 713 1818 ubi
737 1782 871 1820 itidem
890 1785 1006 1834 vulgo

348 1832 494 1871 addunt
514 1834 578 1885 δή,
610 1837 713 1889 quod
740 1839 845 1876 idem
863 1841 934 1888 IX,
953 1839 1008 1880 47

347 1891 394 1926 ab
415 1892 592 1930 omnibus
621 1896 725 1932 abest
758 1897 872 1936 libris.
931 1898 1008 1933 Pro

348 1947 579 1995 διαφαίνειν
613 1951 808 1991 illucescere
840 1954 1009 1990 311131111-

346 2005 476 2041 venias
503 2005 769 2056 διαφαύσκειν
802 2023 830 2047 S.
852 2006 1010 2059 διαφώ-

349 2072 470 2107 σκειν,
502 2060 548 2098 de
572 2076 647 2114 quo
669 2065 746 2103 vid.
767 2074 863 2104 nott.
886 2066 934 2104 ad
945 2068 1010 2115 III,

348 2118 415 2156 86.
445 2119 502 2153 De
522 2133 593 2155 usu
614 2124 887 2172 particularum
906 2139 1006 2162 ’τε-

350 2171 418 2210 καὶ
436 2173 514 2210 vid.
537 2176 670 2214 matth.
693 2181 759 2216 Gr.
781 2181 846 2217 Gr.
870 2182 907 2226 §-
929 2179 1010 2220 563

350 2235 430 2265 not.
462 2231 485 2268 3
516 2244 604 2282 pag
643 2235 749 2273 1114
779 2242 815 2272 et
844 2243 940 2272 nott.
962 2235 1011 2272 ad

349 2284 491 2322 Herod.
510 2288 575 2336 IV,
597 2288 663 2329 53.
692 2286 734 2327 τὸ
764 2286 1012 2344 ἀκρωτήριον

349 2343 423 2380 τοῦ
445 2340 735 2395 οὔρεοςωοιιῒῐε
756 2347 897 2384 indicat
918 2361 1012 2384 sum-

352 2399 508 2436 mztatem
528 2414 555 2437 s.
584 2414 783 2439 cacumen.
844 2403 906 2440 Ad
939 2417 1012 2441 vo·-

353 2467 414 2490 ces
445 2453 543 2494 κατοέ
566 2455 608 2496 δὲ
635 2461 750 2498 τοῦτο
778 2462 851 2498 τοῦ
872 2457 1011 2511 ου’ρεος

351 2511 610 2618 ἓοῃὲὲέἶαῒὼ.
632 2516 698 2552 Gr.
720 2517 784 2557 Gr.
807 2518 843 2562 ξ.
865 2519 958 2565 320,
985 2515 1010 2555 4

411 2639 464 2671 ως
492 2624 560 2664 καὶ
586 2623 776 2680 πρότερόν
805 2644 872 2679 μοι
895 2625 1012 2679 δεδή-

354 2681 498 2730 λωται]
533 2682 720 2732 vid.V11‚
743 2683 887 2737 212.η
906 2682 1010 2724 κάτω

354 2735 495 2790 ἕσβολη
524 2741 733 2792 appellatur
752 2743 925 2781 introitus
943 2755 1012 2794 per

1060 1105 1413 1158 Thermopylarum
1422 1108 1550 1145 fauces
1562 1119 1584 1144 a
1597 1106 1717 1158 Spar-

1059 1165 1155 1201 tanis
1176 1176 1385 1215 eorumque
1414 1165 1523 1201 sociis
1551 1161 1719 1202 custodi-

1058 1227 1132 1269 tus,
1154 1221 1255 1257 conf.
1276 1222 1356 1269 Vll,
1378 1223 1470 1261 202.

1226 1310 1319 1361 Cap.
1351 1310 1552 1348 CCXVIII.

1109 1385 1295 1440 ’Έμαθον
1320 1386 1363 1428 δέ
1377 1389 1520 1440 σφεας]
1538 1386 1661 1439 σφέας
1671 1386 1720 1426 ad

1063 1446 1196 1483 Persas
1216 1452 1369 1496 spectat.

1121 1498 1406 1554 ἀναβαίνοντες
1436 1499 1511 1554 γοῖρ
1549 1496 1722 1541 ἐλάνθα-

1065 1574 1138 1598 νον
1160 1574 1196 1597 κ.
1217 1574 1250 1597 τ.
1271 1560 1336 1607 λ.]
1368 1558 1475 1595 Idem
1497 1559 1618 1595 multo
1638 1564 1721 1608 post

1066 1614 1264 1662 accidisse,
1295 1628 1416 1666 quum
1433 1616 1608 1651 Brennus
1628 1615 1723 1650 Gal-

1064 1673 1190 1708 lorum
1210 1684 1300 1708 cum
1328 1684 1448 1707 manu
1477 1670 1624 1708 delecta
1651 1671 1723 1707 iter

1063 1729 1203 1765 faceret
1223 1741 1291 1778 pet·
1309 1726 1408 1764 hanc
1422 1728 1610 1776 semitam,
1629 1733 1723 1765 teste

1063 1786 1228 1822 Pausan.
1254 1785 1305 1831 X,
1325 1787 1380 1824 22
1401 1785 1437 1830 ξ.
1461 1786 1481 1824 1
1504 1796 1624 1836 seqq„
1653 1783 1724 1820 ob-

1065 1848 1188 1879 servat
1207 1839 1395 1880 Valcken.

1123 1899 1207 1936 πᾶν
1237 1894 1306 1937 έόν
1339 1897 1475 1949 δρυῶν
1517 1894 1726 1944 ἐπίπλεον]

1064 1955 1338 1992 Recentissima
1358 1959 1479 1990 aetate
1499 1953 1605 2000 Gen,
1642 1952 1727 1988 An-

1067 2013 1151 2062 glus
1174 2010 1303 2057 homo,
1323 2009 1397 2047 hoc
1421 2011 1502 2060 ipso
1518 2009 1667 2046 tramite
1686 2009 1727 2045 in

1064 2067 1249 2105 Doridem
1270 2074 1306 2104 et
1335 2065 1550 2103 Phocidem
1572 2065 1727 2117 profici-

1068 2138 1188 2173 scens,
1210 2122 1283 2160 11οο
1305 2122 1535 2161 eodemloco
1556 2135 1596 2158 se
1615 2123 1726 2159 inve-

1067 2182 1165 2218 nisse
1212 2181 1339 2218 scribit
1391 2178 1725 2230 praestantissimas

1068 2250 1290 2289 quercuum,
1307 2237 1479 2286 pinnum,
1491 2235 1649 2270 aliarum
1663 2246 1726 2271 ar-

1066 2295 1204 2331 borum
1224 2293 1359 2343 sylvas,
1381 2292 1509 2342 quales
1530 2291 1621 2327 olim
1631 2290 1726 2328 fuis-

1066 2364 1106 2387 se
1148 2348 1187 2387 h.
1227 2349 1254 2385 l.
1294 2354 1449 2384 testatur
1495 2346 1727 2385 Herodotus.

1066 2404 1151 2443 vid.
1182 2407 1302 2442 Kruse
1340 2404 1466 2440 Hellas
1494 2404 1542 2452 II,
1573 2406 1600 2443 2
1635 2416 1726 2455 pag.

1071 2464 1163 2501 126.
1219 2463 1278 2498 De
1307 2473 1401 2497 voce
1431 2460 1727 2511 νηνεμίηοοιιῖ.

1066 2519 1148 2565 VII,
1174 2520 1263 2559 188.
1322 2519 1397 2554 Pro
1426 2517 1532 2566 vulg.
1568 2514 1728 2568 γενομέ-

1067 2589 1140 2614 νου
1170 2573 1348 2626 equidem
1377 2586 1466 2611 cum
1493 2571 1726 2624 Schweigh.‚

1067 2632 1183 2668 Gaisf.
1205 2629 1431 2668 etssekkero
1457 2628 1544 2666 dedi
1570 2627 1727 2681 γινομέ-

1067 2703 1155 2735 νου,
1178 2687 1282 2739 quod
1306 2687 1545 2724 Florentinus
1566 2686 1723 2724 etSen-

1068 2745 1177 2783 crofti
1195 2745 1290 2782 liber
1307 2743 1546 2795 suggerebat.

1793 2524 1795 2529 ·
1785 2348 1806 2472 maha.»
1795 2311 1806 2337 .·-
1801 2259 1806 2294 ,ΦΑ
1799 2238 1804 2245 ,
