1806 3181
99 232 204 260 hostes
224 232 337 261 auxilio

98 266 226 294 futuris:
247 267 326 295 unde

99 300 144 336 pri
147 309 226 328 mum
241 305 316 328 nata

98 342 170 369 spes
198 335 373 362 servandae

98 369 258 396 Graeciae.
290 370 317 396 V
319 377 372 395 eu-

97 405 196 430 torum
213 402 292 443 apud
300 402 373 430 Del-

97 435 312 499 ἓὲιῖἰὲῗωᾞ

428 125 512 166 72⁰

428 233 613 290 χθέντες.

822 125 1279 165 HERODOTI

670 234 837 290 Δελφοὶ
866 233 903 279 δ’
931 233 978 278 ἐν
1005 232 1144 293 τούτῳ
1156 238 1226 290 ’τῷ
1253 234 1394 293 χρόνῳ
1413 235 1685 294 ἐχρηστηριά-

429 305 554 355 ζοντο
598 304 658 356 τῷ
693 305 798 360 θεῷ,
825 301 935 358 ὑπὲρ
964 301 1138 346 ἑωυτῶν
1166 303 1239 346 καὶ
1276 307 1350 359 τῆς
1371 302 1584 357 *Ελλάδος
1611 322 1686 350 κα-

428 368 764 424 ταρρωδηκότες.
794 372 868 414 καί
887 370 1174 427 σφιέχρήσθη
1205 368 1429 426 ,,ἄνέμοισι
1460 373 1684 429 εὔχεσθαι·

430 435 643 493 μεγάλους
670 437 754 494 γὰρ
785 437 997 490 ,,τούτους
1028 438 1202 481 ἔσεσθαι
1229 442 1283 496 τῇ
1306 437 1478 484 Ἑλλάδι
1508 439 1685 497 συμμά-

401 513 579 560 2„xovg.

583 508 606 528 “
662 507 830 562 Δελφοὶ
862 507 908 550 δὲ
939 507 1163 561 δεξάμενοι
1195 505 1244 549 τὸ
1275 507 1507 563 μαντήϊον,
1537 511 1742 562 πρῶτα6ο
1793 548 1797 555 ,

426 572 519 629 μὲν,
539 570 766 630 Ἑλλήνων
795 580 906 619 τοῖσι
935 575 1243 630 βουλομένοισι
1272 572 1383 618 εἶναι
1419 575 1686 630 ἐλευθέροισι

429 639 674 696 ἐξήγγειλαν
711 640 765 685 τα
807 642 1050 698 χρησθέντα
1083 640 1276 685 αὐτοῖσι·
1324 644 1399 686 καί
1427 654 1506 698 σφι
1535 645 1686 695 δεινῶς

429 708 785 765 καταρρωδέουσι
813 710 890 753 τόν
919 709 1148 766 βάρβαρον
1180 707 1515 765 ἐξαγγείλαντες,
1557 713 1688 766 χάριν

399 775 659 821 Βᾶθάνατον
688 779 933 822 κατέθεντο.
991 777 1096 834 μετὰ
1136 778 1182 821 δὲ
1220 782 1380 832 ταῦτα,
1437 779 1481 821 οἱ
1520 777 1688 834 Δελφοὶ

428 851 541 890 τοῖσι
579 845 775 902 ἀνέμοισι
814 846 963 903 βωμόν
992 861 1037 889 τε
1067 843 1276 898 ἀπέδεξαν
1307 846 1353 890 ἐν
1385 847 1523 902 Θυίῃ,
1551 849 1685 904 τῇπερ
1697 852 1742 888 65

373 1043 668 1082 contendebant.
730 1046 787 1081 Ita
808 1043 1027 1096 SchweIgh.

371 1103 412 1138 in
445 1103 541 1138 Lex.
573 1100 715 1138 Herod.
736 1102 876 1139 reiecta
896 1115 1030 1139 eorum

372 1160 572 1206 sententia,
596 1160 660 1210 qui
672 1157 948 1209 διαταχθέντες
963 1160 989 1196 l.
1001 1159 1028 1196 l.

373 1216 694 1265 interpretantur:
725 1219 766 1251 ut
791 1218 914 1265 cuique
919 1228 1029 1267 prae-

373 1276 507 1322 ceptum
535 1275 634 1319 erat,
669 1284 698 1307 s·
731 1285 774 1308 ex
795 1275 907 1309 iussu.
964 1273 1029 1308 Tu

372 1328 475 1366 conf.
498 1328 726 1375 etiamVffl,
741 1331 809 1368 70.

429 1381 779 1445 ἐχρηστηριάζοντο
815 1385 871 1435 τῷ
909 1382 1024 1437 θεῶ]

371 1435 730 1493 χρηστηριάζεσθαι
748 1442 803 1492 τῷ
818 1441 905 1479 θεῶ
924 1439 1028 1476 idem

371 1498 452 1535 fere
473 1495 578 1549 quod
597 1499 771 1548 χρᾶσθαι
791 1498 844 1550 τῷ
864 1480 961 1550 θεῷ,
973 1498 1030 1533 uti

375 1554 438 1592 deo
478 1555 503 1590 i.
541 1567 574 1592 e.
617 1553 797 1591 oraculum
839 1537 1027 1600 scisc‘ztari,

374 1611 475 1648 deam
498 1609 682 1659 consulere,
704 1616 746 1646 ut
764 1610 812 1657 H,
829 1610 895 1650 50.
916 1609 946 1657 Ι,
960 1608 1028 1650 55.

373 1669 437 1707 66.
460 1669 526 1707 91.

428 1723 496 1762 καί
536 1734 607 1772 σφι
633 1718 811 1774 ἐχρήσθη
848 1716 1026 1772 α’νέμοισι

374 1775 589 1830 εὔχεσθαι]
655 1779 807 1815 Oraculi
851 1776 1028 1828 Delphici

372 1836 488 1873 verba
525 1836 687 1872 servavit
721 1834 815 1872 haec
851 1835 1026 1871 Clemens

371 1891 579 1929 Alexandr.
620 1892 802 1932 Stromat.
849 1892 900 1928 Vl
937 1904 1026 1942 pag.

375 1949 481 1990 753:
514 1943 547 1987 ὦ
567 1948 720 1997 Δελφοὶ
745 1943 918 1987 λίσσεσθ’
934 1945 1027 1988 α’νέ-

304 2033 308 2042 .
374 2020 474 2053 μους
503 2004 566 2044 καὶ
590 2000 711 2044 λώϊον
736 2004 862 2053 ἔσται,
885 2003 1027 2041 addens

373 2060 541 2111 Delphos
562 2062 632 2098 aris
660 2062 850 2113 sacrisque
885 2061 1028 2098 consti-

373 2118 462 2153 tutis
501 2118 620 2154 socios
658 2117 833 2155 habuisse
880 2124 1027 2154 ventos.

373 2173 509 2210 Simile
557 2175 754 2210 oraculum
812 2172 1027 2210 Athenien-

375 2230 476 2267 sibus
517 2228 650 2266 datum
701 2237 849 2266 enarrat
901 2232 1026 2266 Hero-

376 2285 486 2323 dotus
506 2286 586 2332 VII,
601 2287 691 2326 189.
748 2286 804 2321 De
824 2293 1026 2322 ventorum

370 2343 479 2379 cultu
508 2341 608 2393 apud
647 2348 788 2378 veteres
819 2342 919 2383 conf.
948 2343 1026 2378 Pe-

374 2399 493 2436 rizou.
524 2397 573 2435 ad
601 2399 750 2435 Aeliau.
779 2398 824 2437 V.
855 2399 904 2436 H.
935 2399 1023 2446 XII,

433 2506 547 2561 χάριν
566 2505 773 2549 ἀθάνατον
792 2507 1023 2557 κατέθεντο]

376 2567 401 2607 ἰ.
431 2580 462 2603 e.
493 2567 716 2604 immortalem
752 2569 907 2616 gratiam
933 2568 1025 2602 inie-

375 2627 472 2660 runt.
500 2624 752 2660 Locutionem
773 2623 878 2673 attigi
901 2621 948 2659 ad
960 2623 1021 2669 ΥΙ,

376 2678 444 2719 41.
494 2682 538 2715 ln
560 2681 679 2717 verbis
695 2693 797 2731 seqq.
821 2674 957 2730 βωμόν
974 2693 1021 2717 τε

377 2731 569 2785 οἷπὲδεξαν
579 2737 679 2774 male
691 2738 783 2775 olim
804 2732 1021 2784 ἀπεδέξαν-

1085 1059 1144 1084 το.
1175 1044 1286 1082 conf.
1297 1044 1342 1092 V,
1365 1046 1429 1092 89,
1446 1057 1495 1080 ne
1515 1043 1636 1094 plura.
1658 1041 1742 1080 Vo-

1087 1102 1172 1139 cula
1201 1116 1241 1141 τε
1261 1107 1404 1152 spectat
1439 1099 1486 1137 ad
1519 1100 1739 1152 sequentia:

1084 1157 1172 1196 καὶ
1211 1157 1381 1211 θυσίῃσί
1412 1168 1536 1204 σφεας
1566 1158 1741 1207 μετῆσαν

1087 1213 1366 1266 (sacrtficz'z'sqae
1405 1213 1484 1250 illos
1513 1212 1740 1264 placarunt),

1085 1272 1152 1307 ubi
1188 1272 1251 1306 alii
1285 1271 1458 1323 μετῇσαν
1480 1276 1516 1306 et
1537 1266 1742 1320 μετῆῖσαν.

1082 1326 1277 1378 Equidem
1298 1325 1396 1374 dedi,
1420 1324 1523 1378 quod
1537 1327 1622 1363 libri
1640 1326 1742 1363 fere-

1082 1384 1187 1422 bant.
1236 1383 1345 1420 Conf.
1379 1390 1476 1422 nott.
1504 1382 1553 1419 ad
1585 1384 1740 1431 111,19.

1083 1439 1146 1476 Ad
1174 1439 1490 1490 significationem
1516 1440 1623 1477 verbi
1650 1439 1742 1476 facit

1084 1498 1214 1533 similis
1236 1510 1323 1534 usus
1352 1497 1460 1533 verbi
1487 1494 1742 1548 μετέρχεσθαι

1084 1554 1148 1600 VI,
1172 1555 1224 1593 68
1247 1554 1333 1590 coll.
1352 1553 1417 1599 IV,
1439 1556 1477 1594 7.
1536 1551 1741 1589 Pindarica

1086 1610 1232 1646 confert
1250 1610 1396 1647 Dissen.
1419 1607 1494 1657 (ad
1514 1609 1665 1660 Olymp.
1683 1609 1741 1645 ΠΙ

1085 1679 1123 1715 p.
1143 1664 1215 1715 49)
1232 1677 1242 1701 ε
1285 1666 1437 1716 Olymp.
1457 1666 1522 1714 ΙΠ,
1544 1667 1598 1706 40
1615 1665 1692 1715 (71
1705 1664 1738 1716 ).

1085 1719 1201 1772 Pyth.
1232 1722 1277 1769 V,
1307 1724 1359 1762 80
1391 1721 1511 1770 (115)
1541 1722 1627 1759 coll.
1656 1722 1740 1758 Ae-

1085 1776 1206 1829 schyl.
1226 1776 1425 1814 Prometh.
1451 1777 1544 1819 530.

1140 1834 1183 1874 ἔν
1216 1835 1350 1888 Θυίῃ]
1372 1836 1429 1871 Ita
1451 1833 1629 1886 equidem
1648 1847 1739 1872 cum

1083 1898 1241 1928 recentt.
1264 1875 1351 1928 edd.
1372 1889 1551 1939 exhibui,
1582 1904 1672 1928 cum
1695 1892 1737 1927 in

1082 1961 1161 1984 uno
1193 1947 1279 1988 cod.
1310 1955 1404 1985 esset
1425 1947 1466 1987 ἒν
1487 1945 1590 2001 Θύη.
1609 1948 1737 1999 Vulgo
1789 1973 1792 1975 Δ

1083 2003 1125 2044 ἐν
1150 2004 1276 2054 Θυίης
1296 2018 1326 2042 S.
1346 2003 1388 2044 ἐν
1406 1999 1529 2054 Θυης,
1559 2005 1626 2041 ubi
1643 2017 1737 2055 sup-

1082 2062 1177 2111 pleri
1205 2061 1339 2097 volunt
1368 2058 1519 2111 τεμένει
1547 2074 1576 2098 s-
1606 2075 1734 2114 χωρςῡ,
1798 2084 1803 2114 j

1083 2116 1187 2169 quod
1215 2118 1305 2154 ferri
1333 2116 1395 2154 hic
1425 2130 1533 2167 posse
1560 2118 1642 2153 iure
1659 2129 1735 2153 ne-
1788 2164 1793 2168 .

1082 2181 1147 2223 gat
1163 2173 1356 2210 Schaefer.
1377 2172 1426 2209 ad
1436 2173 1628 2210 Lambert.
1643 2174 1733 2214 Bos.
1782 2180 1803 2208 ,“

1081 2231 1139 2266 De
1158 2231 1308 2279 Ellipss.
1326 2231 1370 2265 L.
1392 2230 1458 2266 Gr.
1478 2241 1565 2280 pag.
1581 2228 1677 2276 467,
1701 2230 1734 2267 si
1786 2240 1803 2258 ν

1083 2285 1240 2337 quidem
1258 2286 1321 2321 ille
1342 2292 1432 2322 tunc
1449 2284 1585 2322 dixisse
1594 2292 1732 2336 putan-
1779 2320 1783 2329 ,

1082 2342 1150 2378 dus
1173 2348 1244 2378 est·
1287 2340 1329 2380 ἐν
1363 2341 1488 2392 Θυίης
1521 2339 1732 2394 (τεμένειε.
1776 2387 1778 2390 Ι

1082 2397 1212 2450 ἱερτῖ)
1261 2400 1384 2451 τῇπερ
1431 2401 1503 2449 τῆς
1541 2400 1734 2449 Κηφισοῦ
1805 2403 1806 2410 ’

1080 2450 1278 2505 θυγατρὸς
1319 2454 1444 2504 Θυίης
1489 2451 1533 2494 τὸ
1577 2450 1732 2506 τέμενός

1081 2509 1172 2548 ἐστι.
1233 2511 1359 2547 Fuisse
1402 2517 1529 2548 autem
1561 2511 1635 2548 loci
1656 2523 1733 2549 no·
1766 2551 1768 2554 ,

1079 2579 1167 2602 men
1184 2583 1204 2616 η
1197 2564 1331 2617 Θυίη,
1334 2565 1501 2604 iudicant
1509 2568 1730 2626 sequeutia·

1079 2618 1137 2661 ἐπ’
1157 2638 1206 2673 ης
1225 2622 1291 2661 καὶ
1316 2622 1341 2662 ό
1354 2626 1483 2692 χῶρος
1511 2626 1628 2670 οὗτος
1655 2621 1731 2675 τη“ν

1079 2677 1310 2729 ἔπωνυιιίην
1351 2678 1437 2730 ἔχει.
1495 2681 1730 2718 memoratur
1760 2699 1761 2702 ¹

1078 2735 1180 2787 apud
1201 2737 1365 2774 Pausau.
1385 2736 1473 2784 X‚6
1496 2737 1533 2782 §.
1550 2740 1588 2778 2.
1609 2734 1730 2788 Thyia
