1870 3249
381 205 1029 242 TERPSICHORE.
1087 205 1133 241 V.
1342 208 1397 248 73

112 319 213 363 Ξδιὰ
233 317 278 361 δὲ
308 314 357 358 τὸ
395 315 564 359 ἑωυτοῦ
597 315 756 365 κάλλος
785 314 978 357 ἐνείκατο
1006 314 1124 370 παρά
1140 313 1398 371 Ἐγεσταίων
1410 326 1453 358 10

141 385 194 430 τοὶ
223 383 365 434 οὐδεὶς
394 381 544 434 ἄλλος·
577 383 645 426 ἐπὶ
673 381 758 439 γάρ
779 386 862 425 τοῦ
887 383 1032 438 τάφου
1060 385 1200 430 αὐτοῦ
1228 386 1395 443 ἡρώϊον

18 457 83 503 48
141 451 444 508 ἱδρυσάμενοι,
481 452 664 508 θυσίῃσι
703 449 839 495 αὐτὸν
878 452 1144 498 ἱλάσκονται.
1201 457 1399 511 Δωριεὺς

136 520 214 576 μέν
242 536 326 562 νυν
353 517 499 575 τρόπῳ
528 519 715 575 τοιούτῳ
747 518 1014 576 ἐτελεύτησε·
1055 525 1092 566 εἰ
1122 523 1167 567 δὲ
1196 522 1397 580 ἠνέσχετο

137 587 475 644 βασιλευόμενος
512 585 601 630 ὑπὸ
649 588 939 643 Κλεομένεος,
988 590 1060 632 καὶ
1108 592 1311 647 κατέμενε
1349 594 1604 663 ε’,ν15ἂοΐὲ0118
1622 628 1652 661 [⁷

109 654 340 712 ΞΣπάρτῃ,
372 654 592 711 ἐβασίλευε
623 655 679 699 ἂν
708 658 1048 711 Λακεδαίμονος.
1109 657 1164 702 οὐ
1195 659 1279 716 γάρ
1300 679 1399 705 τινα
1456 649 1673 698 239·]“1ῑοῑέ·

136 722 301 768 πολλὸν
341 722 504 779 χρόνον
544 718 645 778 ἦρξε
687 723 710 769 ὁ
751 724 1022 781 Κλεομένης,
1064 726 1158 770 ἀλλ’
1203 728 1398 773 ἀπέθανε

138 793 290 843 ἄπαις,
338 792 561 848 θυγατέρα
609 791 785 850 μούνην
833 793 973 836 λιπών
1019 799 1073 852 τῇ
1121 794 1292 853 οὕνομα
1340 793 1398 855 ἦν

139 861 306 918 Γοργώ.

219 929 483 974 Ἀπικνὲεται
505 928 546 973 δ’
581 924 645 973 ὧν
675 928 698 973 ὁ
723 927 1030 986 Ἀρισταγόρης
1061 931 1084 974 ὁ
1103 933 1309 990 Μιλήτου
1328 934 1399 978 τύ-
1458 970 1636 1001 Cleomene,
1646 969 1712 995 Ari,

142 1015 303 1053 ρᾳννος
342 999 384 1050 ἐς
421 997 500 1053 τὴν
537 995 771 1052 Σπάρτην,
810 1000 1077 1053 Κλεομένεος
1106 1000 1281 1055 ἔχοντος
1320 1002 1400 1058 τὴν
1456 1004 1730 1070 ξξῇξξιῇξῗξῗξὲᾗ,

139 1065 292 1124 ἀρχήν.
332 1070 393 1119 τῷ
424 1066 476 1122 δή
509 1065 550 1116 ἐς
570 1063 729 1120 λόγους
757 1063 836 1120 ἤϊε,
875 1065 935 1117 ὥς
958 1068 1301 1122 Λακεδαιμόνιοι
1327 1071 1396 1114 λέ-
1409 1071 1516 1112 200⁸i
1535 1067 1623 1105 cums
1642 1071 1734 1098 Asiae

1454 1109 1610 1132 ostentans
1624 1106 1717 1139 bona,

137 1147 288 1192 γουσι,
337 1135 445 1191 ἔχων
479 1133 663 1190 χάλκεον
700 1134 885 1184 πίνακα,
926 1133 974 1178 ἐν
1008 1139 1070 1196 τῷ
1108 1140 1189 1194 γῆς
1228 1135 1400 1195 ἁπάσης
1458 1139 1717 1209 ξξῐζξξξὲῐὲηἶᾱ

1458 460 1638 486 Cleomenes
1659 458 1730 492 post

1456 493 1619 527 imperium
1637 493 1678 526 [c.

1456 526 1514 562 42]
1532 535 1696 561 paucorum

1456 569 1603 588 annorum
1624 561 1713 587 mori-

1453 598 1513 628 tur,
1530 595 1617 621 unica
1634 594 1698 622 filia

1458 935 1537 962 Vivo
1558 933 1658 962 adhuc

18 949 83 995 49

82 1325 221 1363 tudinis
248 1327 286 1363 vi
307 1325 408 1377 apud
432 1326 595 1363 Graecos
625 1321 744 1360 disse-

84 1389 233 1419 rentem
262 1389 299 1420 et
326 1382 365 1420 h.
394 1384 420 1420 l.
442 1383 540 1419 bene
569 1388 743 1419 utentem

84 1437 358 1477 Wachsmuth.
413 1440 563 1475 Hellen.
612 1439 742 1474 Alter-

85 1494 255 1533 thumsk.
277 1498 363 1544 11‚2
382 1510 421 1548 p.
439 1496 534 1544 315,
558 1494 607 1532 ad
625 1508 743 1547 quem

87 1552 155 1590 Cr.
179 1552 369 1590 amandat.
419 1554 469 1589 Et
489 1552 620 1589 confer
641 1565 741 1604 quo—

84 1622 158 1661 que
178 1610 222 1657 V,
249 1612 312 1651 12.

139 1667 307 1719 θυσίῃσι
343 1661 461 1705 αὐτὸν
489 1661 739 1713 ἱλάσκονται]

82 1722 266 1759 Eiusdem
286 1724 340 1760 rei
361 1737 410 1759 ex
439 1721 634 1759 Herodoto
655 1736 743 1758 me-

84 1781 196 1816 minit
214 1778 433 1817 Eustathius
455 1779 502 1816 ad
521 1780 564 1816 Il.
586 1793 624 1830 p.
647 1781 742 1828 383,

84 1834 137 1876 43
167 1849 197 1873 5.
231 1838 326 1885 290,
359 1839 411 1877 36
444 1836 628 1873 exhibens
661 1833 745 1874 ἱλά-

87 1903 250 1937 σκοντο,
279 1892 381 1943 quod
409 1892 514 1929 idem
544 1891 619 1929 dno
651 1891 744 1928 affe-

87 1955 176 1984 runt
206 1948 391 1985 Herodoti
431 1948 603 1990 codices,
652 1961 745 1998 pro-

87 2004 201 2041 bante
221 2005 492 2055 Wesselingio.
539 2003 602 2041 Ad
622 2005 744 2055 ipsam

86 2062 321 2098 locutionem
341 2063 406 2098 Tu
438 2061 569 2098 confer
597 2062 644 2098 sis
663 2063 746 2097 He-

87 2117 210 2154 rodot.
232 2119 261 2165 Ι,
284 2118 349 2158 50.
370 2119 415 2165 V,
437 2121 504 2159 83.
525 2119 588 2165 IV,
611 2121 649 2164 7,
670 2118 745 2154 ibi—

87 2187 162 2226 que
182 2181 278 2211 nott.
301 2175 384 2212 coll.
406 2175 434 2221 Ι,
458 2177 525 2215 67.
583 2173 645 2210 Ad
664 2175 745 2212 Vim

85 2231 187 2268 vocis
208 2227 363 2282 ἥρω’ϊον
386 2231 451 2269 Cr.
476 2228 648 2267 adhiberi
661 2231 744 2268 vult

85 2286 416 2325 Raoul-Rochette
435 2289 476 2324 in
489 2287 683 2326 Oresteide
703 2302 742 2339 p.

90 2345 168 2386 153
188 2351 268 2382 not.
289 2343 329 2384 4.

277 2458 369 2510 Cap.
390 2458 563 2495 XLVnI.

148 2537 182 2575 εἰ
212 2535 255 2576 δὲ
273 2537 458 2588 ἠνέσχετο
493 2532 744 2588 βασιλευόμε-

90 2594 177 2642 νος]
217 2594 458 2631 structuram
477 2595 582 2631 verbi
609 2589 747 2644 οἷνέχε-

92 2654 190 2688 σθαι
215 2664 306 2687 cum
326 2652 523 2701 participio
553 2651 747 2700 attigimus

91 2705 140 2743 ad
158 2708 188 2754 Ῑ,
209 2709 275 2748 80.
296 2709 394 2748 206.
433 2707 637 2758 Comparat
657 2720 748 2744 oum

93 2762 317 2801 Herodoteis
339 2765 590 2820 Pausanianr,
611 2762 748 2800 eadem

51 2829 57 2837 ·
93 2820 132 2856 in
152 2833 192 2856 re
211 2821 264 2858 ita
283 2822 507 2873 loquentem
535 2821 600 2867 111,
624 2823 648 2861 3
669 2822 706 2866 §.
720 2823 746 2862 8

800 1323 960 1362 Siebelis
976 1354 986 1374 ‚
1036 1326 1279 1377 nuperrimus
1311 1325 1453 1365 editor:

802 1377 851 1421 οὕ
889 1379 966 1433 γάρ
1012 1379 1190 1434 ἠνείχετο
1230 1380 1456 1424 ’ὑπακούειν

800 1437 1019 1489 Κλεομένει
1037 1438 1169 1490 με’νων
1190 1439 1233 1480 ἐν
1253 1441 1457 1480 Λακεδαί-

800 1510 904 1545 μονι.
963 1497 1008 1532 In
1028 1497 1152 1534 verbis
1164 1499 1374 1548 proximis:
1408 1493 1458 1537 ου’

798 1547 875 1604 γάρ
906 1567 995 1591 τινα
1025 1551 1169 1592 πολλὸν
1197 1551 1344 1604 χρόνον
1364 1568 1458 1605 pro-

796 1621 941 1645 nomen
961 1609 1022 1656 τὶς
1040 1611 1269 1647 collocatum
1289 1619 1377 1648 ante
1389 1610 1460 1648 ad-

796 1667 980 1702 iectivum
999 1663 1124 1714 πολύς
1145 1667 1305 1705 advertit
1313 1669 1458 1705 Iacobs.

799 1722 848 1759 ad
866 1724 1016 1760 Aelian.
1047 1726 1094 1761 N.
1115 1725 1164 1762 A.
1185 1726 1280 1772 ΧΠ,
1302 1728 1369 1773 20,
1392 1726 1460 1761 ubi

800 1781 939 1817 similes
948 1778 1082 1817 laudat
1095 1781 1210 1819 locos.
1224 1782 1460 1832 Gorgo‚quae

800 1834 840 1872 h.
880 1838 919 1884 1.,
963 1844 999 1873 et
1039 1838 1083 1884 V,
1126 1838 1175 1878 51
1209 1845 1460 1885 memoratur,

800 1899 931 1942 postea
950 1892 1158 1941 Leonidae,
1183 1895 1249 1945 qui
1270 1894 1319 1931 ad
1331 1892 1462 1931 Ther-

800 1950 975 1999 mopylas
1017 1950 1130 1998 obiit,
1180 1952 1329 2001 nupsit,
1366 1958 1462 1988 teste

801 2005 997 2042 Herodoto
1029 2007 1113 2053 VII,
1146 2008 1227 2047 239
1249 2009 1335 2044 coll.
1365 2009 1462 2044 Plu-

801 2060 921 2099 tarch.
952 2063 1049 2113 Opp.
1078 2064 1115 2098 H
1133 2075 1223 2112 pag.
1244 2064 1326 2105 225
1346 2064 1393 2104 A.
1425 2071 1462 2101 et

800 2131 889 2168 pag.
914 2118 991 2159 145
1012 2120 1058 2155 Ε.
1081 2120 1123 2156 F.
1138 2147 1148 2166 ‚
1189 2120 1255 2156 ubi
1275 2134 1379 2158 nunc
1400 2123 1461 2157 vi-

802 2174 936 2211 deatur
954 2174 1249 2226 Wyttenbachii
1265 2179 1460 2215 annotatio

801 2233 919 2268 Tom.
939 2234 975 2268 Π
994 2245 1084 2283 pag.
1095 2236 1190 2274 902.
1216 2236 1337 2275 1180.
1358 2236 1460 2272 ER.

801 2289 844 2325 C.
856 2290 989 2326 Krebs.
1000 2291 1121 2326 Lectt.
1132 2289 1461 2341 Diodorr.(Weil-

799 2346 911 2396 burg.
936 2346 1060 2396 1832)
1082 2359 1171 2398 pag.
1200 2347 1269 2387 59.

1004 2461 1097 2512 Cap.
1130 2462 1274 2499 XLIX.

861 2537 958 2589 ἔχων
971 2534 1138 2590 χάλκεον
1155 2542 1307 2580 πίνακα
1318 2556 1351 2580 κ.
1363 2556 1394 2579 τ.
1408 2542 1462 2589 A]

807 2591 972 2644 χάλκεον
1004 2596 1156 2635 πίνακα
1187 2596 1285 2635 dixit
1325 2610 1465 2634 aeneam

805 2651 974 2689 laminam
1002 2666 1032 2689 s.
1065 2654 1223 2691 tabulam
1251 2655 1464 2704 geographi-

806 2721 903 2756 cam,
943 2711 1002 2746 cui
1025 2712 1132 2748 totius
1162 2714 1276 2747 terrae
1313 2711 1465 2747 ambitus

805 2769 882 2802 erat
903 2766 1110 2816 insculptus.
1159 2769 1239 2803 Nec
1260 2767 1334 2803 alio
1353 2781 1466 2805 sensu

807 2821 880 2859 dici
908 2818 1098 2862 πινάκιον
1128 2822 1229 2874 apud
1250 2823 1399 2862 Aelim).
1419 2825 1466 2862 V.
