1815 3181
386 229 469 269 166

782 227 1245 265 HERODOTI

258 338 326 383 90
382 336 582 391 ἐπισχεῖν,
608 333 883 386 πεπονθότας
912 334 1022 389 πρὸς
1052 335 1318 392 Αἰγινητέων
1345 335 1545 389 ἀνάρσια.
1582 333 1652 387 Ἐς

387 404 599 459 τιμωρίην
630 402 676 444 δὲ
705 404 1182 457 παρασκευαζομένοισι
1213 401 1402 456 αὐτοῖσι,
1442 403 1488 447 ἐκ
1519 407 1652 448 Λακε·

361 470 635 526 Ξδαιμονίων
678 473 855 525 πρῆγμα
886 469 1184 526 ἐγειρόμενον,
1223 469 1432 526 ἐμπόδιον
1471 471 1650 526 ἐγένετο.

389 536 636 592 πυθόμενοι
669 535 753 592 γὰρ
786 539 830 580 οἱ
865 538 1206 595 Λακεδαιμόνιοι
1234 537 1288 582 τοὶ
1333 540 1378 582 ἐκ
1418 543 1507 582 τῶν
1540 537 1708 583 'Ain-90

389 604 744 661 μαιωνιδέωτμές
779 605 860 662 τὴν
892 609 1072 664 Πυθίην
1090 607 1451 664 μεμηχανημένα,
1497 607 1571 650 καὶ
1599 606 1652 650 τοὶ

389 674 435 718 ἐκ
464 676 539 730 τῆς
570 674 745 728 Πυθίης
775 673 845 716 ἐπὶ
875 673 1011 730 σφέας
1048 691 1094 718 τε
1123 675 1198 718 καὶ
1227 674 1330 725 τούς
1361 676 1654 730 Πεισιστρατί-

56 551 282 591 Spartanorum

55 584 201 612 machinis
217 585 314 624 impe-

56 619 192 646 diuntur.
239 618 299 653 Qui

56 652 178 713 Kolgnita
199 651 309 713 fratilude

95 694 230 713 cmaeom
255 695 287 713 a-

54 728 122 748 rum
141 719 181 753 [c.
201 720 272 755 63η]

56 753 224 786 auditoque
245 761 326 781 arca

56 795 111 814 uas
128 786 297 814 Athenien—

56 821 134 848 sium
145 826 245 848 sortes
255 821 331 860 mui-

55 858 87 882 ta
104 854 161 881 sibi
178 855 260 883 mala
277 855 332 882 mi-

56 887 164 923 uitari,

388 744 487 793 δας,
539 739 776 796 συμφορὴν
804 742 1030 786 ἐποιεῦντο
1076 745 1254 798 διπλῆν,

389 811 557 862 ξείνους
596 820 675 864 σφι
718 807 869 861 ἐόντας
907 810 1216 867 ἐξεληλάκεσαν
1265 813 1311 855 ἐκ
1347 815 1425 867 τῆς
1462 811 1652 862 ἐκείνων,

1302 742 1370 787 ὅτι
1408 759 1452 787 τε
1491 742 1656 798 ἄνδρας

388 877 462 920 καὶ
513 876 580 920 ὅτι
628 880 767 919 ταῦτα
804 879 1011 935 ποιήσασι
1060 879 1183 936 χάρις
1231 877 1413 935 οὐδεμία
1453 878 1653 934 ἐφαίνετο

358 953 379 986 8
390 944 502 998 πρὸς
530 947 619 987 τῶν
646 944 907 1001 Ἀθηναίων

954 947 1050 990 ”En
1089 964 1133 990 τε
1173 945 1284 1000 πρὸς
1323 947 1520 990 τούτοισι
1561 946 1655 1003 ενῆ-
1669 954 1714 988 25

388 1011 471 1067 γόν
501 1024 639 1068 σφεας
659 1015 703 1057 οἱ
731 1015 939 1070 χρησμοὶ,
969 1015 1166 1071 λέγοντες
1185 1013 1326 1058 πολλα
1359 1031 1402 1058 τε
1422 1014 1498 1058 καὶ
1523 1013 1658 1070 ἀναρ-

333 1189 484 1239 reposui
507 1186 694 1240 equidem
723 1188 933 1238 virgulam,
953 1195 996 1224 ut

335 1258 379 1282 ea
400 1251 640 1282 enasceretur
658 1245 856 1292 sententia,
879 1257 997 1296 quam

335 1301 500 1338 eandem
536 1302 635 1339 bene
683 1302 886 1339 vernacule
926 1315 997 1338 ex—

335 1359 468 1409 pressit
476 1359 609 1409 Lange
622 1371 632 1396 :
663 1359 763 1406 „und
775 1358 831 1395 die
845 1358 998 1406 dreissig

334 1415 444 1452 Jahre
475 1414 625 1453 konnten
653 1417 705 1452 sie
731 1415 828 1452 nicht
856 1416 997 1452 abwar-

336 1476 413 1518 ten,
443 1471 492 1509 da
512 1474 562 1510 sie
584 1472 725 1518 labrten,
757 1485 791 1508 es
809 1474 905 1509 wc'ire
921 1471 993 1509 Be-

334 1530 524 1577 stz'mmung
540 1558 549 1576 ‚
594 1528 678 1565 dass
706 1529 755 1565 sie
786 1528 910 1566 sollten
939 1528 995 1565 die

342 1584 465 1622 Uahal
490 1597 554 1622 von
584 1585 648 1622 den
669 1585 861 1633 Aegineten
885 1586 995 1633 ‘ruhig

334 1641 566 1690 anshalten“;
607 1642 686 1679 sive
719 1642 875 1678 Latine:
927 1644 996 1678 tn·-

336 1699 443 1747 ginta
467 1710 546 1735 vero
568 1711 676 1735 anuos
695 1698 793 1735 haud
819 1700 996 1735 sustinue-

336 1758 423 1791 runt
445 1767 475 1791 s.
496 1755 712 1801 tolerarunt,
744 1755 805 1792 ubi
826 1755 911 1792 bello
933 1755 1001 1791 sibi

335 1811 578 1848 abstinendum
599 1815 672 1848 tam
702 1812 854 1860 indigna
881 1813 1000 1862 passis

336 1868 381 1905 ab
421 1867 604 1916 Aeginetis
648 1868 846 1906 audierant.
920 1870 999 1904 Nec

336 1925 509 1961 insolitus
538 1923 659 1962 videri
691 1924 803 1962 debet
837 1925 1001 1975 simplex

339 1982 574 2019 accusativus
621 1981 738 2018 verbo
783 1977 999 2031 ἀνέχεσθαι

337 2036 552 2088 adpositus3
599 2038 702 2075 conf.
731 2039 761 2085 Ι,
796 2040 887 2079 169.
917 2039 998 2086 Vll,

338 2095 405 2134 87.
449 2093 548 2139 149,
607 2107 701 2146 quos
740 2095 844 2131 locos
892 2094 1001 2131 affert

338 2148 691 2200 Schweighaeuser.
761 2151 800 2186 in
869 2152 1000 2188 Lexic.

339 2205 481 2242 Herod.
507 2219 536 2243 s.
566 2220 603 2243 v.
642 2207 874 2243 Particulam
899 2204 1003 2253 ὅκως

338 2261 551 2299 secundum
589 2275 633 2299 ea
672 2264 843 2313 explico,
905 2277 1002 2315 (luae

339 2317 522 2355 Matthiae
561 2320 628 2355 Gr.
669 2320 735 2355 Gr.
771 2331 861 2370 pag.
895 2322 1001 2359 1037

341 2376 506 2425 collegit.
564 2375 626 2411 Ad
655 2372 782 2426 χρεών
821 2376 922 2412 conf.
954 2376 1000 2422 V,

341 2432 395 2472 49
417 2439 454 2468 et
473 2430 522 2468 ad
543 2426 714 2481 οἷνάρσια
733 2438 829 2468 nott.
862 2431 910 2467 ad
936 2433 1001 2478 111,

345 2490 409 2528 10.
459 2489 551 2525 Mox
571 2489 795 2525 retinuimus
811 2485 910 2538 πρός
926 2488 1003 2527 Αἰ-

340 2543 530 2595 γινητέων
543 2574 553 2592 ,
583 2544 687 2596 quod
707 2543 842 2581 eadem
861 2547 901 2580 in
922 2545 1002 2581 for-

342 2601 447 2637 mula
467 2608 588 2638 exstat
608 2603 672 2649 111,
695 2599 761 2641 74.
820 2602 894 2637 Alii
927 2597 1002 2639 ὑπ’

343 2656 608 2708 Αἰγινητέων,
637 2665 680 2694 ut
699 2657 768 2704 IX,
791 2660 857 2697 37.

582 2759 674 2809 Cap.
691 2758 772 2794 XC.

402 2821 447 2863 τὰ
477 2823 519 2864 ἐκ
553 2828 631 2865 τῶν
663 2821 1000 2878 Ἀλκμαιωνιόἑων

1053 1186 1092 1233 ἐς
1111 1185 1185 1238 τήν
1200 1188 1367 1238 Πυθίην
1382 1186 1716 1240 μεμηχανημένα]

1054 1245 1165 1281 Conf.
1195 1258 1309 1296 supra
1335 1246 1381 1292 V,
1417 1248 1483 1286 63.
1515 1249 1582 1287 66.
1650 1244 1714 1282 Ad

1053 1302 1169 1338 verba
1190 1299 1406 1353 συμφορήν
1419 1301 1623 1341 ἐποιεῦντο
1634 1301 1711 1341 vid.

1052 1358 1098 1405 V,
1123 1358 1147 1398 5
1171 1358 1219 1394 ad
1250 1359 1403 1406 ξείνους
1433 1359 1511 1397 vid.
1545 1365 1642 1396 nott.
1664 1358 1714 1396 ad

1055 1415 1098 1462 V,
1131 1417 1198 1455 63.

1107 1467 1253 1523 ἐυῆγόν
1288 1482 1414 1517 σφεας
1454 1471 1496 1510 οἵ
1523 1470 1713 1524 χρησμοὶ]

1053 1526 1247 1578 ,,χρησμοὶ
1279 1529 1319 1565 in
1349 1529 1490 1565 Atticae
1524 1531 1619 1566 arcis
1650 1541 1713 1566 sa-

1055 1586 1168 1621 crario
1198 1591 1299 1621 recte
1319 1593 1603 1635 componuntur
1624 1598 1714 1622 cum

1052 1641 1226 1678 fataiibus
1255 1643 1520 1678 Romanorum
1545 1643 1647 1679 libris
1673 1643 1715 1679 in

1056 1698 1150 1734 celia
1183 1698 1376 1748 Capitolii,
1426 1700 1590 1748 gemella
1636 1706 1715 1735 arte

1057 1756 1292 1805 excogitatis.
1378 1756 1512 1806 Neque
1571 1755 1715 1801 dubito,

1058 1813 1149 1862 quin
1188 1813 1288 1848 inter
1325 1825 1368 1847 ea
1405 1812 1558 1848 oracula
1586 1826 1716 1849 versus

1056 1869 1197 1904 fuerint
1215 1869 1382 1913 Musaei,
1404 1869 1450 1905 ab
1473 1869 1717 1906 Ouomacrito

1057 1923 1267 1975 Hipparchi
1312 1925 1568 1962 Pisistratidae
1615 1933 1718 1962 tem-

1057 1995 1149 2032 pore
1184 1982 1384 2018 manifesto
1433 1981 1567 2018 fraude
1604 1983 1716 2030 aucti,

1056 2039 1220 2075 mutilati
1250 2039 1493 2090 corruptique
1532 2039 1612 2086 Vll,
1651 2041 1718 2079 6.“

1063 2094 1306 2132 iVesselz'n
1318 2108 1355 2144 g.
1387 2094 1548 2143 Eadem,
1569 2096 1717 2146 opinor,

1057 2152 1318 2201 significantur
1338 2153 1490 2188 oracula
1508 2153 1553 2198 V,
1567 2154 1633 2192 93.
1652 2152 1717 2189 Sic

1058 2209 1263 2244 Veientum
1285 2208 1358 2244 fata
1370 2209 1550 2244 Romanis
1571 2208 1718 2258 prodita

1060 2277 1081 2299 a
1102 2264 1219 2300 nobili
1230 2264 1423 2314 transfuga
1434 2271 1527 2301 teste
1544 2265 1716 2303 ciceron.

1060 2319 1107 2356 de
1137 2321 1263 2356 Divin.
1294 2321 1323 2366 Ι,
1356 2320 1422 2367 44,
1463 2323 1502 2357 iu
1530 2322 1647 2358 tutela
1674 2335 1718 2359 ac

1059 2375 1244 2427 praesidio
1288 2379 1531 2427 optimatium
1566 2379 1718 2415 latuisse

1059 2433 1202 2483 colligit
1221 2432 1390 2470 Lobeck.
1412 2435 1451 2470 iu
1466 2433 1656 2486 Aglaoph.
1677 2448 1716 2486 p.

1060 2490 1155 2537 965,
1187 2490 1371 2527 Herodoti
1402 2491 1530 2527 locum
1558 2492 1718 2528 subiun-

1058 2558 1152 2595 gens
1190 2547 1360 2609 itemque
1392 2545 1573 2585 Dinarchi
1594 2578 1604 2595 ‚
1651 2549 1717 2600 qui

1059 2598 1311 2653 ἆπορᾆτους
1331 2599 1533 2654 διαθήκας
1544 2616 1718 2641 comme-

1058 2666 1181 2695 morat
1200 2660 1392 2730 Areopagi
1412 2673 1523 2697 curae
1536 2663 1717 2698 commis-

1057 2728 1136 2762 sa5‚
1169 2715 1211 2755 ἐν
1245 2712 1305 2763 οἷς
1347 2712 1521 2767 σωτήρια
1540 2719 1612 2766 τῆς
1644 2712 1716 2758 πό-

1057 2774 1153 2818 λεως
1179 2775 1304 2811 κεῖται
1317 2773 1379 2810 Or.
1392 2786 1424 2810 c.
1442 2772 1638 2811 Demosth.
1651 2776 1719 2821 91,

1062 2830 1139 2868 20:
1173 2829 1236 2865 ubi
1257 2828 1360 2881 quod
1381 2842 1474 2866 voce
1505 2830 1718 2881 διαθηκῶν
