1870 3249
345 212 1002 253 TERPS-ICHORE.
1060 213 1107 250 V.

122 322 502 381 παρεσκευάσαντο
542 322 588 366 δὲ
619 321 679 373 ὦς
715 320 1129 378 πολιορκησόμενοι,
1171 320 1245 364 καὶ
1283 324 1380 364 σῖτα
1438 331 1557 359 Naxum
1584 335 1714 393 qssatgnor

93 395 198 439 223er
226 390 340 436 ποτὰ
361 391 428 451 τὲ
440 388 829 454 τεῖχωσᾴξαντοο,
888 390 978 433 Καὶ
1011 384 1135 432 οὗτοι
1156 389 1235 444 μὲν
1258 395 1416 445 παρέ-5
1441 374 1713 469 ΞΞΞΞΞῗῃθΞῑΠζ-ῑε,

1439 471 1559 503 numpto
1583 466 1715 506 infecta-

1440 509 1566 562 ἓὲιῗῐέιῖἷ
1571 505 1714 572 ῐὲῗίὲῗέη

1441 571 1596 604 cogantur.

120 453 359 505 σκευάδατο
399 458 457 511 ὥς
501 457 804 513 παρεσομένου
847 468 927 512 σφι
973 455 1190 512 πολέμου·
1241 458 1285 500 οἱ
1322 454 1382 507 δ’,

117 527 210 571 ἐπεί
234 543 279 570 τε
310 527 514 584 διέβαλον
544 526 592 570 ἐκ
620 529 696 582 τῆς
724 527 838 568 Χίου
867 524 945 576 τοὶς
975 523 1075 574 νέας
1104 525 1147 576 ἐς
1182 523 1260 580 τὴν
1289 522 1380 567 Νά-

116 597 214 647 ξον,
251 594 360 649 πρὸς
406 593 741 651 πεφραγμένους
777 591 1128 649 προσεφέροντο,
1174 591 1246 636 καὶ
1285 591 1382 635 ἐπο-

92 663 333 720 3λιόρκεον
375 667 516 721 μῆνας
550 663 764 718 τέσσερας.

61 861 173 885 muro
202 848 364 885 munita.
421 849 479 885 De
510 848 641 885 Naxiis
661 848 723 885 lo-

61 906 274 956 cupletibus
304 905 432 942 scribit
458 906 650 942 Aristotel.
682 906 723 941 in

59 963 157 1013 Rep.
190 963 402 998 Naxiorum
442 961 544 1013 apud
579 960 723 999 Athen.

59 1019 151 1056 VHI
167 1033 207 1070 p.
220 1018 300 1059 348
319 1019 368 1055 A.
382 1019 438 1069 [p.
453 1018 528 1059 141
542 1018 723 1069 fragium.

16 1122 30 1125 ω
61 1074 123 1112 ed.
151 1076 401 1123 Neumann.]
455 1073 606 1112 Eadem
625 1077 722 1112 ratio

59 1133 132 1169 fuit
159 1133 200 1168 iu
227 1133 375 1179 Attica,
415 1133 562 1183 saepius
593 1133 722 1184 itaque

59 1190 262 1240 leguntur,
303 1190 343 1225 in
381 1186 537 1225 historia
567 1201 721 1241 quoque

38 1262 45 1267 ²
61 1247 283 1293 recentiori,
311 1252 485 1296 tempore
504 1243 674 1297 Philippi
687 1253 724 1282 et

6 1343 9 1346 Δ
61 1302 272 1340 Alexandri
293 1299 565 1354 (Demosthen.
586 1316 625 1353 p.
641 1301 722 1343 140

63 1361 114 1400 68
124 1374 136 1405 ;
146 1358 303 1396 Diodor.
318 1357 579 1408 Sic.xvll,4.)
592 1360 721 1396 omnia

62 1417 220 1453 mobilia
250 1429 270 1452 e
305 1417 411 1467 pagis
447 1415 618 1453 Athenas
648 1417 722 1452 At·-

62 1474 127 1510 tici
139 1480 391 1524 comportasse
403 1486 413 1521 3
424 1474 611 1524 imprimis
620 1473 721 1509 bello

62 1531 409 1581 Peloponnesiaco:
431 1537 581 1581 praeter
607 1528 724 1567 'Ihu-

63 1586 151 1639 cyd.
180 1588 283 1624 testIS
314 1593 369 1623 est
399 1586 593 1638 Aristoph.
620 1588 723 1639 qu.

61 1645 143 1684 789
165 1650 202 1680 et
229 1645 325 1684 802.
345 1642 512 1681 Acharn.
542 1647 608 1684 72.
630 1645 722 1681 Pac.

64 1702 158 1747 631,
195 1700 261 1737 ubi
295 1700 374 1737 vid.
406 1699 564 1737 Schol.“
613 1700 724 1738 Val-

62 1756 184 1794 cken.
244 1757 342 1794 Tres
361 1758 447 1794 libri
465 1758 603 1795 vetusti
622 1756 723 1807 ἐση-

61 1813 245 1852 νείκαντο
258 1844 269 1858 ,
301 1814 405 1865 quod
426 1827 447 1850 a
467 1813 650 1850 Matthiae
659 1827 724 1850 re-

62 1877 217 1919 ceptum
235 1869 348 1906 video
361 1900 370 1917 ,
399 1872 539 1907 citante
559 1871 722 1920 Apetzio

62 1926 108 1973 V,
133 1928 200 1965 33.
233 1927 263 1972 I,
294 1929 359 1966 19.
382 1925 448 1966 57.
469 1929 536 1967 73.
565 1926 632 1966 74.
654 1925 722 1966 84.

62 1983 130 2021 91.
143 2003 199 2008 —
217 1981 281 2018 Ad
301 1977 422 2020 οὐδὲν
438 1977 596 2028 πάντως
618 1980 722 2033 quod

63 2037 272 2086 antecedit,
314 2038 414 2075 conf.
443 2039 489 2086 V,
511 2039 564 2080 65
592 2039 721 2090 ibique

62 2101 160 2130 nott.
201 2114 243 2123 *-
288 2095 333 2130 111
367 2108 474 2147 seqq.
503 2098 721 2147 πολιορκη-

64 2146 228 2201 σόμενοι
256 2152 445 2202 passivam
484 2149 601 2188 habet
627 2153 720 2200 vim,

63 2206 111 2245 de
132 2207 208 2260 qua
228 2209 330 2244 conf.
350 2215 447 2245 nott.
468 2207 516 2244 ad
537 2209 582 2255 V,
605 2207 671 2249 35.

118 2263 185 2304 καὶ
215 2268 302 2304 σῖτα
319 2263 387 2304 καὶ
403 2262 506 2304 ποτὰ
531 2262 576 2304 τό
598 2268 723 2315 τεῖχος

61 2317 269 2370 ἐσάξαντο]
302 2323 414 2369 ,,Νο11
426 2323 591 2359 mirorin
599 2322 724 2358 forma

62 2379 168 2416 verbi
194 2380 450 2429 grammaticis
470 2377 575 2415 haud
596 2379 724 2414 anim-

63 2434 245 2480 adversa,
288 2436 452 2483 Vallam,
480 2437 641 2472 Portum
670 2436 723 2472 si-

62 2493 249 2543 milesque
285 2490 448 2529 haesisse
487 2494 722 2539 literatores3

62 2549 126 2585 ille
140 2561 315 2586 murorum
331 2549 552 2600 refectionem
563 2578 573 2596 ,
604 2562 722 2600 quam

62 2602 279 2657 ἐπισκευήν
319 2613 477 2653 vocant,
517 2606 723 2656 significari

63 2661 234 2700 credidit.
291 2663 429 2700 Portus
458 2661 623 2699 reddidit
642 2675 724 2700 mu-

65 2719 120 2755 ro's
166 2721 387 2756 muniverant
431 2720 635 2771 retulitque
658 2717 723 2756 -ad

65 2770 246 2815 Σᾶττειν.
303 2776 448 2812 Verum
468 2775 649 2813 vidissent
661 2805 672 2823 ,
691 2776 723 2813 si

64 2833 200 2870 similia
228 2839 509 2884 comparassent
540 2831 724 2870 Herodoti

1326 212 1382 252 53

826 662 885 714 ὣς
923 662 995 714 δὲ,
1035 660 1089 705 τά
1133 677 1178 704 τε
1217 659 1384 716 ἔχοντες
1398 667 1441 701 10

778 849 808 896 1,
832 849 932 896 190,
961 846 1166 899 Babylonii
1197 840 1439 896 κατειλήθη-

781 917 855 944 σαν
880 903 920 952 ἒς
942 901 985 943 τὸ
1006 901 1117 952 ἄστυ,
1150 905 1191 939 in
1211 902 1349 938 urbem
1368 915 1440 938 au-

780 969 880 1008 tem,
911 960 1107 1000 obsidione
1128 960 1317 1011 praevisa,
1339 973 1439 1011 προ-

783 1013 973 1065 εσάξαντο
1017 1018 1120 1056 σιτία
1169 1014 1286 1056 ἐτέων
1316 1010 1441 1066 κάρτα

779 1077 941 1114 πολλῶν
951 1076 1025 1111 iam
1039 1077 1120 1111 ante
1130 1075 1442 1123 'comportaverant

775 1131 1028 1182 permultorum
1041 1142 1207 1168 annorum
1221 1132 1440 1175 commeatus,

780 1188 882 1235 VIII,
922 1191 991 1229 20.
1022 1184 1115 1227 οὔτε
1166 1185 1442 1236 ἐξεκομίσαντο

782 1240 902 1285 οὐδὲν
926 1241 1016 1283 οὔτε
1032 1239 1317 1294 προεσάξαντο.
1356 1243 1442 1279 Non

778 1302 889 1338 facile
918 1302 1128 1352 reperietur
1143 1330 1153 1348 ,
1200 1300 1265 1352 qui
1293 1306 1444 1350 praeter

779 1357 1021 1395 Herodotum
1074 1355 1290 1394 adhibuerit
1345 1352 1443 1403 ὄὲξοιψ

779 1408 1443 1467 σθαι,ἔσάξασθαι,προεσάξασθαι.

779 1473 886 1518 Quae
913 1470 1029 1509 habet
1057 1465 1175 1522 ἦκται
1202 1477 1239 1507 et
1269 1469 1442 1519 ἐσῆκται,

777 1530 844 1566 illa
872 1530 1114 1580 reperiuntur
1144 1535 1181 1565 et
1216 1525 1319 1578 apud
1351 1527 1443 1563 alios

780 1587 886 1624 istius
911 1587 1028 1624 etiam
1048 1585 1192 1622 aetatis.
1248 1585 1332 1620 Iam
1350 1595 1442 1621 vero

779 1641 847 1683 καὶ
869 1646 998 1694 τεῖχος
1019 1644 1065 1680 ab
1076 1641 1254 1693 imperito
1274 1641 1443 1692 positum

779 1701 950 1751 suspicor
977 1707 1014 1737 et
1042 1701 1089 1736 ab
1125 1697 1321 1735 Herodoto
1349 1698 1445 1734 scri-

778 1764 910 1808 ptum,
941 1758 991 1795 ad
1012 1757 1304 1807 oppugnationem
1324 1757 1440 1790 autem

779 1813 1000 1851 tolerandam
1030 1827 1100 1851 sese
1123 1813 1355 1862 paraverant,
1375 1808 1443 1848 καὶ

781 1871 886 1909 σιτία
907 1870 975 1908 καὶ
994 1866 1098 1908 ποι-οἳ
1126 1865 1182 1907 τὸ
1204 1870 1334 1917 τεῖχος
1352 1861 1442 1905 ἐσά-

781 1927 911 1974 ξαντο,
926 1925 967 1962 id
981 1932 1035 1962 est
1047 1925 1085 1972 ἐς
1095 1921 1140 1963 τό
1152 1927 1277 1974 τεῖχος
1292 1920 1442 1973 ’ἤξαντο

779 1986 812 2019 et
847 1983 1026 2019 esculenta
1048 1979 1299 2032 potulentaque
1339 1991 1443 2016 cura—

777 2042 903 2076 verant
931 2041 1028 2076 intra
1062 2038 1180 2074 urbem
1218 2037 1442 2086 ι’νηροιήξανὶ.ιι

784 2095 931 2132 Valck
945 2107 1006 2132 en.
1066 2095 1191 2140 Quem
1219 2094 1303 2129 iure
1320 2093 1442 2130 secuti

778 2158 866 2189 sunt
886 2150 1108 2201 Schweigh.
1131 2157 1168 2187 et
1181 2149 1313 2196 Gaisf„
1335 2150 1441 2186 libris

778 2209 924 2260 scriptis
954 2215 991 2245 et
1021 2207 1130 2245 editis
1163 2207 1334 2243 maxime
1366 2206 1443 2242 flu-

779 2266 1016 2312 ctuantibus,
1061 2277 1229 2317 quorum
1266 2263 1444 2299 nonnulli

780 2320 848 2361 καὶ
889 2318 933 2361 τὰ
971 2325 1097 2372 τεῖχος
1137 2319 1340 2367 exhibent,
1377 2320 1441 2356 alii

781 2377 849 2418 καὶ
864 2382 1003 2428 τεῖχος,
1025 2391 1124 2430 quae
1134 2378 1214 2428 ipsa
1229 2375 1441 2413 adulterina

778 2449 869 2473 cum
879 2433 1069 2472 habuisset
1079 2434 1355 2484 VVessel'mgius
1365 2446 1441 2469 un—

778 2494 909 2544 cisque
929 2491 1019 2529 inde
1038 2492 1274 2529 incluserunt
1293 2487 1441 2527 Sohae-

776 2550 880 2586 ferus
919 2556 956 2586 et
984 2547 1191 2596 Matthiae,
1242 2547 1308 2599 qui
1335 2545 1439 2582 idem

778 2604 874 2643 haec
915 2604 1071 2642 exhibet
1118 2606 1160 2642 in
1204 2605 1271 2641 Gr.
1304 2603 1371 2639 Gr.
1400 2603 1439 2648 ς.

779 2662 862 2704 426
883 2675 970 2713 pag.
991 2665 1088 2708 786,
1117 2660 1184 2698 ubi
1213 2661 1261 2698 ob
1283 2671 1440 2696 accusa-

778 2720 847 2756 tivi
877 2725 1105 2756 structuram
1125 2717 1165 2754 h.
1201 2717 1227 2753 l.
1248 2714 1437 2752 laudatur.

778 2777 944 2825 Hoeger.
967 2776 1007 2812 in
1028 2776 1129 2812 Actt.
1148 2771 1242 2825 phil.
1262 2773 1436 2810 Monace-

780 2833 831 2870 T.
851 2833 905 2869 111
924 2845 963 2884 p.
988 2828 1227 2872 492-494
1256 2830 1307 2866 ita
1327 2829 1437 2867 scribi
