1834 3258
432 235 913 274 POLYMNIA.
972 235 1080 273 VII.

1280 235 1365 275 479

95 348 390 404 παρεδίδοσαν
426 344 506 389 τόν
545 345 628 389 αἰεὶ
668 343 1015 400 ἐξορυσσόμενον
1044 347 1154 401 χοῦν
1192 341 1361 387 αλλοισι

93 416 339 469 κατύπερθε
369 413 544 458 ἑστεῶσι
574 413 642 457 ἐπὶ
673 412 880 469 βάθρων·
915 415 960 456 οἱ
979 412 1023 457 δ’
1055 414 1112 456 αὐ
1142 411 1363 467 ἓκδεκόμε·

92 502 177 535 νοι,
223 483 429 538 ἑτέροισι,
458 482 539 534 ἕως
568 481 779 527 ἀπίκοντο
812 481 853 531 ἐς
884 497 987 531 τους
1017 479 1243 525 ἀνωτάτω·
1289 481 1359 523 οὐ·
1373 484 1418 519 50

89 570 159 598 τοι
199 552 246 596 δὲ
287 550 519 607 ἐξεφόρεόν
547 567 591 595 τε
620 550 695 593 καὶ
728 548 968 604 ἐξέβαλλον.

61 620 285 672 Ξόἱλλοισι,
323 618 438 675 πλὴν
470 620 711 672 Φοινίκων,

1027 553 1142 592 τοῖσι
1169 549 1248 605 μέν
1276 549 1363 590 νῦν

750 616 1158 673 καταρρηγνύμενοι
1189 618 1234 660 οἱ
1260 631 1362 671 κρη-

87 689 192 747 μνοὶ
220 691 301 731 τοῦ
332 685 578 744 ὀρύγματος
606 687 749 732 πόνον
779 686 1006 742 διπλήσιον
1034 690 1261 741 παρεῖχον·
1288 682 1362 727 ἅτε

89 757 173 814 γὰρ
213 758 297 800 τοῦ
334 771 379 799 τε
420 753 512 800 ἅνω
554 754 770 810 στόματος
798 755 873 798 καὶ
900 757 982 796 τοῦ
1015 752 1134 797 κάτω
1173 752 1226 796 τὰ
1256 750 1418 795 αὐτὰ55

57 832 79 867 3
88 826 223 883 μέτρα
252 823 545 879 ποιευμένων,
579 823 723 880 ἔμελλέ
745 834 823 876 σφι
847 826 1023 865 τοιοῦτο
1044 819 1358 878 ἀποβήσεσθαι.

90 895 134 937 οἱ
176 893 223 936 δὲ
269 893 472 943 Φοίνικες
506 893 669 948 σοφίην
704 891 750 934 ἔν
782 906 826 933 τε
855 894 969 934 τοῖσι
996 889 1166 934 ἄλλοισι
1196 890 1362 947 ἔργοισι

91 960 450 1012 ἀποδείκνυνται,·
477 960 551 1003 καὶ
582 959 636 1015 δή
668 959 741 1002 καὶ
771 957 818 1001 ἐν
849 958 1011 1016 εκείνῳ.

90 1029 176 1086 γάρ
207 1028 366 1085 μόριον
390 1028 498 1072 ὅσον
520 1026 691 1071 αὐτοῖσι
722 1025 939 1081 επὲβαλλε,
970 1025 1178 1080 ὅρυσσον,
1208 1025 1258 1068 τὸ
1289 1041 1367 1080 μεν
1427 1027 1508 1068 5⁶22

1071 956 1364 1039 ἀπολαχόντες

90 1113 181 1141 ανω
203 1096 340 1153 στόμα
357 1100 434 1153 τῆς
452 1091 665 1151 διώρυχος
693 1097 917 1146 ποιεῦντες
948 1095 1180 1151 διπλησιον
1209 1092 1237 1151 ἢ
1259 1093 1365 1137 οσον
1376 1099 1420 1132 60

89 1167 176 1210 ε’δει
216 1163 356 1221 αὐτὴν
393 1163 475 1222 τὴν
515 1163 712 1220 διώρυχα
759 1163 987 1219 γενέσθαι·

1038 1164 1365 1219 προβαίνοντος

89 1233 137 1277 δὲ
166 1236 248 1277 τοῦ
288 1233 439 1290 ἔργον,
482 1236 679 1289 συνῆγον
720 1233 824 1276 αἰεί·
862 1231 979 1276 κάτω
1009 1246 1053 1274 τε
1085 1230 1139 1288 δὴ
1180 1231 1360 1288 ἐγίνετο,

87 1426 460 1483 καταρῤηγνῦμενοι
511 1428 553 1469 οἷ
597 1444 697 1480 κρη-

32 1487 153 1540 μνοὶ]
179 1489 405 1539 Praecipitia
425 1489 561 1524 Noster
579 1487 696 1523 intel-

31 1546 115 1596 lig-it
148 1545 227 1583 sive
254 1552 379 1596 partes
405 1545 528 1581 fossae
547 1545 698 1595 praeci-

30 1604 127 1654 pites
137 1601 185 1639 ad
197 1601 359 1640 declives
370 1608 498 1654 ruptas
509 1599 698 1637 humum-

33 1672 110 1711 que
162 1660 358 1710 collapsas.
448 1659 549 1695 Hinc
592 1664 696 1694 recte

30 1717 188 1767 Lange:
216 1716 322 1765 „weil
338 1715 443 1754 ihnen
461 1714 522 1754 der
533 1715 698 1753 Graben-

32 1773 124 1813 rand
140 1773 270 1824 ez’nfiel.
300 1774 406 1822 ⁷,Nec
419 1773 528 1809 aliter
538 1773 617 1809 fere
629 1787 698 1811 κα-

31 1826 340 1882 ταρρήγνυσθαι
375 1831 496 1879 rumpi
530 1828 699 1881 indeque

31 1889 71 1925 in
91 1891 222 1925 terram
243 1886 400 1925 decidere
419 1887 486 1935 III,
511 1887 588 1927 111
611 1886 700 1923 0011.

32 1944 63 1991 1,
85 1945 152 1984 87.

91 2013 159 2040 ατε
177 2014 252 2051 γαρ
264 2000 336 2038 τοῦ
347 2012 387 2038 τε
403 1994 487 2037 ἅνω
507 1992 699 2047 στόματος

33 2070 72 2095 κ.
96 2070 127 2095 τ.
148 2056 202 2104 λ.]
233 2056 291 2091 De
311 2056 449 2093 vocula
470 2050 698 2094 &amonuit

32 2110 169 2150 Matth.
191 2113 257 2150 Gr.
270 2112 336 2149 Gr.
344 2125 433 2163 pag.
452 2110 573 2152 1125.
595 2112 699 2149 Sen-

31 2182 119 2209 sum
133 2169 209 2206 loci
228 2169 281 2206 ita
300 2170 483 2221 expressit
494 2166 697 2218 Schweig-

31 2224 260 2264 haeuserus:
298 2255 322 2274 ,‚
337 2238 442 2277 quum
467 2238 601 2263 summa
614 2224 696 2276 fos-

33 2296 93 2320 sae
112 2283 209 2320 labia
227 2284 316 2333 pari
333 2282 569 2334 amplitudine
592 2287 700 2333 atque

33 2339 206 2389 inferiora
217 2338 391 2390 facerent,
420 2353 488 2378 non
501 2342 620 2390 potuit
631 2352 699 2377 non

33 2395 99 2433 Ιιοσ
127 2398 177 2434 eis
211 2396 430 2445 accidere‚“
469 2409 542 2434 nec
568 2397 698 2434 minus

35 2452 134 2490 bene
144 2454 300 2503 Lange:
322 2453 443 2502 „denn
464 2453 542 2491 weil
559 2455 610 2491 sie
628 2453 697 2491 den

36 2508 179 2548 Graben
222 2510 306 2547 oben
337 2510 411 2548 und
444 2514 551 2549 unten
580 2510 697 2560 gleich

33 2567 115 2604 weit
141 2565 320 2615 mac-Men,
358 2580 396 2603 so
418 2570 546 2604 musste
576 2568 641 2605 das
659 2580 696 2604 so

24 2621 229 2663 ·kommen.“
256 2624 391 2675 Itaque
410 2620 455 2663 τό
474 2620 560 2663 ἅνω
573 2620 698 2675 στόμα

34 2677 330 2730 intelligendum
351 2678 398 2717 de
415 2681 599 2730 superlori
618 2681 700 2719 fos-

3 2735 9 2746 ”
35 2747 98 2774 sae
127 2743 248 2788 parte.
307 2737 384 2775 Pro
413 2737 531 2786 vulgo
561 2738 699 2778 τοιοῦ-

35 2805 104 2834 τον
141 2792 230 2831 dedi
263 2806 354 2830 cum
393 2791 615 2843 Schweigh.
662 2800 700 2831 et

37 2848 152 2889 Gaisf.
189 2852 347 2892 τοιοῦτο
360 2880 370 2899 ,
403 2849 509 2903 quod
539 2850 700 2888 Floren-

751 1429 854 1466 tinus
876 1427 1074 1466 offerebat.
1103 1426 1167 1465 Ad
1189 1425 1418 1464 dictionem:

754 1481 1252 1537 ἔμελλε-ἀποβήσεσθαι
1287 1485 1336 1521 cf.
1368 1485 1422 1521 si-

753 1544 890 1580 milem
910 1544 1040 1580 locum
1060 1544 1208 1590 IX‚66.
1238 1541 1420 1579 Vocabu-

754 1601 839 1637 hun
861 1601 1016 1651 σοφίην·
1031 1601 1072 1637 in
1092 1613 1200 1651 seqq.
1229 1600 1421 1649 iuterpre-

753 1664 814 1695 tor
824 1657 1092 1701 dexteritatem3
1113 1659 1212 1694 Nos.-
1234 1655 1422 1695 Gesclaicls-

754 1714 910 1763 hemi-ea,
942 1713 1183 1752 Gewandheit.

811 1767 908 1811 ’ὅσον
926 1767 1084 1811 αὐτοῖσι
1109 1768 1325 1820 ἐπέβαλλε]
1365 1770 1421 1804 Ila

753 1829 997 1866 Florentinus
1023 1841 1114 1866 cum
1143 1828 1238 1866 aliis.
1293 1826 1420 1875 Vulgo

755 1884 932 1936 ἐπέβαλε.
1000 1886 1058 1921 De
1085 1884 1194 1922 verbi
1227 1882 1421 1933 siguifica—

755 1943 860 1980 fione
882 1941 976 1978 conf
991 1947 1088 1979 nott.
1109 1940 1158 1979 ad
1178 1941 1226 1989 H,
1252 1939 1419 1986 180.1v,

758 1998 853 2040 115.

810 2052 1104 2107 προβαίνοντος
1132 2050 1174 2092 δὲ
1202 2053 1276 2092 τοῦ
1304 2050 1421 2103 ἔργον

754 2125 789 2150 κ.
822 2126 854 2149 τ.
881 2111 936 2159 λ.]
970 2110 1169 2148 Sententia
1202 2107 1316 2146 huius
1345 2109 1421 2146 loci

752 2166 850 2204 mihi
871 2181 951 2206 esse
980 2166 1154 2205 videtur:
1190 2167 1274 2213 Quo
1294 2167 1418 2216 magis

752 2237 847 2276 opus
886 2223 1119 2276 procedebat
1152 2236 1308 2276 quoque
1327 2235 1421 2274 pro-

753 2281 911 2320 fundius
932 2280 1141 2330 fodiebant,
1164 2294 1209 2318 eo
1226 2281 1423 2330 angustior

753 2338 869 2377 fiebat
877 2339 989 2387 fossa,
1003 2339 1054 2376 ita
1064 2345 1118 2388 ut,
1133 2351 1223 2376 cum
1234 2336 1283 2374 ad
1296 2339 1423 2374 imum

752 2397 945 2435 venissent
979 2402 1017 2433 et
1043 2395 1084 2432 in
1117 2396 1199 2448 ipso
1219 2393 1341 2432 fundo
1363 2408 1421 2432 es-

752 2460 849 2499 sent,
870 2465 1004 2504 parem
1024 2465 1115 2491 cum
1145 2452 1299 2504 reliquis
1322 2450 1421 2499 (scil.

752 2510 875 2548 fossae
895 2510 1076 2560 partibus,
1099 2522 1193 2561 quas
1212 2510 1276 2546 alii
1295 2507 1421 2546 fodie—

753 2567 873 2618 bant)
903 2565 1147 2605 latitudinem
1173 2566 1272 2604 fossa
1299 2563 1421 2602 habe-

753 2631 825 2663 ret.
882 2625 961 2662 Nec
993 2624 1102 2661 aliter
1136 2623 1236 2675 cepit
1272 2623 1420 2671 Lange,

754 2681 806 2718 ita
831 2681 1036 2718 vernacule
1074 2679 1169 2716 haec
1194 2689 1420 2728 exponens:

757 2736 864 2786 „Wz‘e
882 2751 954 2775 mm
972 2737 1028 2774 die
1056 2736 1179 2774 Arbez't
1201 2734 1422 2785 fortsclm'tt,

755 2795 919 2832 machten
944 2788 1021 2830 sie's
1057 2794 1177 2830 z‘mmer
1204 2803 1310 2840 enger
1348 2790 1424 2828 und

756 2853 821 2889 wie
838 2852 888 2889 sie
919 2853 1025 2889 unten
1043 2860 1172 2898 waren,
1204 2861 1240 2885 so
1261 2860 1338 2885 war
1350 2848 1423 2886 ihre
