1834 3258
399 256 878 294 POLYMNIA.
936 257 1042 295 vll.

1263 254 1348 296 463

1246 365 1279 383 Η

88 383 173 419 ,,τω
214 365 287 408 καὶ
334 363 535 415 ταπεινὸς
563 362 703 408 ὀπίσω
733 364 844 408 κατοὶ
873 363 1001 420 τάχος
1032 363 1190 407 ἔσεαι.“
1237 363 1347 419 45¹9-
1359 372 1404 405 80

90 437 162 490 ξης
224 432 326 488 μὲν,
389 434 590 488 περιδεὴς
632 432 866 489 γενόμενος
914 437 969 490 τῇ
1009 431 1130 484 ὄψει,
1181 429 1268 475 ἄνοι’
1304 448 1350 476 τε

81 503 241 555 ἔδραμε
284 500 331 544 ἐκ
359 504 436 557 τῆς
466 502 627 557 κοίτης,
656 502 729 544 καὶ
758 501 914 556 πέμπει
943 500 1128 557 ἄγγελον
1158 499 1225 543 ἐπὶ
1250 496 1346 555 Ἀρ-

78 570 272 625 τάβανον
310 568 534 612 καλέοντα.

594 569 843 626 ἀπικομένῳ
884 567 932 612 δέ
970 571 1013 612 οἱ
1043 569 1158 623 ἔλεγε
1187 567 1348 624 Ξέρξης

51 636 206 681 Ξτοῖδε·
266 633 560 692 ,,Ἀρτα’βανε,
599 636 683 693 ἐγώ
721 635 772 680 τό
803 638 1053 690 παραυτίκα
1082 636 1162 691 μὲν
1195 633 1281 678 οὐκ
1308 634 1345 678 ἐ-
1359 641 1402 675 85

79 703 391 760 ,,σωφρόνεον,
428 706 552 756 εἴπας
595 705 637 756 ἐς
680 706 726 748 σὲ
757 702 918 760 μάταια
949 704 1052 748 ἔπεα
1079 707 1265 759 χρηστῆς
1285 703 1345 746 εἵ-

80 789 211 826 ,,νεκα
251 774 536 828 συμβουλίης·
584 772 689 829 μετὰ
723 775 871 828 μέντοι
901 770 955 815 οὐ
981 773 1146 815 πολλὸν
1184 770 1348 827 χρόνον

79 839 332 897 ,,μετέγνων,
355 840 493 896 ἔγνων
523 839 722 885 δὲταῦτα
752 857 829 897 μοι
860 839 1041 896 ποιητέα
1061 839 1189 884 ἐόντα
1215 839 1268 883 τὰ
1293 838 1348 882 σύ

49 907 345 965 3,,ὑπεθήκαο.
403 908 553 952 οὔκων
581 909 765 961 δυνατός
803 925 871 953 τοι
901 908 986 964 εἰμὶ
1015 911 1154 952 ταῦτα
1182 908 1349 951 ποιέειν

79 977 396 1033 ,,βουλόμενος·
446 977 723 1035 τετραμμένῳ
753 975 837 1032 γὰρ
872 976 925 1032 δὴ
954 977 1028 1020 καὶ
1058 976 1345 1032 μετεγνωκότι
1359 983 1405 1016 90

77 1045 346 1101 »ἐπιφοιτῶν
375 1044 549 1100 ὄνειρον
580 1044 840 1101 φαντάζεταί
868 1061 958 1101 μοι,
991 1042 1197 1099 οὐδαμῶς
1227 1044 1349 1087 σννέ-

78 1129 267 1165 ,,παινον
299 1113 374 1155 ἐὸν
406 1113 571 1157 ποιέειν
599 1130 651 1169 με
679 1116 836 1156 ταῦτα·
858 1116 943 1155 νῦν
962 1113 1008 1156 δὲ
1034 1113 1108 1155 καὶ
1134 1114 1350 1167 διαπειλῆ-

49 1185 192 1233 4,,σαν
223 1181 396 1235 οἴχεται.
453 1183 511 1224 Εἰ
550 1176 614 1224 οἷν
642 1180 748 1231 θεός
777 1180 866 1224 ἐστι
908 1179 931 1223 ὁ
965 1181 1238 1235 ἐπιπέμπων,
1275 1181 1350 1223 καί

78 1250 153 1302 ,,οῑ
189 1248 362 1299 πάντως
401 1249 448 1292 ἐν
485 1248 626 1306 ἡδονῇ
656 1249 746 1292 ἐστι
784 1248 989 1304 γενέσθαι
1031 1248 1349 1304 στρατηλασίην

36 1338 43 1344 „
80 1316 176 1369 ,,ἐπὶ
204 1315 284 1372 τήν
309 1315 512 1367 Ἐλλάδα,
544 1316 818 1373 ἐπιπτήσεται
847 1315 921 1359 καὶ
951 1315 1021 1358 σοὶ
1041 1314 1184 1359 τώυτὸ
1215 1319 1348 1358 τοῦτο

52 1383 308 1439 5,,ὄνειρον,
351 1385 514 1442 ὁμοίως
541 1386 616 1430 καὶ
654 1384 752 1441 ἐμοὶ
781 1383 1102 1440 ἐντελλόμενον.

248 1560 342 1610 Cap.
367 1558 454 1596 XV.

76 1613 144 1654 καὶ
164 1613 309 1667 πέμπει
326 1612 492 1668 ἄγγελον
518 1612 582 1654 ἐπὶ
600 1608 686 1666 Ἀρ-

19 1668 196 1723 τοῖβανον
232 1672 450 1721 καλέοντα]
491 1674 607 1708 Deest
644 1673 685 1708 in

21 1728 250 1782 quibusdam
301 1731 405 1766 libris
454 1729 684 1779 praepositio

23 1785 109 1832 ἐπὶ,
139 1799 237 1838 quae
257 1787 288 1823 si
308 1788 526 1833 retineatur,
548 1785 684 1822 melius

21 1844 146 1880 omitti
165 1842 367 1891 καλέοντα,
391 1856 438 1879 ex
458 1844 688 1892 interpreta—

20 1906 153 1936 mento
185 1907 334 1947 ortum,
372 1907 500 1936 censet
520 1897 688 1935 Valcke-

20 1957 183 2004 naerius,
206 1969 327 2007 quum
347 1957 421 1992 loci
453 1969 496 1991 ea
527 1956 572 1992 sit
598 1968 688 1992 sen-

21 2013 162 2050 tentia:
185 2015 295 2049 mittit
319 2016 380 2062 qui
398 2012 618 2049 Artabanum
638 2011 686 2048 ad

22 2082 57 2106 se
75 2073 226 2116 vocaret,
247 2068 287 2105 id
309 2071 435 2119 ipsum
451 2075 579 2104 antem
589 2070 685 2105 sim-

21 2126 111 2177 plici
123 2127 357 2176 exprimatur
373 2127 565 2163 locutione
585 2124 685 2175 πέμ-

22 2197 114 2221 πειν
149 2182 214 2222 ἐπί
248 2197 338 2221 τινα
365 2185 502 2220 mittere
532 2182 579 2219 ad
614 2182 685 2218 ali-

23 2251 122 2289 quem
170 2240 430 2287 arcessendum,
493 2246 536 2276 ut
583 2238 686 2289 apud

22 2294 204 2347 Thucyd.
220 2298 284 2342 VI,
307 2299 374 2343 61,
402 2297 504 2333 alibi.
561 2297 685 2348 Equi-

24 2350 166 2391 demut
185 2355 381 2404 participio
403 2351 596 2392 καλέοντα
615 2366 684 2390 nos

23 2421 152 2445 carere
190 2423 298 2460 posse
333 2411 493 2446 minime
530 2423 683 2460 negem,

22 2465 76 2502 ita
103 2465 206 2502 libris
244 2467 369 2503 invitis
393 2466 487 2503 illud
523 2468 684 2503 minime

23 2522 213 2567 eiecerim,
243 2529 286 2559 ut
307 2525 371 2574 qui
392 2522 576 2560 Herodoti
596 2536 684 2560 ora-

25 2579 170 2615 tionem
188 2577 248 2615 hic
270 2580 343 2615 illic
355 2582 606 2630 copiosiorem
626 2587 684 2617 at-

26 2647 102 2686 que
128 2634 388 2672 abundantem
409 2638 526 2687 probe
545 2639 684 2674 norim.

25 2711 81 2719 -—-
100 2691 162 2728 Ad
184 2687 332 2742 μάταια
355 2691 448 2731 ἔπεα
470 2693 569 2731 conf.
590 2695 685 2730 cita-

26 2753 65 2784 ta
83 2747 132 2785 ad
158 2750 246 2796 VII,
267 2752 317 2789 10
353 2750 390 2795 ξ.
412 2752 437 2790 7
460 2756 495 2786 et
516 2748 563 2786 ad
585 2761 681 2800 συμ-

28 2803 191 2856 βουλίης
221 2805 374 2857 (quod‚
396 2819 474 2843 uno
495 2806 686 2843 Sancrofti

25 2859 121 2898 libro
148 2869 332 2914 excepto,
378 2863 418 2899 in
457 2875 533 2915 quo
563 2870 686 2901 exstat

1162 1380 1349 1439 εὑρίσκω
1362 1388 1405 1421 95

743 1559 986 1610 συμβουλῆς,
1005 1559 1143 1611 reliqui
1173 1556 1286 1596 codd.
1308 1556 1407 1594 offe-

741 1614 860 1671 runt)
889 1624 987 1653 nott.
1017 1615 1066 1653 ad
1095 1617 1160 1663 ΙΙΙ,
1199 1618 1235 1655 1.
1294 1614 1407 1660 Quod

741 1674 856 1723 paulo
898 1673 997 1709 infra
1035 1680 1157 1710 exstat
1190 1667 1406 1721 ’ὑπεθήκαο

743 1727 928 1780 (suasisti,
953 1733 1077 1767 auctor
1096 1729 1235 1780 fuisti)
1251 1759 1261 1775 ,
1300 1728 1407 1765 adid

742 1787 842 1823 conf.
863 1793 959 1823 nott.
977 1786 1026 1822 acl
1043 1788 1073 1834 Ι,
1098 1789 1192 1827 107.
1233 1787 1279 1822 In
1299 1799 1406 1837 seqq.

742 1844 905 1881 verbum
937 1840 1211 1891 φαντάζεσθαι
1239 1844 1346 1892 attigi
1365 1844 1406 1878 in

743 1907 838 1937 nott.
861 1899 910 1936 ad
929 1900 1009 1947 VII,
1035 1902 1084 1939 10
1107 1899 1197 1943 §.5.

803 1954 1044 1994 συνέπαινον
1081 1952 1176 2003 ἐόν]
1219 1956 1274 1991 Ita
1302 1963 1404 1992 recte

746 2011 893 2049 duobus
916 2026 935 2048 e
956 2011 1068 2049 codd.
1090 2025 1193 2048 nunc
1217 2011 1361 2048 editum
1383 2026 1405 2049 a

741 2068 958 2119 Schweigh.
982 2077 1017 2105 et
1039 2069 1168 2115 Gaisf.,
1203 2082 1272 2118 pro
1299 2070 1405 2120 vulg.

742 2125 1404 2177 ouvenonve'omquodtennitSchae—

741 2184 810 2220 fer.
843 2183 953 2220 Conf.
975 2183 1040 2230 ΙΙΙ,
1066 2184 1158 2222 119.
1180 2182 1224 2230 V,
1247 2185 1314 2223 20.
1338 2186 1403 2223 31.

744 2243 811 2280 32.
837 2262 879 2267 -
912 2242 957 2275 In
978 2252 1083 2291 seqq.
1105 2238 1153 2275 ad
1170 2240 1405 2276 locutionem

742 2296 785 2336 ἐν
802 2295 935 2351 ἡδονῇ
954 2296 1034 2335 ἐστί
1055 2296 1156 2332 conf.
1177 2295 1312 2334 Matth.
1336 2298 1403 2335 Gr.

742 2355 808 2391 Gr.
838 2367 927 2405 pag.
961 2355 1082 2393 1139.
1117 2352 1300 2390 Herodot.
1339 2354 1402 2401 IV,

744 2414 822 2451 139
839 2412 968 2462 ibique
980 2417 1090 2456 nott„
1110 2411 1177 2446 ubi
1193 2423 1261 2460 pro
1275 2411 1305 2448 V
1317 2412 1334 2446 I
1347 2412 1402 2458 ΙΙ,

743 2470 822 2507 160
843 2466 996 2518 legend.
1018 2467 1123 2514 VII⁷
1150 2469 1242 2508 160.
1301 2467 1404 2505 Add.

739 2525 820 2570 Vll,
846 2527 1007 2564 101.—
1033 2523 1145 2569 Quod
1165 2525 1280 2574 paulo
1302 2525 1382 2561 infe

741 2582 818 2618 rius
849 2582 989 2630 legitur
1024 2579 1169 2632 ὁμοίως
1208 2580 1275 2620 καὶ
1316 2578 1405 2630 ἐμοὶ

743 2634 1044 2684 ἐντελλόμενον,
1105 2636 1241 2674 reddas
1292 2638 1400 2673 licet:

742 2695 860 2731 eadem
883 2695 949 2732 tibi
969 2707 1058 2744 quae
1072 2694 1159 2731 milli
1175 2696 1406 2743 praecipiens.

742 2751 984 2788 Structuram
1013 2751 1118 2788 verbi
1139 2750 1295 2796 ἱξεσθαι
1316 2762 1405 2786 cum

739 2809 1019 2858 praepositione
1037 2806 1076 2854 ἐς
1095 2807 1202 2857 attigi
1222 2806 1271 2844 ad
1281 2807 1325 2855 V,
1339 2808 1404 2847 12.

739 2863 841 2901 Add.
862 2865 943 2912 VII,
968 2865 1031 2904 16.

1408 418 1577 457 Artabanus
1610 425 1680 452 pro>

1407 455 1488 479 tinus
1502 453 1678 480 arcessitus.
