1834 3258
474 196 1104 235 POLYMNIA.VII.
1335 195 1420 235 487

152 310 254 362 „miv
292 307 482 362 πόλεμον
521 307 616 362 ἐμοὶ
658 305 842 363 ἠθέλησε
873 305 1176 361 συμβαλέσθαι
1204 301 1417 359 χρήματα,

121 378 258 430 2,,ἕξω
278 379 367 420 σεῦ.
408 374 461 418 σύ
492 376 537 418 δὲ
567 375 639 418 καὶ
669 374 876 427 ἐξείνισας
907 372 1102 429 μεγάλως
1134 371 1320 426 στρατὸν
1343 372 1420 414 τὸν

147 445 306 501 ,,έμὸν,
352 444 426 486 καὶ
465 441 662 498 χρήματα
701 442 865 498 μεγάλα
904 442 1190 497 ἐπαγγέλλεαι.
1253 440 1326 483 σοὶ
1357 433 1420 482 ὦν

149 514 258 569 ,ἐγώ
299 510 396 555 ἀντὶ
438 509 585 553 αὐτῶν
618 511 746 566 γέρεα
783 510 928 554 τοιάδε
971 513 1158 565 δίδωμι·
1199 507 1342 561 ξεῖνόν
1377 513 1476 550 τε35

149 593 223 633 ,,σε
259 584 465 635 ποιεῦμαι
496 578 624 632 ἐμόν,
663 580 737 622 καὶ
776 578 854 630 τὰς
898 579 1177 630 τετρακοσίας
1205 576 1422 631 μυριάδας

148 664 242 700 ,,τοι
269 651 358 690 τῶν
388 645 614 700 στατήρων
649 646 886 703 ἀποπλήσω
917 645 1013 700 παρ’
1047 646 1281 702 ἐμεωυτοῦ,
1314 643 1421 695 δούς

148 716 250 769 ,,τάς
280 714 384 759 ἑπτα
413 712 629 770 χιλιάδας·
662 718 736 759 ἴνα
765 715 822 772 μή
853 732 921 758 τοι
943 715 1128 765 ἐπιδεέες
1149 714 1251 757 ἔωσι
1281 714 1326 755 αἱ
1354 726 1421 756 τε-

146 785 401 839 ,,τρακόσιαι
431 781 639 838 μυριάδες
668 781 775 827 έπτᾶ
805 785 1058 839 χιλιαδέων,
1099 780 1188 826 ἀλλ’
1220 776 1249 839 ᾗ
1279 798 1350 824 τοι
1379 779 1422 823 ὄι-

116 853 437 908 3,,παρτιλογίη
468 850 543 895 ὑπ’
576 851 676 906 ἐμέο
707 853 1036 908 πεπληρωμένη.
1069 847 1249 906 κέκτησό
1280 865 1324 892 τε
1337 847 1417 891 αὐ-
1433 852 1478 888 40

147 920 249 972 ,τός
277 919 331 963 τά
360 937 441 974 περ
480 918 611 972 αὐτός
640 919 849 976 ἐκτήσαο,
882 919 1086 964 ἐπίστασό
1114 936 1159 964 τε
1198 916 1310 961 εἶναι
1340 916 1423 960 αἰεὶ

148 993 397 1040 ,,τοιοῦτος·
450 988 504 1033 οὐ
532 989 618 1045 γάρ
649 1007 718 1034 τοι
747 993 887 1032 ταῦτα
915 991 1136 1040 ποιεῦντι,
1168 985 1268 1030 οὔτε
1299 985 1342 1035 ές
1371 983 1421 1027 τό

149 1057 365 1111 ,,παρεο“ν,
397 1056 496 1100 οὔτε
528 1059 570 1108 ἐς
598 1057 764 1113 χρόνον
796 1054 1114 1112 μεταμελήσει.“

241 1128 392 1168 Ταῦτα
423 1124 468 1167 δὲ
498 1126 634 1179 εἴπας,
666 1125 740 1168 καὶ
772 1125 963 1168 ἐπιτελέα
986 1122 1186 1177 ποιήσας,
1218 1119 1422 1175 ἐπορεύε-
1480 1129 1757 1191 Ultfetrigsgrtffiex-

143 1209 192 1236 το
233 1193 315 1236 αἰεὶ
350 1191 399 1235 τὸ
438 1190 606 1247 πρόσω.
653 1193 824 1236 ’Ἀναυα
851 1194 898 1236 δὲ
927 1188 1198 1245 καλεομένην
1231 1193 1421 1244 Φρυγῶν
1434 1173 1758 1259 45ξῖἓῗῃιὲεριζιιῖῐῐξιζῖ

113 1306 117 1307 ⁷
143 1259 275 1305 πόλιν
311 1260 720 1318 παραμειβόμενος,
750 1260 825 1305 καὶ
853 1261 1013 1317 λίμνην
1043 1257 1091 1302 ἐκ
1120 1261 1198 1314 τῆς
1228 1257 1325 1309 ἅλες
1356 1258 1416 1313 γί-
1480 1241 1646 1266 'flamm
1670 1240 1677 1265 ¹
1703 1241 1736 1259 er

15 1126 80 1171 30

1477 1267 1560 1293 lacus
1575 1266 1648 1294 salis
1661 1266 1755 1293 ferax.

1481 1301 1646 1328 Colossae:
1667 1299 1718 1326 ubi

1475 1338 1582 1362 terrae
1607 1333 1723 1368 hiatus,

147 1446 421 1498 συμβαλέσθαι
442 1444 649 1499 χρήματα]
673 1449 699 1486 i.
721 1462 755 1488 e.

82 1508 252 1554 pecunias
285 1504 465 1555 conferre,
502 1506 671 1554 tribuere,
714 1513 757 1543 ut

88 1562 155 1609 ΙΠ,
182 1562 259 1602 135
274 1591 284 1610 ‚
313 1562 380 1598 ubi
400 1561 477 1599 vid.
498 1569 594 1599 nott.
616 1585 672 1590 —
711 1564 757 1599 In

89 1619 266 1668 proxime
285 1631 391 1670 seqq.
415 1631 504 1655 cum
523 1617 706 1656 Matthiae
719 1626 757 1656 et

87 1673 270 1712 Bekkero
291 1676 437 1712 restitui
455 1674 668 1725 ἐξείνισας,
690 1677 757 1713 ubi

90 1730 318 1769 Schaeferus
340 1732 510 1780 ξείνισας
531 1740 569 1770 et
588 1746 658 1784 pro
680 1729 756 1773 αὗ-

88 1787 188 1827 τέων
209 1787 299 1825 dedj
319 1784 469 1829 αὐτῶν.

145 1840 276 1892 ξεῖνόν
297 1859 338 1884 τε
360 1856 402 1884 σε
421 1847 614 1896 ποιεῦμαι
635 1842 751 1895 ἐμόν]

90 1901 295 1938 Persarum
314 1915 422 1952 reges
434 1903 494 1939 vel
511 1915 603 1938 cum
623 1904 757 1952 singu-

89 1958 133 1994 lis
153 1959 307 2008 privatis
321 1956 538 1994 hominibus
551 1988 560 2005 ‚
591 1957 639 1994 ad
660 1971 756 2009 quos

91 2014 344 2062 diverterant,
373 2013 581 2065 hospititun
602 2023 757 2052 contra-

90 2073 211 2118 xisse,
242 2072 353 2121 plura
374 2070 512 2109 docent
537 2073 713 2122 exempla
735 2084 757 2108 a

89 2129 283 2165 Brissouio
313 2129 370 2164 De
405 2141 483 2178 reg.
507 2130 611 2164 Pers.
633 2130 754 2179 princ.

89 2186 119 2233 1,
148 2187 218 2225 161
256 2185 381 2221 allata.
439 2184 502 2221 Ad
533 2198 644 2221 voces
665 2181 756 2237 παρ’

90 2241 292 2291 ἐμεωυτοῦ
313 2241 416 2280 conf.
439 2241 576 2279 Matth.
604 2243 672 2279 Gr.
688 2243 754 2281 Gr.

90 2311 179 2350 pag.
206 2301 330 2339 1172.

149 2350 231 2394 ἀλλ’
250 2349 279 2408 ᾗ
309 2370 370 2394 τοι
401 2350 664 2407 οἷπαρτιλογίη
687 2351 755 2394 ’ὑπ’

94 2409 184 2459 ἐμέο
224 2411 545 2463 πεπληρωμένη]
591 2407 756 2463 α’παρτι-

94 2467 206 2520 λογίῃ
228 2468 495 2506 Grammaticis
510 2470 665 2506 Graecis
686 2483 757 2506 ex-

93 2525 249 2574 ponitur
269 2519 557 2576 ἄπηρτισμένος
577 2525 644 2565 καὶ
655 2529 757 2576 πλη-

95 2577 169 2631 ρής
204 2576 381 2631 ἀριθμὸς
417 2595 448 2619 s.
477 2577 606 2633 λόγος.
668 2582 757 2620 vid.

95 2636 262 2687 Hesych.
282 2639 300 2673 I
319 2650 409 2688 pag.
430 2637 513 2679 428
538 2639 668 2690 ibique
683 2641 755 2676 Al-

93 2695 211 2738 berti,
247 2694 314 2745 qui
343 2695 442 2732 bene
468 2702 621 2741 monet,
653 2695 756 2746 apud

94 2749 336 2788 Herodotum
367 2749 441 2788 hoc
470 2749 544 2788 dici
573 2750 622 2788 de
641 2753 757 2790 solida

94 2810 305 2859 integraque
329 2820 476 2847 summa.
544 2807 654 2847 Suid.
674 2810 693 2846 1
718 2823 757 2860 p.

813 1445 910 1487 248.
939 1444 1110 1482 Bekkeri
1137 1442 1314 1481 Aneodd.
1342 1445 1360 1479 I
1393 1456 1482 1494 pag,

816 1502 898 1544 416
929 1510 968 1540 et
997 1503 1099 1541 conf.
1131 1509 1229 1539 nott.
1261 1500 1309 1538 ad
1338 1500 1481 1538 Herod.

812 1562 861 1608 H,
887 1560 981 1601 158.

868 1612 1038 1665 κέκτησό
1059 1630 1099 1655 τε
1120 1610 1238 1661 αὐτὸς
1256 1610 1303 1653 τά
1316 1628 1389 1665 περ
1406 1608 1483 1652 αὐ-

812 1669 876 1720 τὸς
891 1670 1092 1725 ἐκτήσαο]
1122 1674 1148 1709 i.
1172 1685 1205 1708 e.
1230 1676 1263 1709 et
1285 1671 1380 1708 solus
1398 1684 1482 1720 pos-

811 1731 924 1768 sirleto
940 1760 949 1778 ‚
1009 1743 1098 1780 quae
1150 1732 1294 1766 tutemet
1322 1728 1391 1765 tibi
1413 1740 1482 1777 pa-

810 1789 916 1824 rasti.
975 1788 1032 1823 Ita
1077 1785 1261 1825 Valcken.
1298 1784 1346 1821 de
1373 1784 1481 1821 verbi

811 1846 985 1883 κτᾶσθαι
1006 1844 1163 1880 notione
1184 1852 1380 1892 exponens
1393 1870 1403 1887 ,
1433 1839 1482 1877 de

814 1913 890 1952 qua
905 1901 1015 1951 plura
1030 1898 1229 1949 vid.*apud
1249 1897 1410 1948 Raphel.
1432 1896 1482 1933 ad

811 1959 906 1993 Luc.
943 1958 1030 2003 XII,
1056 1959 1107 1996 12
1137 1962 1173 1992 et
1206 1956 1400 1992 wetsten.
1432 1952 1481 1990 ad

812 2011 949 2050 Matth.
980 2014 1031 2060 X,
1065 2015 1105 2053 9.
1140 2034 1192 2040 —-
1230 2013 1275 2048 In
1305 2011 1480 2062 proxime

813 2083 920 2122 seqq.
941 2069 980 2116 ἐς
1011 2066 1054 2108 τὸ
1079 2065 1226 2119 παρεὸν
1254 2069 1355 2105 valet
1374 2081 1478 2114 nunc,

813 2129 849 2164 in
874 2128 1093 2177 praesentia,
1108 2132 1152 2162 ut
1172 2126 1271 2172 VIII,
1294 2127 1387 2166 109.
1408 2125 1477 2171 ΙΧ,

812 2186 863 2223 7.·
895 2183 935 2230 ἐς
958 2180 1104 2233 χρόνον
1122 2185 1375 2232 inposterum,
1405 2194 1480 2218 no·
1518 2219 1524 2224 ,

811 2247 917 2277 tante
949 2237 1117 2276 Fischer.
1149 2238 1199 2276 ad
1227 2239 1390 2277 Weller.
1426 2239 1479 2274 111

812 2310 902 2348 pag.
958 2296 1048 2338 157.
1116 2297 1210 2333 Eius
1248 2296 1334 2333 Ioco
1374 2295 1479 2348 quod

812 2356 852 2390 in
875 2353 1024 2390 duobus
1046 2352 1160 2390 codd.
1190 2354 1328 2390 Pariss.
1360 2359 1479 2390 exstat

812 2410 853 2458 ἐς
870 2408 914 2451 τὸ
938 2409 1094 2462 μέλλον,
1114 2411 1279 2460 glossam
1302 2411 1411 2461 sapit.

1031 2534 1124 2586 cap.
1139 2535 1270 2572 xxx.

858 2634 1049 2686 ”Αναυα]
1063 2639 1163 2674 Hinc
1183 2636 1292 2673 affert
1311 2633 1477 2685 Stepha—

811 2708 884 2732 uus
925 2696 1086 2746 Byzant.
1117 2708 1148 2731 s.
1178 2707 1215 2730 v.
1255 2704 1341 2743 pag.
1385 2692 1477 2731 128·

812 2752 929 2788 Plura
985 2750 1165 2804 equidem
1214 2748 1348 2786 afferre
1398 2759 1476 2784 nou

814 2806 953 2845 habeo.
