1870 3249
554 198 585 238 E
614 198 648 237 R
677 197 711 238 ,A
740 196 778 238 Τ
809 196 854 236 Ο.
913 195 984 236 vl.
1316 191 1400 236 239

135 311 520 369 ,,παραδῶσομεν.“
574 311 631 353 Οἱ
657 311 736 366 μὲν
767 309 820 365 δὴ
852 310 999 365 ἔλεγον
1031 311 1186 352 ταῦτα·
1232 310 1321 351 τῶν
1351 305 1398 350 δὲ
1455 316 1647 353 adoptarum,

127 382 284 427 Ἰώνων
300 382 344 424 οί
359 381 566 434 τύραννοι
589 379 826 433 διέπεμπον
844 376 1004 429 νυκτός
1023 377 1203 428 ἕκαστος
1231 376 1275 427 ἐς
1292 373 1396 426 τούς

131 450 297 497 ἑωυτοῦ
326 446 693 504 ἐξαγγελλόμενος.
753 448 796 490 οἱ
836 446 882 489 δὲ
908 444 1072 496 Ἴωνες,
1111 446 1152 496 ἐς
1188 443 1293 495 τούς
1321 443 1396 487 καὶ

102 517 343 563 Ξᾶπίκοντο
381 512 512 561 αὗται
548 518 604 573 ιαἱ
643 515 859 571 ἀγγελίαι,
896 511 1189 570 ἀγνωμοσύνῃ
1226 528 1270 555 τε
1311 513 1397 556 διε-

128 585 330 643 χρέωντο,
358 585 434 628 καὶ
463 582 516 629 οὐ
548 586 780 639 προσίεντο
809 582 889 638 τὴν
916 582 1180 636 προδοσίην·
1221 580 1396 624 ἑωυτοῖ-

130 656 174 697 σί
201 669 245 697 τε
294 653 470 697 ἕκαστοι
505 650 684 697 ἐδόκεον
720 650 925 706 μούνοισι
953 653 1091 692 ταῦτα
1136 647 1244 699 τους
1287 647 1452 702 Πέρ-25

100 728 213 772 Βσας
241 721 578 777 ἐξαγγέλλεσθαι.
631 722 768 762 ταῦτα
805 717 885 774 μέν
924 734 1009 760 νυν
1037 717 1167 767 ἰθέως
1197 714 1395 771 ἀπικομέ-

128 805 221 832 νων
249 789 292 840 ἐς
321 789 400 845 τὴν
430 791 631 844 Μίλητον
658 791 749 830 τῶν
785 786 989 840 Περσέων
1018 784 1192 840 ἐγίνετο.

213 855 338 900 [Ἀετοὶ
372 857 440 908 δὲ,
470 861 558 900 τῶν
584 854 743 899 Ἰώνων
774 854 1096 910 συλλεχθέντων
1127 853 1168 903 ἐς
1196 853 1276 909 τὴν
1307 850 1392 895 Λά
1449 859 1708 920 g‘,‡,¹¹¹,¹,¹',¹,¹;¹0}2{3¹¹³

129 927 235 982 δην,
271 924 469 980 ἐγίνοντο
513 923 694 980 οἷγοραί·
725 924 799 967 καὶ
840 922 894 979 δή
935 920 1020 965 κου’
1059 934 1138 976 σφι
1167 922 1239 963 καὶ
1271 919 1393 964 ἄλλοι
1450 932 1590 963 auctore,

127 990 405 1048 ἠγορόωντο,
459 992 508 1036 ἐν
547 993 594 1036 δὲ
635 991 688 1048 δὴ
731 992 804 1035 καὶ
845 991 869 1034 ὁ
907 988 1116 1039 Φωκαεὺς
1153 988 1449 1044 στρατηγός-30

98 1059 392 1112 ΞΔιονύσιος,
441 1061 582 1116 λέγων
625 1061 751 1103 τάδε’
800 1058 919 1112 ,,Ἐπὶ
957 1058 1094 1111 ξυροῦ
1134 1056 1216 1112 γὰρ
1257 1056 1396 1113 ἀκμῆς

127 1129 290 1185 ,,ἔχεται
318 1127 424 1183 ἡμῖν
451 1127 504 1170 τοὶ
543 1126 795 1183 πρήγματα,
835 1127 988 1180 ἄνδρες
1019 1124 1186 1176 Ἴωνες,
1225 1124 1254 1181 ἢ
1283 1123 1396 1168 εἶναι

125 1196 420 1251 ,,έλευθέροισι
458 1195 487 1252 ἢ
523 1194 746 1250 δούλοισι,
799 1196 868 1240 καὶ
913 1193 1110 1238 τούτοισι
1140 1192 1198 1245 ὠς
1243 1193 1396 1249 δρηπέ-

4 325 68 370 10

0 869 58 912 ll

36 1342 346 1394 ἶοἷνοισσιτοὲσιτους
392 1345 467 1395 IV,
517 1346 600 1388 204
638 1347 731 1400 ibiq.

68 1411 166 1444 nott.

316 1484 408 1535 Cap.
430 1484 482 1520 X.

124 1567 390 1629 οἷγνωμοσύνῃ
413 1588 459 1623 τε
474 1571 726 1624 διεχρέωντο]

66 1629 139 1668 Le.
159 1631 286 1681 firme,
309 1633 476 1668 tenaciter
493 1633 531 1668 in
550 1633 730 1681 proposito

67 1700 130 1723 suo
142 1689 392 1737 perstiterunt,
421 1686 518 1724 nihil
548 1687 727 1725 cedentes

66 1745 221 1780 nuntiis.
281 1744 367 1781 Vid.
395 1745 458 1792 IV,
490 1746 557 1785 93.
580 1745 624 1792 V,
657 1747 724 1786 83.

66 1800 210 1836 Parum
220 1800 371 1837 videtur
382 1802 457 1838 loci
471 1813 626 1838 sensum
636 1814 727 1851 per-

67 1857 232 1906 spexisse
251 1856 496 1894 Hoffmeister
512 1858 538 1894 l.
550 1858 576 1896 l.
597 1872 637 1908 p.
659 1855 726 1907 41,

68 1913 135 1948 ubi
153 1912 391 1950 Herodotum
411 1913 603 1950 dicentem
623 1914 726 1962 facit,

68 1969 178 2005 Iones
193 1968 457 2020 imprudenter
467 1971 600 2021 egisse,
621 1971 726 2022 quod

68 2024 349 2064 conditionibus
368 2028 569 2078 propositis
608 2026 725 2064 ditio-

65 2094 158 2118 nem
205 2084 374 2134 recipere
421 2084 626 2122 noluerint.
664 2106 722 2112 -——

65 2137 128 2175 Ad
138 2140 253 2176 verba
273 2142 396 2179 ταῦτα
418 2140 490 2191 μέν
512 2155 587 2179 νυν
602 2139 726 2189 ἰθέως

65 2190 373 2246 οἷπικομένωνκ.
394 2211 416 2234 τ
450 2199 484 2236 λ.
514 2197 563 2234 cf.
585 2196 723 2236 Matth.

65 2252 131 2290 Gr.
150 2253 216 2292 Gr.
235 2265 276 2304 p.
297 2251 419 2294 1114

302 2355 395 2406 Cap.
415 2356 485 2392 XI.

118 2415 207 2460 Ἐπὶ
222 2422 346 2489 ξυροῦ
356 2438 432 2474 γαρ
447 2419 577 2474 α’κμῆς
599 2420 723 2474 ἔχεται

63 2475 162 2529 ἡμῖν
182 2493 230 2516 τα
251 2476 490 2531 πρήγματα]
529 2480 554 2517 i.
577 2492 612 2518 e..
641 2493 724 2517 nam.

64 2536 101 2571 in
117 2535 312 2572 novaculae
330 2539 405 2573 acie
422 2536 449 2573 i.
479 2549 513 2576 e.
536 2537 576 2572 in
591 2549 723 2574 summo

62 2590 261 2629 discrimine
287 2604 339 2629 res
368 2596 507 2630 nostrae
524 2597 722 2631 versantur.

63 2648 121 2684 De
140 2649 324 2699 particula
343 2663 418 2699 γαρ
448 2650 626 2686 orationis
645 2650 723 2686 ini-

63 2705 116 2741 tio
136 2706 230 2755 poni
248 2705 358 2742 solita
376 2707 598 2742 monuimus
617 2705 667 2743 ad
690 2707 720 2753 1,

63 2762 102 2808 8,
131 2763 357 2814 monuitque
392 2764 640 2812 Hoogeveen.
673 2762 721 2799 ad

63 2816 188 2868 Viger.
208 2832 246 2869 p.
277 2818 359 2860 495
387 2817 499 2857 huius
528 2819 602 2857 loci
630 2831 721 2856 sen-

790 1345 952 1382 tentiam
994 1345 1093 1382 bene
1139 1344 1192 1380 ite
1238 1344 1451 1381 illustrans:

788 1415 882 1439 nunc
907 1415 990 1439 sane
1021 1401 1222 1439 subeundus
1241 1405 1291 1438 est
1325 1402 1467 1450 labor3'

788 1472 890 1506 nam,
923 1460 984 1497 vel
996 1461 1158 1509 quoniam
1176 1461 1215 1495 in
1233 1471 1364 1495 summo
1382 1472 1448 1509 pe-

787 1516 899 1553 riculo
923 1529 978 1554 res
1008 1519 1146 1552 nostrae
1171 1519 1253 1552 sunt
1273 1517 1446 1552 constitu-

787 1577 856 1610 tae.
913 1574 1168 1610 Locutionem
1217 1571 1282 1611 ἐπὶ
1320 1573 1446 1623 ξυροῦ

787 1625 920 1679 οἷκμῆς
955 1631 1191 1667 illustrarunt
1220 1630 1386 1667 Wessel.
1408 1636 1446 1666 et

785 1686 971 1726 Valcken.
990 1686 1039 1724 ad
1057 1685 1097 1726 h.
1118 1687 1144 1725 l.
1167 1687 1293 1724 collat.
1314 1687 1444 1736 Viger.

781 1757 869 1795 pag.
892 1746 987 1784 609.
1043 1745 1101 1781 Ac
1128 1744 1324 1793 Longinus
1344 1755 1446 1795 quo-

784 1814 859 1852 que
879 1802 937 1837 De
956 1801 1110 1838 sublim.
1130 1801 1257 1847 XXII,
1274 1799 1299 1839 4
1313 1813 1444 1850 respe-

781 1859 839 1893 xit
859 1856 1075 1894 Herodotea
1087 1885 1097 1904 ,
1136 1870 1234 1908 quae
1254 1857 1316 1893 vel
1334 1857 1443 1893 Livio

784 1914 981 1950 obversata
1000 1914 1115 1950 fuisse
1136 1912 1267 1950 credas
1287 1914 1338 1950 ita
1347 1914 1442 1950 scri-

782 1970 887 2006 benti
907 1970 1093 2017 XXXIX,
1112 1972 1186 2010 17:
1226 1973 1296 2016 „in
1315 1970 1443 2007 discr-1·-

781 2028 872 2063 mine
898 2030 948 2064 est
975 2039 1068 2064 nunc
1094 2026 1286 2064 humanum
1313 2039 1440 2076 genus,

781 2089 912 2120 utrum
942 2096 1009 2120 vos
1032 2096 1081 2120 an
1110 2082 1442 2133 Carthaginienses

780 2141 971 2190 principes
991 2141 1092 2177 orbis
1121 2147 1308 2177 terrarum
1331 2139 1443 2178 vide-

780 2198 858 2238 at.“
892 2198 1069 2249 Namque
1080 2195 1175 2235 haec
1189 2198 1343 2245 locutio,
1366 2196 1442 2249 quai

778 2266 976 2290 summum
1016 2267 1145 2290 rerum
1174 2253 1376 2291 discrimen
1397 2267 1441 2291 ao

778 2311 991 2361 periculum
1002 2311 1229 2361 proverbiali
1235 2312 1315 2348 fere
1324 2310 1442 2348 modo

781 2368 1009 2418 exprimitur
1028 2397 1038 2415 ‚
1082 2368 1144 2405 vel
1188 2381 1238 2405 ex
1270 2369 1440 2405 Homero

780 2426 900 2474 repeti
915 2431 1055 2475 potest,
1086 2426 1153 2475 qui
1167 2424 1213 2461 ea
1231 2438 1321 2462 usus
1336 2426 1379 2463 ΙΙ.
1390 2426 1441 2472 X,

782 2483 875 2521 173.
895 2479 1188 2532 Add.Theogn.
1202 2482 1297 2522 557.
1319 2481 1439 2531 (551)

778 2537 909 2589 ibique
958 2536 1159 2575 Welcker.
1212 2539 1348 2590 SyneS.
1382 2539 1440 2574 De

779 2606 899 2644 regno
919 2608 958 2644 p.
980 2597 1031 2635 21
1049 2596 1096 2632 Β.
1118 2594 1231 2645 (cap.
1253 2596 1336 2642 20)
1365 2594 1439 2630 ibi-

779 2663 854 2702 que
878 2652 1105 2701 Krabinger.
1136 2665 1224 2701 pag.
1255 2651 1354 2697 285,
1387 2663 1437 2686 ne

776 2707 884 2757 plura
924 2709 964 2743 in
1005 2707 1170 2744 sormnlit
1210 2707 1437 2757 proverbiali

776 2776 880 2800 nunc
910 2762 1067 2815 quidem
1104 2764 1192 2800 satis
1226 2763 1328 2803 notai.
1380 2785 1436 2790 —

775 2820 833 2856 De
874 2819 1007 2858 dativis
1055 2820 1370 2872 subsequentibus
1407 2815 1437 2870 ἢ
