1851 3181
109 666 262 697 apparatu
278 671 335 697 per

111 696 345 731 quadriennium

441 257 526 296 472

840 258 1304 295 HERODOTI

441 367 588 408 πᾶσαν
623 363 693 407 ἐπὶ
731 367 845 409 τοῖσι
875 366 1160 423 εἰρημένοισι,
1197 366 1341 411 θέλων
1372 366 1502 420 αὐτὸς
1531 367 1708 422 ἕκαστος

439 432 493 475 τοὶ
522 432 783 487 προκείμενα
813 435 935 489 δῶρα
963 438 1131 491 λαβεῖν·
1181 436 1255 479 καὶ
1292 435 1453 492 Ξέρξης
1481 441 1560 480 τοῦ
1581 449 1708 491 στρα-

439 502 521 543 τοῦ
560 499 676 543 οὕτω
715 499 946 557 ἐπάγερσιν
977 502 1189 553 ποιέεται,
1227 507 1375 560 χῶρον
1407 503 1550 548 πάντα
1592 505 1709 560 ἐρευ-

108 628 118 655 1
202 627 258 656 sb
280 564 379 655 πῃ)
435 571 527 610 ’νῶν
556 571 631 622 τῆς
659 567 852 624 ἠπείρου·
906 569 1008 614 Ἀπὸ
1038 569 1121 625 7039
1152 570 1379 626 Αἰγύπτου
1410 571 1610 623 ἁλώσιος,
1640 573 1711 617 ἐπὶ
1766 573 1842 615 520

121 635 225 664 ngenl
263 637 278 655 e
305 637 352 656 100

441 634 522 691 μὲν
556 636 738 691 τέσσερα
775 636 870 681 ἔτεα
908 637 1073 696 πλήρεα
1109 639 1372 695 παραρτέετο
1413 639 1618 696 στρατιήν
1665 656 1710 685 τε

386 828 517 859 sonat:
547 835 584 860 re
599 827 762 874 peracta.
820 825 952 874 Lange
963 837 1051 862 ver-

385 879 522 916 nacule
542 881 594 917 sic
616 881 822 932 expressit:
855 881 930 918 und
947 881 1051 918 suck-

386 938 443 972 ten
469 938 531 972 mit
555 937 659 974 aliem
693 935 801 988 Ezfer
830 937 905 975 dem
922 937 1051 988 Befehl

384 993 691 1031 nachzukommen.
722 1016 778 1021 ——
807 995 853 1030 In
873 1007 980 1046 seqq.
1001 993 1050 1031 ad

386 1050 502 1086 verba
525 1046 640 1097 αὐτὸς
660 1050 823 1097 ἕκαστος
843 1052 891 1088 cf.
912 1050 1049 1088 Matth-

385 1107 453 1147 Gr.
477 1107 542 1145 Gr.
566 1108 606 1152 ξ.
626 1107 708 1149 468
729 1120 819 1158 pag.
841 1110 923 1149 868
946 1115 982 1144 et
1004 1106 1052 1145 ad

387 1175 525 1199 vocem
545 1161 755 1216 ἐπάγερσιν
775 1172 871 1203 nott.
894 1163 943 1201 ad
970 1166 1050 1213 VII,

388 1217 428 1259 5.
484 1221 602 1257 Recte
623 1228 753 1258 autem
773 1220 822 1258 ad
841 1221 954 1258 huius
978 1222 1054 1258 loci

389 1285 662 1326 argumentum
683 1278 858 1315 observat
888 1279 1051 1317 Rennel.

389 1346 477 1383 pag.
488 1333 570 1374 500
590 1347 660 1385 pro
682 1335 925 1371 orientalium
944 1348 1052 1371 more

390 1391 502 1426 sacris
522 1391 637 1426 etiam
657 1391 801 1428 Veteris
813 1392 1053 1428 Testamenti

390 1446 493 1483 libris
515 1448 673 1497 probato
693 1449 862 1498 publicas
891 1449 1054 1485 maximi

390 1505 579 1540 momenti
606 1518 664 1541 res
703 1506 860 1542 somniis
899 1504 1054 1542 decerni

391 1572 602 1611 eorumque
620 1562 901 1612 interpretibus.
941 1562 1052 1599 Conf.

390 1629 504 1666 supra
532 1618 562 1665 I,
598 1620 688 1658 107.
726 1621 817 1659 108.
850 1622 944 1659 110.
1002 1620 1053 1655 Et

392 1674 475 1724 quis
506 1674 545 1709 in
574 1674 711 1711 talibus
739 1676 850 1726 plura
888 1676 1056 1728 requirat

391 1727 637 1768 testimonia?

625 1819 715 1871 Cap.
745 1821 836 1860 XX.

450 1895 516 1937 ἐπὶ
534 1896 604 1949 μὲν
617 1898 780 1950 τέσσερα
799 1899 886 1939 ἔτεα
900 1895 1057 1952 πλήρεα

394 1954 632 2007 παραρτέετο
649 1954 836 2009 στρατιήν
864 1970 905 1995 τε
922 1955 989 1995 καὶ
1010 1953 1059 1994 to?

395 2009 609 2063 πρόσφορα
637 2015 688 2066 τῇ
712 2014 903 2067 στρατιῇ]
934 2015 1060 2049 Hero-

397 2066 478 2104 doti
515 2070 680 2106 calculos
723 2070 755 2106 si
791 2069 1060 2116 subducemus,

397 2126 594 2174 apparebit
623 2126 804 2163 undecimo
843 2139 944 2163 anno
977 2132 1062 2176 post

396 2179 677 2218 Marathoniam
696 2196 868 2233 pugnam
888 2184 1061 2219 Xerxem

399 2236 685 2287 expeditionem
713 2240 753 2275 in
781 2241 946 2276 Graecos
977 2253 1062 2276 sus-

399 2294 561 2344 cepisse3
583 2294 687 2345 quod
705 2295 834 2332 decimo
853 2303 937 2346 post
955 2297 1062 2331 illam

400 2349 550 2386 cladem
590 2363 690 2388 anno
725 2351 904 2389 accidisse
933 2352 1062 2388 scribit

400 2405 649 2458 Thucydides
669 2409 698 2455 Ι,
722 2411 772 2449 18
795 2409 878 2445 coll.
896 2409 994 2444 Plat.
1005 2409 1061 2444 De

400 2464 522 2513 Legg.
542 2465 596 2499 111
615 2477 703 2514 pag.
727 2467 820 2505 698.
843 2465 886 2501 C.
907 2463 1062 2501 Aristid.

403 2519 536 2557 Schol.
565 2534 601 2571 p.
622 2523 700 2561 221
719 2522 926 2557 Frommel.
949 2519 1064 2557 Thu-

403 2575 583 2627 cydidem
606 2576 745 2613 reiecta
767 2576 949 2613 Herodoti
978 2590 1063 2614 sen-

403 2632 533 2681 tentia,
554 2640 765 2685 sequuntur
785 2635 966 2684 Scaliger,
979 2634 1042 2669 alii
1053 2662 1064 2681 ‚

405 2697 535 2726 contra
566 2703 659 2742 quos
684 2689 849 2741 Alphen.
888 2692 925 2726 in
947 2691 1064 2726 Com-

408 2754 542 2783 mentt.
571 2745 805 2798 Chronolog.
836 2746 884 2783 ad
914 2748 1064 2784 Daniel.

406 2815 488 2852 cap.
520 2805 545 2843 9
575 2805 618 2840 Ρ.
658 2805 711 2840 ΙΙΙ
751 2817 833 2855 cap.
866 2806 890 2843 3
931 2800 1065 2854 (quem

405 2858 548 2897 Duker.
578 2859 707 2898 laudat
734 2860 782 2897 ad
803 2858 1023 2911 Thucydid.
1039 2860 1065 2897 l.

1106 823 1162 874 l.)
1193 824 1291 861 bene
1320 824 1498 872 monuit,
1528 822 1767 876 Thucydidis

1107 882 1223 918 verba
1243 883 1295 917 ita
1315 881 1458 930 exponi
1476 894 1604 931 posse,
1625 889 1669 918 ut
1688 883 1769 917 He-

1107 937 1308 974 rodoteam
1328 938 1515 973 rationem
1526 939 1685 974 minime
1694 939 1770 974 im-

1106 1001 1292 1045 pugnent.
1323 993 1489 1042 Addam,
1513 1008 1609 1046 quae
1630 993 1678 1031 ad
1688 1008 1771 1030 me-

1107 1052 1244 1088 liorem
1279 1057 1500 1100 temporum
1534 1053 1771 1088 notationem

1109 1106 1149 1145 h.
1180 1109 1206 1145 l.
1235 1106 1430 1158 adscripsit
1469 1109 1772 1158 Wesselingius:

1111 1166 1383 1215 „Apparatum
1412 1166 1518 1200 Darii
1546 1164 1595 1201 ad
1626 1177 1773 1202 novum

1109 1222 1150 1258 in
1184 1222 1348 1258 Graecos
1382 1221 1526 1257 bellum
1545 1222 1774 1258 triennalem

1109 1279 1317 1328 signavitc.
1336 1280 1380 1325 13
1414 1276 1626 1328 adiungens
1639 1284 1773 1329 quarto

1111 1341 1196 1385 post
1261 1332 1545 1370 Marathoniam
1599 1347 1773 1385 pugnam

1115 1390 1215 1440 [490
1232 1403 1267 1428 a.
1289 1389 1377 1428 Chr.
1399 1391 1472 1439 n.]
1501 1403 1601 1427 anno
1621 1389 1720 1439 [486
1737 1404 1772 1427 a.

1113 1446 1203 1484 Chr.
1224 1448 1292 1496 n.]
1323 1447 1533 1498 Aegyptios
1553 1446 1775 1494 descivisse3

1108 1511 1194 1541 tum
1213 1504 1391 1554 proximo
1426 1503 1526 1552 [485
1548 1517 1579 1541 a.
1603 1503 1691 1541 Chr.
1712 1505 1775 1553 n.]

1112 1561 1158 1597 ab
1200 1574 1335 1597 eorum
1364 1559 1578 1597 defectione
1615 1561 1777 1597 Darium

1113 1617 1216 1655 diem
1237 1618 1353 1654 obiise
1372 1630 1596 1668 supremum
1626 1631 1710 1668 cap.
1735 1615 1776 1665 4,

1113 1675 1178 1726 qui
1191 1675 1344 1725 quintus
1351 1675 1485 1725 utique
1501 1687 1522 1710 a
1533 1675 1678 1725 proelio
1692 1675 1778 1710 Ma-

1113 1729 1303 1767 rathonio.
1393 1731 1617 1782 Sequuntur
1673 1731 1778 1782 pleni

1115 1794 1279 1839 quatuor
1299 1787 1401 1834 anni,
1423 1799 1443 1822 a
1456 1788 1586 1823 Xerxe
1606 1789 1646 1823 in
1668 1800 1778 1824 com-

1115 1843 1293 1895 parandis
1332 1842 1381 1879 ad
1412 1844 1604 1880 Graecum
1634 1844 1779 1880 bellum

1113 1901 1227 1937 rebus
1269 1900 1433 1937 absumti
1453 1912 1464 1936 :
1530 1899 1692 1954 πέμπτῳ
1736 1897 1780 1939 δὲ

1117 1956 1196 1997 ἔτεϊ
1209 1957 1364 1994 volvente
1383 1957 1461 1994 sive
1476 1956 1681 2007 procedente
1689 1970 1780 1994 anno

1117 2016 1252 2064 quinto,
1272 2027 1342 2050 rex
1359 2014 1475 2050 Persa
1496 2013 1781 2064 expeditionem

1115 2069 1350 2120 ingrediturr,
1389 2069 1612 2122 delatusque
1642 2069 1781 2107 Sardes

1119 2127 1217 2176 [481
1243 2139 1265 2163 a
1287 2125 1374 2164 Chr.
1392 2126 1451 2174 n.]
1484 2134 1570 2177 post
1602 2128 1674 2164 iter
1692 2128 1781 2164 lon-

1118 2196 1213 2234 gum
1251 2183 1508 2234 interquiescit
1555 2196 1599 2220 ac
1637 2182 1781 2220 ibidem

1118 2239 1289 2276 hiemem
1327 2240 1499 2288 transigit
1530 2253 1561 2278 c.
1583 2242 1664 2283 32,
1693 2253 1782 2277 vere

1119 2295 1546 2342 deindeineunte'[480
1567 2308 1600 2332 a.
1622 2294 1783 2345 Chr.n.]

1119 2351 1303 2403 Abydum
1342 2351 1591 2402 proficiscitur
1637 2365 1671 2390 c.
1711 2355 1782 2394 37.

1119 2407 1232 2445 Unde
1270 2421 1507 2460 consequens
1526 2407 1699 2457 videtur,
1739 2415 1782 2446 ut

1120 2477 1190 2516 pro
1211 2465 1396 2501 Herodoti
1416 2465 1623 2502 rationibus
1639 2479 1782 2503 rexun-

1120 2522 1248 2558 decimo
1280 2529 1363 2572 post
1391 2520 1672 2559 Marathoniam
1700 2523 1780 2559 cla-

1121 2577 1210 2614 dem
1234 2591 1335 2615 anno
1356 2579 1396 2614 in
1408 2579 1605 2629 Europam
1618 2574 1780 2615 {noverit

1121 2636 1378 2687 Graecosque.
1404 2635 1515 2671 Certe
1535 2636 1671 2672 Iuliani
1682 2637 1779 2684 Imp.

1122 2692 1185 2728 Or.
1205 2693 1222 2727 Ι
1242 2704 1330 2741 pag.
1361 2690 1415 2732 42
1436 2691 1479 2732 C.
1510 2688 1654 2744 χρόνος
1681 2689 1779 2730 ἐτῶν

1122 2744 1196 2786 οὐκ
1228 2744 1406 2786 ἐλάσσων
1432 2745 1544 2794 δέκα,
1594 2760 1615 2784 a
1649 2748 1779 2783 Xerxe

1122 2804 1259 2840 inbelli
1279 2810 1459 2854 apparatu
1473 2804 1656 2840 insumtus
1676 2816 1778 2839 nun-

1123 2873 1239 2913 quam
1259 2859 1451 2911 procedet,
1472 2860 1542 2898 nisi
1551 2859 1653 2896 Darii
1666 2860 1778 2911 quin-
