1834 3258
552 204 852 240 ERATO.

914 205 943 241 V
957 206 985 240 Ι.
1322 206 1406 246 349

92 316 134 350 13
224 310 390 357 ,,Γλαῦκ’
416 309 664 355 Ἐπικυδείδη,
705 309 748 346 τὸ
781 309 847 355 μὲν
875 310 1009 347 αὐτίκα
1032 311 1180 357 κέρδιον
1203 309 1302 348 οὕτω

228 367 351 415 ,,ὁ’ρκῳ
377 369 542 418 νικῆσέκι,
566 367 630 403 καὶ
653 366 822 413 χρήματα
846 368 1077 412 ληΐσσασθαι.

225 424 393 470 ,ξΌμνυ’·
417 425 496 460 ἐπεὶ
519 423 688 466 θάνατός
710 438 750 471 γε
773 427 836 462 καὶ
861 422 1016 470 εὔορκον
1035 425 1137 471 μένει
1159 423 1292 472 ἄνδρα.
1417 430 1462 463 60

90 487 133 521 14
224 481 340 526 ,,Ἀλλ’
357 479 499 528 ΓὈρκου
523 481 614 524 πάϊς
637 481 736 518 ἐστὶν
760 481 975 527 ἀνώνυμος,
1001 481 1090 520 οὐδ’
1115 483 1175 519 ἔπι
1196 489 1323 530 χεῖρες,

85 659 176 708 ται]
216 661 241 696 i.
264 673 297 695 e.
329 672 378 695 an
404 659 437 695 ei
464 658 583 696 liceret
611 660 743 696 iureiu-

84 717 196 754 rando
214 716 306 753 edito
338 714 403 764 (se
431 716 510 752 sciJ.
532 728 610 752 non
633 729 745 752 acce-

84 775 180 825 pisse
209 774 296 810 istas
328 774 508 823 pecunias
529 774 569 808 in
591 772 744 823 deposi—

83 830 253 880 uunssms
268 832 487 867 intervertere
499 828 742 880 (s.p1'aedari)

77 889 259 937 pecunias.
355 887 490 923 Futuri
538 886 742 923 indicativo

81 944 256 993 ληΐσεται
285 945 420 979 Noster
451 944 589 991 utitur,
623 956 744 995 quum

82 1013 162 1037 non
193 999 285 1052 quid
316 1007 488 1051 oporteat
515 1000 598 1036 fieri
617 1027 633 1045 ,
675 999 742 1037 sed

83 1057 175 1109 quid
207 1058 377 1093 futurum
408 1058 472 1103 sit,
513 1064 740 1108 quaeratur:

83 1113 185 1165 quod
199 1115 313 1150 etiam
322 1115 457 1149 Latine
478 1127 547 1163 per
569 1114 743 1149 futurum

80 1169 239 1207 reddere
258 1171 347 1207 licet
367 1170 383 1219 (
400 1183 447 1206 an
459 1192 516 1196 ——
530 1171 743 1207 interversa-

81 1241 143 1265 rus
172 1229 219 1265 sit
243 1226 462 1278 pecunias).
520 1228 619 1264 Hinc
647 1240 742 1264 0011-

80 1285 275 1332 iunctivo,
316 1297 433 1336 quem
466 1285 600 1334 reponi
619 1285 740 1322 voluit

36 1369 43 1372 1
79 1341 248 1380 Werfer.
285 1341 325 1377 in
364 1342 465 1378 Actt.
504 1339 613 1391 phill.
651 1342 740 1378 Μο-

79 1411 186 1435 nacc.
207 1400 225 1434 I
253 1410 340 1448 pag.
370 1396 450 1439 234
480 1411 558 1450 seq.
579 1399 740 1434 minime

80 1468 174 1506 opus
188 1485 197 1503 ‚
237 1461 340 1491 recte
368 1462 550 1491 monente
572 1456 619 1492 G.
639 1457 740 1492 Her—

79 1525 223 1548 manno
257 1513 297 1547 in
338 1511 500 1562 Opusoc.
530 1513 582 1548 IV
611 1525 649 1563 p.
672 1514 741 1552 92.

77 1569 128 1605 Et
149 1568 249 1605 conf.
271 1568 413 1605 Herod.
433 1569 496 1616 VI,
520 1568 611 1609 135.
633 1567 742 1605 Bek-

79 1623 162 1665 ker.
196 1624 301 1662 dedit
320 1625 504 1676 ληΐσηται
534 1624 622 1676 (pro
653 1626 742 1676 ληΐ-

81 1681 231 1732 σεται).
269 1682 401 1733 Ipsum
428 1683 590 1719 verbum
611 1684 741 1733 ληΐζε-

79 1742 180 1778 σθαι
198 1739 315 1788 vulgo
332 1739 555 1789 praedandi,
577 1739 744 1790 rapiendi

78 1796 304 1846 significatu,
329 1802 372 1832 ut
391 1797 456 1843 111,
479 1794 545 1835 47.
565 1797 629 1844 IV,
645 1794 737 1837 145.

79 1851 174 1888 Iude
195 1853 234 1888 in
252 1854 331 1902 ipso
345 1853 497 1888 oraculo
507 1848 610 1904 ὅρκῳ
622 1854 738 1902 νικῆ-

81 1921 146 1947 σαι
156 1909 256 1946 valet
278 1907 505 1945 iureiurando
520 1909 613 1945 edito
624 1911 738 1945 victo-

79 1976 150 2001 rem
161 1965 303 2002 evadere
320 1962 389 2001 hac
404 1965 527 2000 exlite
539 1978 568 2001 s.
581 1972 737 2001 contro-

79 2022 198 2058 versia
215 2020 262 2058 de
274 2022 443 2072 pecuniis
455 2019 630 2071 depositis
642 2028 737 2058 orta.

78 2076 141 2114 Ad
152 2079 225 2115 loci
233 2079 459 2115 sententiam
470 2078 568 2114 bene
579 2079 631 2115 sic
652 2077 739 2115 Val-

78 2133 191 2172 cken..·
240 2163 265 2182 ,‚
281 2135 479 2177 Quaerebat
515 2135 737 2184 Spartanus,

78 2204 176 2243 quae
211 2189 381 2228 Numinis
415 2194 502 2228 esset
534 2190 662 2236 Mens;
702 2198 738 2228 et

76 2261 125 2285 an
136 2248 205 2285 2koc
224 2248 285 2285 illi
291 2248 442 2298 facinus
457 2248 620 2285 suaderet
632 2248 738 2297 Apol-

77 2304 139 2342 lo?
167 2304 378 2341 secundum
393 2306 526 2341 Iuven.
539 2305 620 2342 Sat.
630 2306 735 2353 XIII,

76 2363 159 2400 202
172 2390 181 2408 ‚
230 2362 307 2398 ubi
351 2361 546 2398 historiam
587 2368 738 2399 enarrat

77 2415 207 2454 Schol.
245 2431 293 2454 ex
330 2417 470 2455 Herod.
538 2414 735 2455 Eximium

78 2472 182 2524 quod
196 2475 366 2525 sequitur
390 2475 586 2512 oraculum
600 2477 738 2526 attige-

76 2536 164 2567 runt
185 2530 351 2580 [praeter
378 2530 640 2580 Eustaffiium,
671 2532 738 2584 qui

77 2588 220 2623 oraculi
239 2594 388 2638 partem
415 2585 529 2624 habet
549 2587 597 2625 ad
617 2589 660 2625 ΙΙ.
681 2590 737 2625 111

75 2655 114 2693 p.
125 2642 206 2683 414
216 2657 245 2680 s.
259 2643 352 2690 314,
367 2645 419 2684 39
443 2650 479 2679 et
489 2645 600 2684 Dion.
612 2643 737 2696 Chry-

78 2707 180 2746 sost.‚
210 2701 276 2751 qui
307 2701 370 2737 Or.
400 2701 524 2737 LXIV
539 2713 626 2750 pag.
655 2702 736 2742 640

78 2756 193 2793 verba
213 2758 313 2793 tertii
333 2757 507 2794 versiculi
534 2764 570 2793 et
590 2757 736 2809 reliqua

79 2813 190 2862 citat]
245 2814 359 2850 etiam
398 2813 575 2850 Clemens
622 2814 734 2851 Alex.

801 659 946 696 Strom.
977 660 1028 696 VI
1057 673 1093 710 p.
1121 657 1201 700 749
1231 666 1268 696 et
1294 661 1457 698 Pausan.

799 717 847 763 II,
887 718 935 756 18
970 718 1007 761 ξ.
1030 718 1068 756 9.
1097 717 1196 764 VIII,
1219 720 1243 757 7
1266 716 1349 764 fin„
1371 730 1460 754 ver-

799 786 883 809 sum
920 771 1008 809 hinc
1049 774 1217 810 excitans
1254 774 1458 811 ultimum:

797 825 958 881 Ἀνδρὸς
990 825 1024 868 δ’
1055 826 1221 880 εὐόρκου
1252 827 1365 881 γενεή
1391 844 1459 881 με-

800 883 994 925 τόπισθεν
1025 882 1192 938 οἷρείων,
1234 888 1300 938 qui
1334 894 1388 923 est
1422 888 1461 923 iu

800 942 954 979 Hesiod.
966 939 1068 994 Ἐργ.
1081 958 1114 981 κ.
1129 942 1215 993 Hu-
1226 957 1322 980 vers.
1334 943 1458 984 285.“

800 1001 864 1036 Tu
897 999 984 1036 add.
1025 999 1179 1036 Pindar.
1210 1001 1267 1036 Ol.
1297 1002 1354 1036 XI
1383 1000 1458 1051 (X)

801 1059 854 1097 87
869 1055 1043 1094 Boeo-kh.
1066 1057 1195 1107 ibique
1216 1058 1348 1093 Dissen
1372 1059 1459 1109 (qui

800 1113 898 1149 bene
920 1114 1008 1149 citat
1030 1114 1071 1149 C.
1087 1113 1291 1151 omnnem
1314 1114 1353 1149 in
1366 1115 1458 1151 Dor.

797 1170 833 1204 II
853 1183 891 1219 p.
927 1168 1037 1219 192).
1083 1171 1181 1205 Nam
1201 1169 1305 1206 haud
1339 1170 1460 1206 infre-

799 1239 920 1278 quens
948 1227 1018 1262 ista
1052 1227 1237 1263 sententia
1260 1226 1363 1277 apud
1391 1240 1459 1264 ve-

797 1289 895 1319 teres
917 1283 1094 1330 Graecos,
1117 1283 1253 1335 quibus
1273 1283 1369 1319 nihil
1389 1285 1459 1320 tri-

795 1341 886 1377 stius
907 1338 1126 1388 videbatur,
1166 1353 1284 1392 quam
1311 1341 1459 1377 nullam

795 1395 937 1433 habere
956 1398 1117 1448 prolem.
1167 1398 1342 1443 Quocum
1364 1410 1459 1434 con-

796 1455 971 1491 iunctum
993 1461 1046 1491 est
1066 1453 1162 1491 illud
1178 1484 1187 1502 ‚
1210 1453 1314 1507 quod
1334 1455 1458 1491 maio-

797 1524 885 1548 rum
905 1512 1072 1548 facinora
1082 1512 1121 1548 in
1141 1513 1298 1562 posteris
1318 1513 1457 1562 puniri,

797 1569 968 1619 inprimis
998 1569 1230 1619 periurium,
1262 1570 1460 1606 existima-

796 1625 902 1662 bant.
962 1626 1019 1662 Cf.
1043 1626 1202 1663 Siebelis
1224 1625 1270 1662 ac]
1292 1627 1457 1662 Pausan.

795 1682 821 1719 l.
841 1683 868 1719 l.
888 1695 977 1733 pag.
1003 1685 1086 1724 206
1118 1689 1154 1719 et
1184 1684 1311 1734 ipsum
1332 1685 1459 1719 Hero-

758 1740 763 1744 ’
797 1737 931 1776 dotum
954 1740 1032 1786 VII,
1058 1742 1150 1780 137·

852 1792 896 1835 ‘cd
917 1793 989 1846 μὲν
1011 1791 1153 1834 αὐτίκα
1172 1794 1332 1847 κέρδιον
1359 1810 1395 1833 κ.
1426 1810 1458 1832 τ.

794 1852 850 1900 λ.]
884 1853 1036 1889 Oraculi
1055 1865 1184 1889 sensus
1198 1859 1253 1889 est
1269 1864 1279 1888 z
1303 1853 1457 1902 inprae-

795 1922 872 1946 sens
897 1909 1033 1958 quidem
1064 1908 1119 1957 (s.
1152 1910 1192 1944 in
1213 1909 1328 1945 breve
1354 1915 1457 1945 tem-

793 1965 892 2016 pus)
938 1964 1077 2015 expedit
1113 1978 1196 2001 sane
1227 1967 1282 2002 ita
1323 1967 1458 2002 iureiu-

796 2021 908 2058 rando
929 2021 1072 2071 (falso)
1106 2022 1197 2058 edito
1233 2024 1365 2059 vincere
1395 2035 1458 2072 pe-

796 2080 986 2128 cuniasque
1009 2081 1240 2117 intervertere.
1273 2079 1347 2115 Ubi
1369 2077 1457 2129 κέρ-

796 2135 883 2174 διον
905 2134 1042 2171 eodem
1060 2134 1177 2172 modo
1200 2134 1347 2183 dicitur,
1379 2148 1455 2186 quo

795 2188 960 2242 ἄμεινον
977 2222 986 2239 ‚
1020 2191 1066 2228 de
1098 2205 1173 2244 quo
1205 2192 1286 2229 dixi
1303 2192 1364 2235 rad
1388 2193 1455 2239 ΙΙΙ,

795 2250 863 2288 71.
919 2250 1004 2300 Ipsa
1024 2262 1102 2287 vox
1122 2247 1279 2300 κέρδιον
1302 2263 1351 2285 ex
1370 2251 1455 2285 Ho-

793 2317 900 2341 mero
935 2307 1022 2342 satis
1070 2312 1174 2343 nota.
1232 2305 1294 2343 Ad
1333 2307 1455 2356 ipsam

792 2363 1020 2398 sententiam
1041 2362 1173 2399 confer
1188 2361 1453 2413 Theognfflea,

793 2432 847 2456 vs.
871 2417 949 2458 140
969 2432 1075 2471 seqq.
1096 2418 1268 2467 Welck.,
1289 2421 1354 2471 qui
1375 2421 1454 2470 ipse

792 2474 1002 2512 Herodotei
1022 2489 1149 2514 versus
1170 2475 1274 2513 haud
1288 2477 1358 2513 fuit
1377 2478 1454 2513 im-

792 2544 956 2568 memor.

851 2583 1099 2641 οἷλλ’”Ὀρκου
1134 2583 1258 2637 πάϊς]
1290 2587 1351 2625 Ad
1382 2600 1453 2624 vo-

793 2658 879 2682 cem
899 2641 996 2691 πάϊς
1020 2645 1120 2684 conf.
1142 2652 1239 2682 nott.
1257 2643 1304 2681 ad
1322 2644 1367 2689 V,
1384 2645 1451 2684 39.

782 2698 938 2751 ε’Ὀρκον
972 2702 1087 2752 ipsius
1129 2702 1297 2738 numinis
1338 2701 1455 2737 instar

794 2756 853 2808 (ut
872 2759 922 2794 ait
932 2759 1164 2808 Wesseling.
1184 2756 1283 2794 adh.
1299 2757 1345 2806 l.)
1357 2769 1453 2793 con-

792 2813 929 2852 siderat
945 2844 954 2862 ‚
996 2827 1112 2867 quem
1144 2820 1280 2865 poetae
1300 2813 1451 2864 fingunt
