1815 3181
411 225 495 267 2:38

815 219 1278 261 HERODOTI

405 333 694 389 ·,,ἆπόστασιν,
733 333 837 378 οὐδέ
872 344 952 388 σφι
993 330 1093 376 οὔτε
1133 331 1187 375 τοὶ
1227 331 1299 388 ἱροὶ
1339 330 1439 376 οὔτε
1487 330 1541 376 τὰ
1578 332 1671 376 ἴδια

409 402 769 460 ,,έμπεπρήσεται,
817 400 921 446 οὐδὲ
968 399 1215 456 βιαιότερον
1254 401 1400 453 ἕξουσι
1437 399 1593 452 ου’δὲν,
1640 417 1668 456 η

1651 400 1671 414 Ἃ

381 471 648 525 5,,πρότερον
672 469 818 526 &fixum
860 468 963 514 εἰδὲ
991 473 1128 512 ταῦτα
1157 470 1237 524 μὲν
1260 469 1315 513 οὐ
1345 468 1593 524 ποιήσουσι,
1626 469 1670 512 οἱ
1682 475 1724 509 15

408 540 483 591 ,,δὲ
519 538 691 589 πάντως
720 536 792 581 διὰ
831 538 966 592 μάχης
994 535 1269 590 ἐλεύσονται,
1299 536 1402 581 τάδε
1423 548 1502 592 σφι
1530 535 1670 592 λέγετε

406 605 734 663 ,,ἐπηρεάζοντες
751 606 900 660 τάπερ
935 605 1072 660 σφέας
1099 606 1284 656 κατέξει·
1321 603 1380 655 ὣς
1408 602 1670 654 ἑσσωθέντες

408 678 486 730 ,,τῇ
515 672 629 730 μάχῃ
668 673 1136 726 ἐξανδραποδιεῦνται,
1173 673 1246 716 καὶ
1284 671 1343 723 ὥς
1378 683 1526 726 σφεων
1563 671 1668 723 τούς

408 743 591 792 „naidas
611 740 810 796 ἐκτομίας
829 741 1085 797 ποιήσομεν,
1113 739 1192 791 τοὶς
1222 740 1267 784 δὲ
1287 739 1540 794 παρθένους
1561 737 1668 783 ἄνα-

406 807 654 860 ,,σπάστους
688 809 732 860 ές
772 809 967 864 Βάκτρα,
1019 808 1094 852 καὶ
1123 807 1183 860 ὥς
1209 808 1289 865 τὴν
1316 807 1464 864 χώρην
1503 805 1725 851 &bazowam

354 973 410 1009 bis
425 987 436 1007 .-
461 967 609 1011 0136}—
626 965 734 1018 οὐδὲ,
757 969 1011 1022 quemadmo-

349 1028 443 1066 dum
463 1025 553 1067 οὔτε
567 1051 606 1055 -
625 1041 666 1066 τε
689 1028 750 1064 vel
772 1028 886 1064 etiam
906 1042 1011 1065 τε·-

349 1083 440 1124 οὕτε
458 1086 505 1122 ab
523 1084 720 1122 Herodoto
749 1097 880 1121 secum
901 1085 1011 1134 iungi

350 1142 548 1194 aliquoties
568 1141 745 1180 vidimus.
779 1142 892 1178 Conf.
912 1148 1008 1178 nott.

350 1197 399 1235 ad
428 1199 491 1245 VI,
529 1201 565 1238 1.
614 1199 658 1234 In
690 1197 883 1235 Plutarch.
924 1199 1009 1235 Nic.

351 1257 401 1295 13
422 1256 504 1293 init.
526 1255 716 1291 invenias:
755 1250 1005 1293 ου’ὁὲ-τε-

348 1311 426 1349 nai.
486 1311 596 1348 Couf.
626 1309 761 1348 Matth.
792 1312 857 1349 Gr.
881 1312 944 1348 Gr.
965 1324 1004 1362 p.

352 1369 473 1407 1120.

404 1420 494 1462 οὔτε
523 1419 571 1462 τοὶ
599 1420 664 1475 ἷρά
703 1419 794 1463 οὔτε
821 1421 868 1462 τοέ
895 1423 1003 1471 ἰ’δια]

347 1478 588 1527 „Herodotus
617 1476 665 1518 τοὶ
697 1477 763 1530 ἱροὶ
793 1487 830 1517 et
847 1477 894 1518 τοέ
921 1480 1005 1518 ἰ’δια

345 1536 516 1572 similiter
534 1537 690 1586 opponit
717 1549 751 1574 c.
775 1540 826 1577 13
849 1544 886 1573 et
905 1537 1004 1585 VIII,

350 1595 443 1633 109.
477 1594 593 1629 Persa
612 1589 659 1630 τοὶ
681 1590 746 1644 ἱροὶ
762 1592 830 1632 καὶ
848 1589 896 1631 τοὶ
922 1593 1004 1631 ἴδιοι

346 1647 390 1687 ἐν
418 1647 544 1702 ὁμοίῳ
573 1648 765 1696 ἐποιέετο,
807 1646 1005 1701 ἐμπιπρὰς

345 1711 418 1741 etc.
446 1704 600 1742 Deorum
630 1705 755 1755 templa
802 1705 1004 1756 designans

346 1773 415 1811 per
443 1758 491 1800 τοὶ
524 1759 612 1812 ἱροὶ,
651 1775 720 1812 per
747 1759 794 1800 τοὶ
821 1762 903 1801 ἰ’δια
924 1775 1006 1799 non

345 1819 581 1868 privatorum
599 1825 751 1855 tantum
771 1819 883 1856 aedes
895 1848 904 1866 ‚
938 1818 1006 1856 sed

347 1876 512 1924 quaevis,
543 1876 694 1925 templis
724 1876 881 1927 aliisque
913 1876 1005 1913 locis

346 1932 458 1967 saeris
487 1933 666 1982 exceptis,
688 1932 854 1983 aedoficia
875 1933 1006 1969 civita-

345 1993 430 2023 tum
447 1989 668 2037 praesertim
684 1989 851 2038 publica,
880 1990 1007 2040 qualia

345 2044 533 2080 veteribus
561 2048 644 2091 τοῖς
675 2044 796 2097 ιεροῖς
833 2047 1007 2096 opposita

347 2094 437 2138 ὅσια
483 2099 708 2137 dicunturf‘
788 2101 1002 2140 Valcken.

346 2156 455 2205 plura
489 2156 666 2194 adficiens
692 2156 739 2194 de
766 2171 862 2195 voce
881 2155 1004 2208 όσιος,

347 2224 446 2263 quae
466 2212 515 2249 ad
534 2213 715 2250 Herodoti
727 2215 856 2251 locum
874 2217 1004 2252 minus

348 2269 550 2318 pertinent.
608 2271 769 2320 Propius
808 2269 884 2309 huc
910 2273 1002 2309 facit

346 2325 506 2372 V1‚25:
537 2322 654 2365 οὔτε
681 2341 707 2377 η
738 2324 855 2374 πόλις
891 2328 944 2376 (i.
965 2342 999 2367 e.

346 2377 394 2419 τοέ
424 2380 534 2431 ἴὸια)
574 2379 692 2421 ου’τε
729 2380 777 2421 τὰ
820 2382 886 2435 ἷρα
916 2385 1002 2424 ἐνε-

346 2432 524 2488 πρησθη.
561 2439 613 2475 At
633 2438 714 2488 VII,
735 2442 760 2479 8
781 2441 819 2485 ξ.
840 2444 864 2481 3
884 2440 1006 2478 Athe-

346 2494 495 2531 nienses
527 2493 705 2532 dicuntur
730 2496 910 2534 Sardium
942 2499 1005 2534 in-

347 2549 517 2587 cendisse
529 2547 576 2589 τά
593 2566 633 2590 τε
645 2549 764 2591 ὄὲλσεα
779 2552 847 2591 καὶ
858 2551 906 2592 τοὶ
923 2551 1004 2606 ἱρά.

347 2607 457 2645 Couf.
480 2614 574 2646 nott.
597 2607 645 2645 ad
670 2607 771 2655 V111,
793 2612 858 2649 13.

401 2660 708 2715 ἐμπεπρήσεται]
738 2666 794 2701 lta
810 2665 1002 2703 Mediceus

347 2731 435 2755 cum
465 2721 582 2757 tribus
614 2722 714 2768 aliis,
745 2722 883 2758 vitante
904 2735 1002 2772 quo-

348 2788 422 2828 que
442 2775 607 2815 Fischer.
628 2778 676 2815 ad
695 2778 857 2816 Weller.
878 2780 943 2825 111,
966 2791 1000 2815 a.

347 2844 384 2881 p.
415 2835 508 2874 161·
566 2835 615 2872 Et
652 2834 848 2886 complura
874 2835 1002 2872 istius·

1066 969 1174 1008 modi
1193 970 1320 1007 futura
1339 969 1449 1007 tertia
1466 968 1604 1021 passivi
1623 974 1725 1005 attu-

1066 1029 1109 1065 lit
1125 1027 1173 1064 ad
1194 1026 1233 1066 h.
1255 1028 1280 1066 l.
1302 1026 1502 1074 Valvken„
1533 1038 1631 1078 quae
1660 1025 1725 1061 fu-

1065 1086 1140 1122 turi
1160 1086 1273 1122 activi
1290 1085 1370 1121 vim
1383 1097 1426 1121 ac
1441 1085 1640 1121 notionem
1655 1080 1725 1118 de-

1065 1143 1221 1179 clarant.
1277 1140 1380 1178 Add.
1413 1139 1548 1178 Matth.
1570 1140 1636 1178 Gr.
1658 1139 1725 1175 Gr.

1066 1200 1102 1244 ξ.
1125 1197 1206 1240 498
1227 1198 1318 1250 ibiq.
1341 1199 1464 1236 citata.
1513 1197 1591 1233 Alii
1610 1194 1723 1233 codd.

1062 1251 1316 1305 ἔμπρήσεται,
1346 1255 1410 1291 alii
1444 1249 1723 1319 ἐμπρήσσεται.

1061 1310 1243 1348 Matthiae
1279 1312 1434 1348 retinuit
1471 1305 1722 1360 ε’μπρήσεται,

1064 1367 1168 1420 quod
1198 1370 1333 1405 Latine
1347 1368 1525 1418 exponit.
1548 1369 1723 1403 incensum

1063 1427 1121 1473 iri,
1143 1438 1233 1461 cum
1245 1421 1533 1476 ἐμπεπρήσεται
1547 1423 1590 1473 (1.
1602 1435 1635 1458 e.
1661 1423 1724 1459 in-

1064 1495 1166 1519 censa
1183 1481 1319 1532 futura
1339 1485 1437 1531 esse)
1469 1481 1596 1516 minus
1626 1491 1719 1515 con·

1059 1540 1199 1576 veniat.

1118 1593 1157 1641 ἐς
1181 1591 1224 1633 δὲ
1253 1595 1377 1632 ταῦτα
1406 1589 1478 1643 μὲν
1511 1587 1568 1631 οὕ
1599 1585 1721 1641 ποιή-

1061 1651 1193 1699 σουσι]
1215 1652 1273 1686 De
1293 1651 1430 1687 vocula
1450 1643 1500 1687 οὔ
1519 1650 1560 1685 in
1571 1648 1722 1695 talibus,

1060 1708 1128 1744 ubi
1158 1704 1210 1758 μὴ
1234 1713 1539 1757 exspectaveras,
1570 1704 1722 1741 monuit

1061 1763 1197 1802 Matth.
1220 1764 1286 1802 Gr.
1309 1765 1375 1800 Gr.
1396 1763 1625 1813 pag-4221.
1655 1760 1722 1797 Tu

1062 1820 1151 1861 add.
1187 1833 1286 1872 quae
1313 1822 1394 1871 ipse
1415 1819 1508 1855 olim
1534 1817 1721 1868 disputavi

1060 1878 1102 1914 in
1137 1877 1315 1913 Creuzeri
1345 1877 1488 1912 Melett.
1517 1875 1571 1910 III
1599 1888 1638 1925 p.
1666 1877 1718 1915 21

1060 1940 1157 1972 nott.
1179 1932 1291 1972 Held.
1313 1929 1720 1970 adPlutarch.Ti1nol.

1064 1993 1089 2031 9
1110 2004 1150 2041 p.
1171 1991 1265 2032 357.
1297 1990 1392 2030 358.
1424 1988 1556 2025 Iacobs
1579 1988 1721 2024 Anim-

1063 2045 1226 2085 adverss.
1256 2048 1298 2083 in
1326 2044 1467 2083 Achill.
1497 2045 1587 2081 Tat.
1617 2044 1720 2092 VIII,

1061 2106 1085 2144 6
1106 2117 1144 2154 p.
1167 2102 1249 2144 948
1273 2105 1313 2139 in
1333 2104 1482 2139 Aelian.
1502 2103 1548 2138 N.
1568 2102 1616 2139 A.
1634 2101 1718 2147 VII,

1059 2158 1114 2201 48
1136 2172 1223 2210 pag.
1245 2161 1340 2199 281.
1372 2180 1424 2187 ——-—
1457 2156 1569 2202 Quod
1589 2157 1719 2208 sequi-

1058 2223 1120 2253 tur
1139 2213 1207 2254 διοὶ
1227 2212 1354 2265 μάχης
1375 2214 1561 2267 ἔρχεσθαι
1574 2220 1629 2250 est
1646 2226 1717 2263 pu-

1056 2285 1167 2322 gnam
1190 2272 1411 2322 periclitari,
1433 2272 1618 2321 suscipere.
1658 2269 1718 2308 Cf.

1057 2329 1156 2376 vm,
1178 2331 1245 2369 77.

1113 2379 1418 2437 ἐπηρεάζοντες]
1467 2383 1493 2421 i.
1534 2395 1568 2419 e.
1607 2382 1717 2419 obtre-

1058 2445 1194 2479 ctantes
1208 2470 1218 2489 ,
1284 2441 1513 2489 obiurgant&
1551 2437 1719 2490 indeque

1059 2500 1276 2535 minitantes.
1305 2498 1422 2534 Plura
1441 2495 1490 2532 de
1510 2494 1584 2533 hoc
1598 2495 1717 2533 verbo

1058 2556 1188 2594 Wass.
1229 2552 1278 2590 ad
1314 2551 1538 2605 Thucydid
1575 2552 1605 2596 Ι,
1646 2553 1716 2593 27.

1060 2611 1185 2649 Verba
1226 2611 1402 2661 proxime
1430 2621 1536 2660 seqq.
1563 2604 1613 2648 τά
1641 2621 1716 2661 περ

1059 2667 1184 2714 σφέας
1218 2665 1368 2714 κατέξει
1415 2666 1566 2703 valent:
1625 2676 1715 2715 quae

1055 2726 1142 2773 ipsis
1167 2727 1334 2761 eventura
1364 2725 1447 2761 sint.
1505 2722 1563 2762 Cf.
1594 2722 1623 2769 l,
1645 2719 1712 2761 65.

1058 2781 1117 2827 Vl,
1138 2779 1203 2820 40.
1224 2801 1280 2807 —-
1308 2778 1371 2816 Ad
1389 2780 1505 2818 verba
1533 2776 1715 2828 ἐκτομίας

1059 2832 1278 2887 ποιήσομεν
1304 2837 1405 2874 conf.
1431 2837 1496 2884 III,
1526 2833 1580 2877 48
1605 2840 1644 2871 et
1663 2831 1712 2871 ad
