1789 3213
442 155 918 194 POLYMNIA.
976 154 1080 190 VII.

135 266 275 321 ,,ρέων
286 280 295 291 ·

104 334 438 388 3Ὑπεκρίναντο
479 333 559 388 μὲν
590 333 706 376 οὕτω
745 331 1023 386 εὐπρόσωπα.

1315 154 1399 193 699

346 262 457 307 ἄλλα
486 264 755 322 τιμωρητέον
784 265 848 319 εἰἠ
885 263 928 314 ἐς
957 262 1006 305 τὸ
1042 260 1396 305 δυνατώτατον.“

1093 330 1183 374 ἐπεὶ
1224 329 1270 373 δὲ
1310 328 1397 372 ἔδει

133 400 348 459 βοηθέειν,
380 399 488 444 ἄλλα
516 405 728 452 νοεῦντες,
758 399 1016 456 ἐπλήρωσαν
1045 398 1143 449 νέας
1172 397 1396 455 ἑξήκοντα·

135 469 260 526 μόγις
289 469 334 513 δὲ
365 467 644 526 ἀναχθέντες,
673 469 941 523 προσέμιξαν
966 484 1019 524 τῃ
1060 465 1398 523 Πελοποννήσῳ,

133 537 208 580 καὶ
236 537 333 592 περὶ
365 537 519 582 Πύλον
549 540 622 582 καὶ
657 538 878 591 Ταίναρον
907 539 987 591 γῆς
1015 538 1089 590 τῆς
1118 537 1455 589 Λακεδαιμο-ὃο

134 604 244 647 νίων
273 604 547 664 ἀνεκώχευον
575 606 654 658 τοὶς
682 606 793 659 νέας,
823 606 1164 661 καραδοκέοντες
1177 603 1251 648 καὶ
1272 597 1399 647 οὗτοι

135 787 424 844 Ἵξτεκρίναντο
449 789 522 844 μὲν
549 787 655 831 οὕτω
670 786 739 830 εὕ-

83 848 307 900 πρόσωπα]
351 850 444 898 „Sic
489 849 550 887 illi
588 849 738 899 quidem,

80 906 230 957 prolixe
250 907 421 957 polliciti.
441 906 490 943 ad
501 905 740 956 speciempul-

83 976 138 1000 cre
166 963 438 1013 responderunt5
470 960 567 1002 ἄλλα
600 961 741 1001 νοέον-

82 1034 157 1065 τες.
193 1021 347 1057 Sallust.
378 1022 425 1061 Β,
455 1022 538 1070 Iug.
560 1019 628 1059 75.
686 1018 744 1056 Ad

83 1089 126 1114 ea
145 1089 209 1113 rex
238 1077 345 1114 aliter
366 1081 473 1127 atque
501 1078 617 1113 animo
636 1089 743 1124 gere-

83 1136 166 1182 bat,
211 1133 355 1184 placide
385 1134 575 1184 respondit.
632 1131 744 1169 Idem

84 1196 140 1228 est
170 1186 400 1242 εὕπρεπῶςτ
442 1189 546 1242 quod
567 1189 742 1227 honestum

50 1256 53 1257 ’
85 1249 185 1286 dictu
206 1249 356 1285 veritati
372 1246 645 1299 praetenditur,
669 1248 743 1285 τοῦ

83 1300 204 1356 λόγου
227 1304 363 1341 dloitur
381 1301 424 1344 τὸ
446 1300 650 1353 εὐπρεπές.
678 1303 742 1341 αἰ-

85 1362 175 1401 τίαν
228 1358 407 1412 εὐπρεπῆ
434 1362 625 1411 speciosam
653 1373 742 1410 quae

82 1420 308 1486 praetexatur
338 1430 502 1464 causam,
549 1412 741 1467 α’φορμην

87 1471 356 1527 ευπρόσωπον
375 1482 489 1512 vocat
499 1475 662 1512 Pausau.
675 1474 740 1522 IV,

87 1531 113 1571 4
136 1534 173 1578 §
197 1533 263 1573 3.“
305 1532 532 1569 Valcken.

142 1619 386 1674 προσέμιξαν
408 1624 460 1677 τῇ
482 1614 748 1672 Πελοποννή-

88 1681 172 1733 σῳ]
208 1681 266 1715 De
306 1680 422 1716 verbo
451 1675 749 1730 προσμιγνύναι

87 1737 190 1773 conf.
202 1737 314 1774 allata
330 1735 377 1773 ad
391 1736 452 1784 VI,
469 1738 521 1776 96
542 1736 628 1772 etin
640 1747 746 1786 seqq.

88 1791 137 1830 de
157 1794 274 1831 verbo
297 1788 568 1842 ἀνακωχεύειν
581 1798 677 1828 nott.
699 1790 748 1827 ad

87 1850 152 1897 Vl,
176 1852 255 1890 116
278 1850 364 1886 coll.
396 1848 504 1886 Suid.
538 1862 567 1886 s.
595 1862 632 1886 v.
664 1849 681 1883 I
710 1862 746 1898 p

93 1909 186 1947 166.
211 1905 341 1956 Pylum
360 1919 439 1942 non
461 1906 578 1942 alium
589 1903 626 1944 h.
645 1904 670 1943 l.
683 1902 748 1940 ha-

89 1963 163 1999 beo
173 1969 287 2013 atque
298 1962 346 1999 M
345 1966 566 2010 essenz'acum,
582 1964 748 2000 Nestoris

90 2017 222 2056 sedem
239 2021 408 2057 Homero
430 2020 659 2057 celebratam
681 2032 749 2056 eo—

91 2089 167 2128 que
187 2076 266 2112 fere
287 2078 371 2114 loco
392 2078 515 2124 sitam,
548 2089 623 2129 quo
645 2090 748 2113 nunc

93 2131 320 2172 Navarz’num
338 2138 448 2174 vetus.
505 2135 563 2171 De
585 2146 659 2185 quo
671 2132 747 2173 vid.

92 2191 332 2241 potissimum
352 2189 516 2229 Nitzsch.
530 2190 578 2227 ad
591 2191 750 2227 Homeri

94 2245 166 2285 Od.
187 2249 253 2294 ΠΙ,
267 2246 292 2286 4
307 2261 343 2298 p.
371 2251 448 2288 133
469 2261 575 2300 seqq.
598 2255 635 2284 et
656 2248 750 2284 Gal-

92 2303 175 2340 lum
187 2304 428 2354 ingeniosum
448 2304 578 2355 Edgar
589 2306 748 2350 Quinet:

93 2361 153 2396 De
183 2360 220 2396 la
250 2360 373 2398 Grece
411 2361 597 2398 moderne
627 2369 662 2398 et
692 2375 749 2398 ses

96 2423 267 2468 rapports
298 2430 388 2455 avec
419 2419 632 2471 l'antiquite
655 2419 750 2464 (Pa-

94 2475 144 2510 ris
168 2472 290 2522 1830)
314 2487 350 2524 p.
376 2478 427 2515 12
446 2488 525 2527 seq.
562 2477 620 2512 De
654 2476 751 2513 Tae-

94 2543 182 2569 naro
202 2530 303 2566 conf.
324 2531 353 2578 Ι,
374 2530 427 2570 24
448 2532 540 2584 ibiq.
560 2539 656 2572 nott.

148 2607 454 2666 καραδοκέοντες
478 2608 544 2648 καὶ
567 2604 754 2651 οὗτοιτόν

97 2661 319 2717 πόλεμον,ᾑ
330 2665 611 2716 πεσέεταιῇῖίἀ.
617 2666 753 2705 Suidas

98 2736 167 2762 s.v.
177 2726 261 2775 le.
275 2723 353 2765 241
371 2731 407 2761 et
419 2723 560 2763 Herod.
573 2724 752 2771 VII,163.

96 2781 196 2830 VIII,
207 2784 272 2830 67,
292 2781 377 2818 loco
397 2782 566 2819 maxime
581 2781 750 2832 gemino,

794 790 862 827 ubi
882 790 984 827 Parii
1005 784 1267 841 ἐκαραδόκεον
1289 781 1361 825 τὸν
1382 779 1458 824 πό-

795 851 936 897 λεμον,
969 849 1017 901 τῇ
1037 841 1306 896 ἅποβήσεταιτ
1330 841 1370 879 id
1391 848 1458 890 est,

798 905 1022 941 observante
1055 901 1356 948 Valckenaerio,
1387 914 1459 938 πε-

799 957 1037 1012 ριεσκόπουν
1049 958 1253 1011 ὁποτέροις
1267 952 1319 996 ἂν
1338 952 1460 1007 πρός-

799 1023 977 1057 θωνταιε
1012 1021 1168 1054 eventum
1199 1014 1459 1064 exspectabant,

799 1079 841 1112 ut
855 1075 1023 1125 fortunae
1043 1074 1268 1124 applicarent
1289 1084 1357 1108 sua
1376 1084 1460 1108 con-

800 1133 884 1170 silia
911 1134 990 1170 sive
1021 1133 1138 1168 utrius
1181 1129 1300 1179 partis
1337 1128 1457 1164 melior

794 1189 950 1240 fortuna
989 1188 1074 1226 belli
1105 1190 1211 1232 esset,
1250 1188 1291 1221 ut
1317 1183 1367 1220 ad
1385 1186 1459 1221 eius

800 1249 998 1283 societatem
1026 1244 1260 1285 inclinarent;
1292 1253 1459 1292 quomo-

801 1302 851 1340 do
872 1303 992 1339 ferme
1012 1302 1142 1338 Livius
1162 1299 1327 1344 XXXII,
1347 1300 1397 1338 21
1423 1305 1459 1335 et

798 1361 948 1406 XXXI,
970 1362 1023 1399 52
1058 1358 1159 1395 conf.
1189 1354 1355 1402 XXXV,
1391 1355 1459 1395 48.

798 1418 856 1453 Ac
877 1415 1046 1453 Diodoro
1067 1414 1114 1451 de
1144 1413 1216 1450 hac
1249 1413 1460 1461 Corcyrae-

804 1487 916 1510 orum
940 1473 1183 1510 simulatione
1211 1471 1263 1506 ita
1283 1469 1461 1505 scribenti

803 1532 872 1578 XI,
899 1530 976 1571 15·
1011 1544 1064 1575 ως
1088 1527 1130 1567 δέ
1151 1541 1253 1572 τινες
1269 1528 1349 1564 τῶν
1366 1536 1457 1577 συγ-

805 1585 997 1641 γραφέων
1019 1585 1245 1636 ιστοροῦσι,
1286 1582 1462 1633 καραδο-

803 1646 967 1689 κοῦντες
986 1657 1055 1689 τας
1083 1643 1155 1681 τοῦ
1183 1638 1359 1690 πολέμου
1389 1639 1461 1689 ῥὀ-

805 1716 884 1747 πας
905 1701 983 1737 sive
999 1699 1317 1750 καραδοκοῦντες
1332 1710 1374 1735 το
1389 1697 1463 1734 τοῦ

805 1755 981 1807 πολέμου
1005 1755 1126 1803 τέλος,
1156 1752 1373 1790 Herodotea
1394 1753 1462 1789 ob-

805 1820 952 1851 versata
999 1813 1114 1849 fuisse
1171 1817 1273 1847 recte
1332 1810 1464 1846 statuit

804 1871 1097 1920 WVesseliugius.
1164 1868 1271 1904 Facit
1309 1879 1463 1918 quoque

803 1926 892 1976 huc,
924 1925 1028 1979 quod
1064 1926 1203 1975 lenitur
1236 1924 1462 1971 V111‚130:

806 1979 1081 2023 ωτακούστεον
1105 1979 1128 2021 ὅ
1140 1997 1163 2021 κ
1176 1997 1247 2032 ηπ
1261 1995 1277 2020 ε
1291 1979 1341 2019 σέ
1354 1995 1400 2019 ετ
1413 1996 1437 2018 α
1450 1995 1465 2018 ι

804 2057 851 2080 τα
874 2040 1116 2091 Μαρδονίου
1137 2053 1359 2090 πρηγματα.
1400 2037 1463 2075 Ad

806 2104 1077 2149 argumentum
1107 2095 1208 2133 conf.
1240 2093 1462 2145 Thucydid.

805 2157 835 2202 Ι,
857 2158 922 2202 32,
956 2155 1023 2191 ubi
1048 2152 1147 2190 hanc
1175 2165 1284 2189 suam
1317 2152 1357 2188 in
1390 2164 1464 2203 ope

807 2212 989 2248 Graeciae
1000 2211 1187 2248 laboranti
1196 2207 1352 2246 ferenda
1368 2223 1464 2246 cun-

807 2270 1039 2316 ctationem,
1078 2265 1153 2320 τὴν
1190 2263 1386 2319 πρότερον
1414 2262 1465 2306 οἷ-

805 2320 1096 2377 πραγμοσύνην
1111 2355 1120 2373 ,
1157 2322 1325 2361 mitibus'
1340 2324 1464 2362 verbis

808 2395 988 2419 excusare
1007 2383 1180 2419 nituntur
1205 2394 1321 2432 opem
1341 2379 1465 2417 Athe-

806 2441 996 2476 niensium
1017 2446 1236 2490 expetentes
1251 2440 1463 2490 Corcyraei.

808 2498 875 2533 His
916 2495 1063 2533 dudum
1105 2497 1223 2533 allatis
1251 2496 1350 2533 addo
1380 2497 1463 2532 Eu-

809 2551 919 2591 stath.
943 2552 990 2589 ad
1011 2551 1144 2603 Odyss.
1161 2553 1241 2600 Vll,
1272 2552 1352 2594 325
1375 2566 1462 2603 pag.

810 2613 891 2651 288
913 2611 1040 2657 Basil„
1063 2611 1127 2661 qui
1142 2610 1371 2661 Corcyraeos
1393 2622 1464 2646 an-

809 2668 939 2717 cipites
968 2679 1046 2704 esse
1075 2665 1250 2704 homiues
1285 2679 1334 2703 ex
1364 2668 1463 2703 Her-

808 2725 939 2774 mippo
960 2722 1095 2772 tradit3
1117 2723 1233 2776 idque
1254 2724 1380 2771 etiam,
1403 2730 1464 2760 te·-

807 2788 863 2818 ste
880 2780 1087 2831 Herodoto,
1107 2782 1283 2833 probasse
1292 2780 1332 2818 in
1342 2783 1463 2819 Grae-
