1870 3249
564 198 868 235 ERATO.
925 200 996 237 VI.

160 322 220 364 τῳ
250 305 328 360 μὲν
354 303 437 359 γὰρ
469 304 552 348 ἔτεϊ
578 305 768 357 τούτων,
799 307 985 359 Σκύθας
1015 309 1192 364 ἐ’φευγε’

1341 202 1423 241 2ῖῖ

1243 308 1421 352 Σκύθαι

159 373 241 429 γὰρ
271 374 316 415 οἷ
342 373 529 426 νομάδες
559 373 855 427 ἐρεθισθέντες
883 373 969 418 ὑπὸ
997 375 1197 431 βασιλέος
1214 379 1422 429 Δαρείου,

159 438 524 495 συνεστράφησαν
563 441 637 484 καὶ
669 439 839 496 ἤλασαν
867 440 990 497 μέχρι
1030 447 1107 499 τῆς
1136 444 1478 500 Χερσονήσουῖο

155 507 329 563 ταύτης·
359 507 548 558 τούτους
579 508 779 560 ἐπιόντας
810 507 893 552 οὐκ
922 508 1163 565 ὑπομείνας
1193 510 1218 554 ὁ
1239 510 1420 554 Μιλτιά·

129 577 263 632 3δης,
304 575 457 629 ἔφευγε
497 572 584 618 ἀπὸ
620 575 924 632 Χερσονήσου,
969 578 1010 629 ἐς
1040 576 1066 621 ὃ
1096 579 1214 621 οἵτε
1243 577 1421 622 Σκύθαι
1474 582 1560 595 “v

153 641 497 699 ἀπαλλάχθησαν
508 674 519 693 ,
576 644 651 686 καί
688 660 766 698 μιν

811 646 855 687 οἱ
902 644 1124 700 Δόλογκοι
1172 645 1421 700 κατήγαγον

155 709 305 754 ὀπίσω.
348 713 485 753 ταῦτα
504 709 582 766 μὲν
611 709 663 765 δὴ
700 712 829 766 τρίτῳ
868 710 954 754 ἔτεϊ
983 711 1198 767 πρότερον
1228 713 1421 769 ἐγεγόνεε

32 790 94 836 41
155 783 244 822 τῶν
270 779 367 822 τότε
395 795 472 834 μιν
500 777 780 834 κατεχόντων.

843 779 950 822 Τότε
980 781 1025 823 δὲ
1035 814 1045 834 ,
1083 781 1419 836 πυνθανόμενος
1430 787 1473 821 25

154 845 269 890 εἶναι
287 846 390 897 τούς
426 848 633 898 Φοίνικας
662 846 709 889 έν
743 847 928 904 Τενέδῳ,
958 847 1191 903 πληρώσας
1219 848 1422 904 τριήρεας

152 915 279 958 πέντε
317 913 548 971 χρημάτων
593 918 680 958 τῶν
717 913 991 969 παρεόντων,
1041 914 1219 959 ἀπέπλεε
1260 916 1303 966 ές
1341 916 1417 967 τὰς

125 981 352 1039 2Ἀθήνας.
408 982 482 1025 καὶ
526 981 669 1037 ὥσπερ
707 980 892 1038 (ὁρμήθη
928 981 976 1024 ἐκ
1014 985 1212 1040 Καρδίης
1249 983 1415 1036 πόλιος,

152 1051 274 1095 ἔπλεε
297 1049 369 1095 διὰ
397 1053 477 1094 τοῦ
495 1049 697 1101 Μέλανος
726 1050 917 1094 κόλπου·
947 1050 1238 1108 παραμείβετό
1267 1067 1311 1095 τε
1332 1052 1413 1110 τὴν

94 1216 408 1265 terpretationem
434 1214 549 1251 Liber
577 1214 677 1251 Baro
707 1212 754 1251 de

93 1273 346 1309 Reizenstein.

153 1326 322 1375 Σκύθας
341 1327 508 1379 ἔφευγε]
542 1322 754 1378 ,,ε’κφεύγει

94 1386 209 1435 vulgo
226 1385 350 1422 editur
362 1400 376 1429 ,·
393 1398 491 1436 quae
511 1385 541 1420 si
555 1397 644 1420 vera
659 1385 753 1420 scri-

92 1449 224 1493 ptura,
253 1443 415 1479 verbum
443 1436 652 1492 ἐκφεύγειν
673 1454 753 1477 non

93 1506 273 1536 consueta
315 1499 458 1549 alioqui
495 1499 652 1533 notione
665 1527 674 1544 ‚
708 1504 751 1533 ut

92 1568 176 1606 cap.
211 1557 262 1595 38
289 1556 409 1605 accipi
441 1553 615 1602 debebit3
661 1554 750 1603 (nec

92 1614 198 1648 enim
215 1611 290 1648 hoc
311 1611 498 1648 admodum
525 1624 637 1659 grave
659 1614 748 1658 erat,

93 1667 197 1721 quod
217 1667 378 1719 Scythas
397 1668 552 1717 effugit)
593 1666 659 1704 sed
691 1667 749 1706 ἐκ·

91 1721 232 1777 φεύγει
251 1724 290 1763 h.
303 1726 328 1761 l.
343 1724 447 1761 idem
463 1732 576 1776 atque
587 1725 750 1774 simplex

91 1778 232 1833 φεύγει
260 1783 430 1828 sonabit,
461 1782 511 1818 acl
530 1780 749 1831 Scytharum

92 1839 281 1875 adventum
302 1852 319 1874 e
345 1838 549 1875 Chersoneso
568 1837 747 1887 profugit,

86 1894 186 1944 fuga
212 1894 359 1931 salutem
385 1897 498 1943 petere
524 1897 664 1930 coactus
683 1897 746 1934 est.

94 1949 173 1987 Sed
187 1948 258 1986 hac
270 1952 424 1986 notione
434 1951 582 1996 rectius,
598 1957 640 1986 ut
650 1948 748 1986 nu'hi

93 2005 253 2054 videtur,
294 2005 434 2058 ἔφευγε
463 2007 630 2042 scribunt
670 2005 745 2043 duo

92 2062 205 2104 codd.
218 2093 228 2109 ,
267 2062 372 2114 quod
405 2064 520 2098 etiam
552 2063 660 2099 Valla
679 2076 747 2100 suo

90 2121 130 2156 in
150 2119 281 2156 codice
300 2121 480 2170 reperisse
495 2118 666 2156 videtur:
689 2126 750 2156 at-

90 2189 165 2228 que
203 2175 341 2213 eodem
374 2175 492 2213 modo
531 2188 625 2213 mox
662 2177 749 2213 libri

89 2246 222 2270 omnes
236 2231 452 2269 Herodoteo
473 2245 580 2269 more
599 2231 639 2269 id
660 2246 749 2270 ver-

88 2290 184 2326 bum
203 2296 401 2341 repetunt,
426 2286 592 2335 τούτους
610 2285 749 2329 ἐπιόν-

89 2361 158 2392 τας
177 2367 232 2374 —
253 2345 406 2398 ε’φευγε.
412 2347 435 2365 “
481 2345 743 2398 Sclcwez'gh.

88 2401 288 2439 Bekkerus
341 2403 494 2440 retinuit
545 2401 743 2455 ἐκφεύγει.

89 2460 182 2495 Mox
213 2458 300 2496 dedi
331 2458 511 2510 βασιλέος
538 2473 608 2510 pro
629 2461 744 2512 βασι-

92 2518 202 2566 λῆος.

149 2567 477 2621 συνεστράφησαν
489 2570 554 2610 καὶ
567 2569 741 2621 ἤλασαν]

90 2628 238 2677 „Quum
267 2642 302 2665 se
326 2630 363 2665 in
399 2641 506 2666 unum
540 2629 745 2677 conglobas-

90 2689 164 2722 sent
174 2683 340 2737 Scythae
360 2684 562 2730 Nomades,
586 2686 636 2723 ad
651 2686 746 2722 Ιιαησ

91 2755 196 2791 usque
230 2742 471 2779 Chersonesum
495 2746 746 2792 processerunt.

91 2798 165 2836 Pro
181 2793 510 2850 κατεστράφησαν
521 2799 550 2847 Ι,
567 2801 644 2840 130
662 2799 746 2848 [ubl

811 1212 888 1252 vid.
910 1220 1006 1252 nott.
1027 1212 1130 1251 Add.
1151 1214 1215 1262 IV,
1236 1213 1304 1263 12]
1324 1213 1466 1252 ecodd.

810 1272 947 1308 merito
958 1278 1154 1321 receptum
1165 1267 1418 1322 κατεστράφθ
1426 1288 1471 1320 η-

812 1339 906 1366 σανῐ
950 1325 1015 1364 hic
1046 1327 1143 1364 forte
1164 1329 1375 1364 solemnem
1401 1329 1470 1365 sibi

808 1391 988 1435 posuerat
1032 1384 1200 1420 formam
1247 1380 1470 1435 συνεστρά-

809 1445 1000 1491 φθησαν,
1040 1448 1077 1477 et
1114 1443 1171 1489 Π,
1202 1444 1275 1481 121
1309 1440 1469 1491 ἐπιτρα-

807 1496 1010 1544 φθέντων,
1026 1497 1128 1549 quod
1139 1496 1469 1548 placuitAbresch.

805 1555 882 1594 Dil.
917 1552 1098 1606 Thucyd.
1125 1568 1163 1605 p.
1192 1556 1325 1595 209.“
1366 1554 1468 1592 Val-

807 1624 826 1649 c
835 1611 856 1649 k
868 1625 885 1648 e
895 1624 917 1648 n
932 1625 955 1648 α
965 1624 1020 1648 er.

863 1667 1056 1720 ἔφευγεν]
1078 1666 1123 1704 Id
1143 1667 1287 1703 restitui
1303 1680 1392 1704 cum
1404 1680 1467 1703 re-

807 1732 921 1763 centt.
942 1737 1011 1775 pro
1043 1723 1164 1791 ἔφυγε
1181 1737 1273 1775 quo<
1261 1723 1285 1760 <l
1304 1725 1466 1760 libiixe-

803 1788 958 1832 spuunt.
1025 1782 1100 1818 Pro
1135 1776 1217 1819 α’πο
1258 1775 1465 1831 Χερσονη-

806 1851 878 1877 σου
897 1839 962 1874 alii
983 1837 1069 1877 cod.
1092 1833 1351 1885 Χερσόνησον
1381 1837 1463 1872 sine

803 1889 898 1933 οἷπό.
952 1895 998 1929 In
1011 1894 1228 1929 Florentino
1247 1893 1342 1929 libro
1363 1905 1465 1928 uno-

804 1963 879 2001 que
902 1951 1073 1986 Parisino
1110 1956 1317 2000 utrumque
1346 1948 1462 1996 deest,

804 2005 908 2058 quod
920 2020 940 2042 e
958 2005 1101 2043 scholio
1114 2007 1304 2055 irrepsisse
1317 2007 1356 2040 in
1375 2012 1463 2041 tex-

804 2070 889 2100 tum
917 2064 1125 2114 suspicatur
1151 2060 1461 2112 Schweighaeus-

1024 2165 1115 2216 cap.
1138 2166 1242 2206 XLI.

866 2228 963 2273 Τότε
979 2230 1023 2271 δὲ
1044 2229 1352 2282 πυνθανόμενος
1372 2248 1408 2271 κ.
1428 2247 1461 2271 τ.

803 2290 864 2338 λ.]
928 2292 1032 2326 Haeo
1060 2291 1176 2340 igitur
1209 2297 1310 2327 arcte
1340 2301 1460 2325 anne—

804 2345 942 2384 ctenda
960 2348 1017 2395 iis,
1039 2359 1136 2398 quae
1157 2359 1240 2398 cap.
1258 2348 1310 2386 33
1332 2353 1460 2382 extre-

800 2417 866 2440 mo
888 2410 1124 2440 enarrantur.

857 2459 968 2500 ἔπλεε
990 2457 1056 2499 διὰ
1076 2462 1147 2499 τοῦ
1161 2457 1351 2505 Μέλανος
1371 2454 1458 2498 κόλ-

799 2517 908 2566 που]
957 2515 1142 2554 Eiusdem
1174 2518 1278 2553 sinus
1312 2516 1457 2552 mentio

800 2574 882 2618 VII,
905 2573 972 2621 58,
1002 2575 1065 2610 cui
1079 2586 1223 2610 nomeu
1252 2572 1460 2623 probabili-

801 2637 858 2667 ter
877 2629 1041 2667 inditum
1063 2643 1085 2666 a
1103 2629 1208 2667 Mela
1226 2629 1341 2665 fluvio
1355 2657 1364 2673 ‚
1394 2628 1458 2678 qui

801 2700 921 2738 prope
950 2685 1128 2724 Cardiam
1150 2687 1190 2722 in
1222 2699 1311 2721 etun
1332 2685 1457 2733 ipsum

801 2745 916 2780 maris
935 2744 1061 2780 sinum
1081 2756 1119 2779 se
1139 2740 1312 2778 effundit.
1346 2741 1456 2777 Nunc

802 2800 906 2838 fluvii
917 2813 1059 2838 nomen
1071 2812 1150 2846 esse
1163 2804 1314 2834 narrant
1327 2798 1456 2835 δίωτο-

1476 783 1549 811 Post
1568 795 1585 812 a
1597 786 1699 813 Persis
1713 786 1749 814 ob

1475 827 1544 846 cons
1532 818 1633 846 cilium
1664 820 1711 847 10-

1476 852 1561 879 nibus
1579 853 1679 880 datum
1691 855 1732 889 [⁴‚

1476 885 1550 921 137]
1578 883 1727 922 metueiis,

1474 928 1541 947 cum
1555 919 1676 947 illorum

1475 954 1606 980 classem
1629 955 1730 982 'lene-

1474 987 1543 1014 dum
1563 996 1620 1025 app
1614 989 1690 1015 tulis
1686 998 1719 1016 ae

1473 1021 1592 1048 audixi
1588 1026 1641 1048 scr
1667 1024 1704 1048 Γο.

1469 1054 1546 1094 31...]
1567 1056 1698 1095 quinque

1469 1088 1645 1118 triremibus
1669 1090 1714 1118 in
