1851 3181
447 176 531 218 598

845 173 1309 212 HERODOTI

420 284 501 328 3τό
533 284 665 338 ὕδωρ,
678 280 853 339 Τραῦός
881 297 926 326 τε
956 282 1030 325 καὶ
1059 281 1311 338 Κόμψατος·
1343 282 1453 328 κατά
1484 283 1530 327 δὲ
1548 282 1708 339 ’Ἀβδη-

449 369 531 407 ρα,
561 353 718 407 λίμνην
740 351 819 406 μὲν
842 349 1054 406 οὐδεμίαν
1073 350 1239 395 ἐοῦσαν
1270 350 1549 409 οὐνομαστὴν
1567 367 1711 405 παρα-

446 421 627 475 μείψατο
667 417 847 475 Ξέρξης,
915 420 1115 476 ποταμόν
1153 420 1199 463 δὲ
1230 421 1435 473 Νέστον,
1483 419 1640 477 ῥέοντα
1668 419 1725 471 ἐς,

447 484 689 530 θάλασσαν.

763 485 886 531 Meto}
930 487 977 531 δὲ
1013 486 1176 539 ταύτας
1214 489 1289 540 τὰς
1327 487 1471 544 χώρας
1515 487 1596 532 ἰών
1636 486 1713 539 τοὶς

449 552 740 610 ἠπειρώτιδας
770 555 897 606 πόλις
924 554 1105 611 παρήϊε·
1150 560 1239 601 τῶν
1268 557 1315 600 ἐν
1343 561 1421 614 μιῇ
1449 559 1577 613 λίμνη
1617 556 1770 600 ἑοῦ-30

451 633 507 666 σα
555 623 757 678 τυγχάνει
797 621 899 667 ὦσεὶ
938 623 1176 679 τριήκοντα
1223 627 1411 669 σταδίων
1441 623 1629 681 μάλιστά
1659 641 1714 681 κη

420 690 533 746 4τὴν
576 692 803 746 περίοδον,
870 691 1090 748 ἰχθυώδης
1126 708 1171 736 τε
1213 694 1286 737 καὶ
1331 693 1473 750 κάρτα
1529 690 1715 748 ἁλμυρή.

450 757 613 815 ταύτην
651 758 705 803 τοὶ
749 759 967 817 ὑποζύγια
1006 762 1152 816 μοῦνα
1192 759 1417 819 ἀρδόμενα
1465 759 1714 818 ἀνεξήρηνε.

396 979 493 1015 mari
513 979 653 1016 canalis
674 991 747 1030 ope
766 979 955 1027 iunctum,
977 991 1056 1016 non

395 1037 511 1087 longe
532 1049 554 1072 a
573 1034 762 1087 Rhodope
782 1044 927 1074 monte.
972 1038 1057 1073 Ho-

396 1092 457 1130 die
489 1093 535 1129 ab
562 1092 703 1144 oppido
736 1094 965 1143 cognomine
985 1106 1058 1131 vo-

395 1150 473 1186 cari
501 1148 605 1188 Buru
634 1151 713 1187 sive
733 1151 878 1187 Gallice
909 1150 1058 1188 Bourou

396 1207 577 1244 scribunt.
634 1206 722 1245 Vid.
753 1208 943 1245 Mannert.
972 1208 998 1244 l.
1030 1208 1057 1244 l.

394 1276 483 1314 pag.
500 1265 598 1303 213.
612 1263 708 1304 214.
731 1263 1059 1301 Choiseul-Gouf-

396 1320 477 1356 fier.
497 1320 524 1356 l.
543 1320 569 1356 l.
589 1332 679 1370 pag.
703 1324 783 1362 112
801 1322 931 1373 ibique
952 1320 1060 1357 adie—

397 1383 498 1414 ctam
527 1389 709 1427 mappam
746 1376 1058 1428 geographicam.

396 1432 513 1483 Apud
532 1434 703 1470 Plinium
721 1435 806 1472 loco
833 1448 947 1485 supra
972 1436 1060 1471 lau—

398 1489 487 1526 dato
517 1503 596 1526 non
626 1491 720 1527 nisi:
763 1499 968 1541 „stagnum
987 1491 1060 1529 Ba·-

398 1551 535 1584 stonum
555 1553 592 1583 et
611 1548 744 1597 gens.“
763 1569 819 1575 —
855 1550 949 1584 Mox
971 1561 1061 1584 cum

398 1609 558 1640 recentt.
574 1602 661 1640 edd.
681 1604 812 1654 scripsi
824 1603 974 1651 ἐσιεῖσι,
995 1605 1061 1640 ubi

399 1660 514 1709 vulgo
550 1660 651 1696 male
682 1659 816 1699 ἔσεῖσι.
882 1661 1061 1712 Requiri-

400 1724 462 1753 tur
491 1717 596 1752 enim
626 1714 689 1754 hic
727 1717 890 1755 verbum
929 1716 1061 1769 εἶσίημι

400 1774 562 1812 immitto.

461 1879 618 1937 Τραῦός
644 1897 686 1923 τε
714 1882 781 1923 καὶ
811 1881 1059 1936 Κόμψατος]

406 1941 440 1978 T
441 1953 622 1979 rausorum
633 1953 726 1991 gens
745 1940 934 1978 indicatur
953 1942 999 1990 V,
1022 1945 1061 1990 3,

402 1999 467 2034 ubi
497 1998 599 2034 conf.
630 2004 726 2034 nott.
759 1998 967 2048 Compsatus
986 1998 1062 2035 ssu-

406 2055 488 2091 vius
513 2054 691 2104 nuspiam
720 2054 825 2106 quod
854 2056 931 2092 scio
952 2068 1063 2092 com-

402 2117 648 2158 memoratur,
684 2111 756 2148 nisi
786 2112 853 2163 qui
874 2111 1064 2149 Coss-mites

404 2174 458 2204 est
478 2166 579 2217 apud
593 2167 740 2204 Aelian.
761 2169 809 2204 N.
825 2168 872 2205 A.
892 2169 976 2216 XV,
996 2168 1063 2216 25,

403 2222 479 2260 huc
500 2224 675 2274 pertinet.
724 2224 913 2265 Mannert,
934 2225 961 2261 l.
981 2225 1007 2261 l.
1025 2238 1064 2274 p.

403 2282 484 2321 222
496 2292 565 2330 pro
582 2277 765 2315 Herodoti
783 2280 922 2317 Trauso
932 2279 1065 2317 haberi

403 2336 485 2373 vult
505 2336 666 2373 fluvium
685 2335 893 2373 Karaussc'is
905 2366 914 2384 ‚
948 2328 1065 2387 quem

405 2391 584 2443 equidem
605 2392 653 2429 ob
674 2393 758 2429 soni
777 2392 1067 2429 similitudinem

404 2449 539 2485 malim
556 2461 778 2499 comparare
799 2462 888 2486 cum
902 2448 1064 2499 Compsa—

407 2509 440 2541 to
479 2506 557 2542 sive
601 2506 786 2543 Cossz'nite.
844 2506 901 2542 Ac
950 2507 1065 2556 longa

406 2561 661 2612 disputatione
690 2561 767 2611 (ad
794 2563 883 2599 Mel.
904 2562 958 2606 ΙΙ,
978 2564 1003 2602 2
1026 2563 1064 2607 §-

406 2619 431 2658 8
449 2631 538 2668 pag.
560 2619 640 2659 129
661 2631 766 2670 seqq.
789 2619 829 2654 in
841 2617 1062 2657 Tzschuck.

407 2681 502 2713 nott.
537 2675 700 2725 exegg.)
728 2675 941 2712 Gronovius
972 2674 1066 2712 illud

408 2730 558 2767 efficere
584 2730 710 2768 studet
727 2759 738 2775 ,
767 2731 917 2768 Aeliani
948 2730 1068 2768 Cossi-

408 2788 512 2825 nz‘tem
533 2787 701 2839 Scylacis
721 2786 776 2839 (ξ.
797 2788 869 2839 68)
900 2787 1069 2826 cudetum

1115 985 1151 1016 et
1163 974 1347 1016 Herodoti
1361 978 1584 1030 Compsatum
1595 977 1643 1016 ad
1651 991 1775 1016 unum

1115 1035 1358 1088 eundemque
1377 1038 1567 1087 pertinere
1595 1036 1772 1084 fluvium,

1114 1095 1220 1130 cuius
1242 1106 1384 1130 nomen
1406 1089 1637 1140 Κούσατος,
1667 1092 1776 1130 Cosa-

1114 1154 1171 1187 tus
1186 1164 1215 1187 s.
1238 1149 1390 1198 Casetus,
1420 1150 1487 1201 qui
1512 1149 1618 1186 idem
1647 1150 1693 1186 sit
1717 1156 1778 1185 at-

1117 1221 1191 1259 que
1210 1208 1359 1244 Nestus.
1406 1207 1464 1243 Ac
1485 1205 1618 1245 Nestus
1639 1206 1778 1243 fluvius

1117 1278 1137 1300 e
1158 1261 1345 1314 Rhodope
1365 1270 1498 1300 monte
1518 1276 1694 1310 exorsus,
1715 1264 1778 1299 in-

1117 1320 1242 1372 deque
1263 1320 1455 1370 'delapsus
1493 1320 1535 1356 in
1576 1320 1779 1370 Aegaeum

1116 1390 1222 1414 mare
1270 1375 1439 1427 Philippi
1479 1383 1517 1413 et
1568 1375 1779 1413 Alexandri

1116 1435 1250 1484 Magni
1294 1440 1417 1470 aetate
1450 1433 1719 1470 Macedoniam
1739 1439 1777 1470 et

1117 1490 1327 1528 Thraciam
1348 1491 1555 1542 Strymone
1568 1490 1686 1527 fluvio
1707 1503 1779 1526 an-

1118 1555 1180 1584 tea
1201 1549 1445 1584 terminatam
1463 1548 1674 1597 separabat.
1703 1548 1780 1583 Per

1117 1603 1292 1640 medium
1314 1617 1453 1642 aevum
1472 1605 1680 1641 vocabatur
1691 1601 1780 1643 Μέ-

1120 1673 1211 1706 στος
1232 1659 1355 1709 (unde
1384 1661 1500 1696 etiam
1531 1659 1572 1697 h.
1606 1661 1632 1696 l.
1652 1661 1779 1711 plures

1117 1715 1229 1754 codd.
1240 1716 1399 1756 Μέστον
1411 1715 1780 1767 ΡΓοΝέστον),ιιιιιιο

1116 1774 1346 1825 plerumque
1356 1774 1510 1810 obvenit
1518 1774 1676 1809 nomine
1694 1775 1781 1811 Κα-

1118 1826 1169 1881 ρά
1191 1830 1300 1869 Σουΐ
1317 1830 1379 1867 vel
1403 1828 1654 1881 Μαυρονὲρι.
1703 1831 1782 1866 Nos

1120 1886 1331 1924 diceremus
1354 1885 1609 1924 Sclewarzach.
1665 1886 1779 1923 Plura

1120 1942 1267 1980 dabunt
1290 1941 1513 1979 Tzschuck.
1539 1942 1588 1980 ad
1619 1943 1710 1981 Mel.
1732 1944 1781 1990 11,

1119 2002 1146 2040 2
1175 2001 1213 2045 ξ.
1244 2003 1269 2041 2
1288 2006 1386 2038 nott.
1424 2012 1560 2050 exegg.
1590 2011 1678 2050 pag.
1713 2001 1782 2040 69.

1119 2057 1258 2094 Wasse
1288 2055 1336 2092 ad
1358 2054 1598 2108 Thucyd.11‚
1620 2057 1672 2095 96
1694 2056 1782 2093 coll.

1119 2115 1255 2163 Poppo
1277 2111 1459 2164 Thucyd.
1478 2114 1508 2160 1,
1530 2116 1557 2154 2
1576 2124 1664 2163 pag.
1685 2110 1782 2152 335.

1120 2171 1308 2208 Mannert.
1330 2170 1356 2206 l.
1372 2170 1397 2209 l.
1418 2183 1458 2220 p.
1481 2171 1576 2210 216.
1633 2170 1683 2205 Et
1694 2166 1782 2219 vide

1120 2225 1265 2263 Herod.
1286 2226 1368 2274 VII,
1394 2228 1485 2266 126.

1179 2333 1255 2376 ἰών
1285 2357 1342 2365 —-
1372 2331 1563 2388 παρήϊε]
1633 2335 1782 2374 Similia

1123 2393 1315 2445 quaedam
1356 2394 1604 2430 excitavimus
1639 2391 1686 2429 ad
1717 2393 1781 2440 VI,

1121 2452 1188 2490 30.
1220 2449 1333 2487 Haud
1352 2451 1454 2487 male
1469 2447 1781 2499 Schweighaeus-

1122 2503 1198 2545 ἰών
1238 2506 1277 2544 h.
1309 2508 1336 2544 l.
1370 2508 1575 2557 expressit:
1634 2505 1780 2542 ulterius

1116 2564 1357 2614 progrediens.
1399 2584 1455 2591 —-
1500 2565 1547 2600 In
1585 2575 1692 2614 seqq.
1733 2559 1782 2597 ad

1122 2621 1237 2657 verba
1256 2615 1405 2670 ταύτην
1415 2615 1461 2658 τὰ
1473 2614 1670 2671 ’ὑποζύγια
1678 2618 1781 2668 μοῦ-

1124 2691 1175 2714 να
1196 2672 1395 2726 ἀρδόμενα
1431 2670 1651 2729 ἀνεξήρηνε
1679 2672 1780 2710 conf·

1124 2733 1206 2780 Vn,
1228 2733 1296 2773 43.
1324 2732 1495 2769 Verbum
1512 2729 1704 2784 ἄρδεσθαι
1719 2729 1780 2764 in-

1127 2790 1301 2826 venimus
1321 2788 1367 2837 V,
1401 2790 1465 2829 12.

1820 527 1841 577 ⁴
