<?xml version="1.0" encoding="UTF-8"?>
<!DOCTYPE html PUBLIC "-//W3C//DTD XHTML 1.0 Transitional//EN"
    "http://www.w3.org/TR/xhtml1/DTD/xhtml1-transitional.dtd">
<html xmlns="http://www.w3.org/1999/xhtml" xml:lang="en" lang="en">
 <head>
  <title>
</title>
<meta http-equiv="Content-Type" content="text/html;charset=utf-8" />
  <meta name='ocr-system' content='tesseract 3.04.00' />
  <meta name='ocr-capabilities' content='ocr_page ocr_carea ocr_par ocr_line ocrx_word'/>
</head>
<body>
  <div class='ocr_page' id='page_1' title='image "./musaeherodoto03hero/musaeherodoto03hero_0413.png"; bbox 0 0 1834 3258; ppageno 0'>
   <div class='ocr_carea' id='block_1_1' title="bbox 538 239 977 277">
    <p class='ocr_par' dir='ltr' id='par_1_1' title="bbox 538 239 977 277">
     <span class='ocr_line' id='line_1_1' title="bbox 538 239 977 277; baseline -0.005 -1"><span class='ocrx_word' id='word_1_1' title='bbox 538 239 977 277; x_wconf 86' lang='lat' dir='ltr'><strong>ERATO.V1.</strong></span> 
     </span>
    </p>
   </div>
   <div class='ocr_carea' id='block_1_2' title="bbox 130 341 1714 508">
    <p class='ocr_par' dir='ltr' id='par_1_2' title="bbox 130 341 1711 508">
     <span class='ocr_line' id='line_1_2' title="bbox 131 341 1711 410; baseline -0.007 -15"><span class='ocrx_word' id='word_1_2' title='bbox 131 350 192 403; x_wconf 83' lang='grc' dir='ltr'><em>εἷς</em></span> <span class='ocrx_word' id='word_1_3' title='bbox 215 349 325 407; x_wconf 77' lang='grc' dir='ltr'><em>ἀνὴρ</em></span> <span class='ocrx_word' id='word_1_4' title='bbox 357 349 556 393; x_wconf 75' lang='grc' dir='ltr'><em>ἀπίκετο·</em></span> <span class='ocrx_word' id='word_1_5' title='bbox 589 349 634 406; x_wconf 81' lang='grc' dir='ltr'><strong>(ἡ</strong></span> <span class='ocrx_word' id='word_1_6' title='bbox 666 349 712 392; x_wconf 78' lang='grc' dir='ltr'><strong>δὲ</strong></span> <span class='ocrx_word' id='word_1_7' title='bbox 743 347 939 404; x_wconf 77' lang='grc' dir='ltr'><em>Σύβαρις</em></span> <span class='ocrx_word' id='word_1_8' title='bbox 956 344 1114 403; x_wconf 78' lang='grc' dir='ltr'><strong><em>ἤκμαζε</em></strong></span> <span class='ocrx_word' id='word_1_9' title='bbox 1134 349 1296 388; x_wconf 80' lang='grc' dir='ltr'><em>τοῦτον</em></span> <span class='ocrx_word' id='word_1_10' title='bbox 1324 344 1400 388; x_wconf 81' lang='grc' dir='ltr'><strong>τὸν</strong></span> <span class='ocrx_word' id='word_1_11' title='bbox 1456 341 1711 410; x_wconf 51' lang='lat' dir='ltr'><strong>ffihfflpfiggsse·</strong></span> 
     </span>
     <span class='ocr_line' id='line_1_3' title="bbox 130 410 1714 508; baseline -0.006 -46"><span class='ocrx_word' id='word_1_12' title='bbox 130 418 291 476; x_wconf 85' lang='grc' dir='ltr'><em>χρόνον</em></span> <span class='ocrx_word' id='word_1_13' title='bbox 331 415 560 472; x_wconf 77' lang='grc' dir='ltr'><em>μάλιστα·)</em></span> <span class='ocrx_word' id='word_1_14' title='bbox 610 417 684 460; x_wconf 81' lang='grc' dir='ltr'><strong>καὶ</strong></span> <span class='ocrx_word' id='word_1_15' title='bbox 713 418 895 473; x_wconf 78' lang='grc' dir='ltr'><em>Σιρίτης</em></span> <span class='ocrx_word' id='word_1_16' title='bbox 925 414 1157 470; x_wconf 81' lang='grc' dir='ltr'><em>Δάμασος,</em></span> <span class='ocrx_word' id='word_1_17' title='bbox 1195 410 1399 468; x_wconf 79' lang='grc' dir='ltr'><strong><em>Ἀμύριος</em></strong></span> <span class='ocrx_word' id='word_1_18' title='bbox 1455 410 1714 508; x_wconf 45' lang='grc' dir='ltr'><strong>ἓρῗῃῇἓξᾎιὲἓῑξξ</strong></span> 
     </span>
    </p>
   </div>
   <div class='ocr_carea' id='block_1_3' title="bbox 103 479 1400 540">
    <p class='ocr_par' dir='ltr' id='par_1_3' title="bbox 103 479 1400 540">
     <span class='ocr_line' id='line_1_4' title="bbox 103 479 1400 540; baseline -0.005 -12"><span class='ocrx_word' id='word_1_19' title='bbox 103 488 212 530; x_wconf 76' lang='grc' dir='ltr'><strong>2τοῦ</strong></span> <span class='ocrx_word' id='word_1_20' title='bbox 241 488 389 540; x_wconf 83' lang='grc' dir='ltr'><em>σοφοῦ</em></span> <span class='ocrx_word' id='word_1_21' title='bbox 417 483 653 540; x_wconf 78' lang='grc' dir='ltr'><em>λεγομένου</em></span> <span class='ocrx_word' id='word_1_22' title='bbox 683 484 796 536; x_wconf 77' lang='grc' dir='ltr'><em>πάις.</em></span> <span class='ocrx_word' id='word_1_23' title='bbox 847 485 972 527; x_wconf 79' lang='grc' dir='ltr'><em>οὗτοι</em></span> <span class='ocrx_word' id='word_1_24' title='bbox 1002 483 1081 538; x_wconf 78' lang='grc' dir='ltr'><em>μὲν</em></span> <span class='ocrx_word' id='word_1_25' title='bbox 1111 479 1195 524; x_wconf 86' lang='grc' dir='ltr'><strong>α’πό</strong></span> <span class='ocrx_word' id='word_1_26' title='bbox 1225 479 1400 536; x_wconf 81' lang='grc' dir='ltr'><strong><em>Ἰταλίης</em></strong></span> 
     </span>
    </p>
   </div>
   <div class='ocr_carea' id='block_1_4' title="bbox 1311 237 1395 276">
    <p class='ocr_par' dir='ltr' id='par_1_4' title="bbox 1311 237 1395 276">
     <span class='ocr_line' id='line_1_5' title="bbox 1311 237 1395 276; baseline -0.012 0"><span class='ocrx_word' id='word_1_27' title='bbox 1311 237 1395 276; x_wconf 76' lang='lat'><strong>403</strong></span> 
     </span>
    </p>
   </div>
   <div class='ocr_carea' id='block_1_5' title="bbox 1455 515 1519 541">
    <p class='ocr_par' dir='ltr' id='par_1_5' title="bbox 1455 515 1519 541">
     <span class='ocr_line' id='line_1_6' title="bbox 1455 515 1519 541; baseline 0 0"><span class='ocrx_word' id='word_1_28' title='bbox 1455 515 1519 541; x_wconf 81' lang='lat' dir='ltr'><strong>filiu</strong></span> 
     </span>
    </p>
   </div>
   <div class='ocr_carea' id='block_1_6' title="bbox 128 547 1454 678">
    <p class='ocr_par' dir='ltr' id='par_1_6' title="bbox 128 547 1454 678">
     <span class='ocr_line' id='line_1_7' title="bbox 128 547 1454 611; baseline -0.005 -15"><span class='ocrx_word' id='word_1_29' title='bbox 128 548 283 611; x_wconf 76' lang='grc' dir='ltr'><em>ἦλθον.</em></span> <span class='ocrx_word' id='word_1_30' title='bbox 335 551 407 596; x_wconf 85' lang='grc' dir='ltr'><strong>Ἐκ</strong></span> <span class='ocrx_word' id='word_1_31' title='bbox 449 553 496 597; x_wconf 81' lang='grc' dir='ltr'><strong>δὲ</strong></span> <span class='ocrx_word' id='word_1_32' title='bbox 535 556 617 596; x_wconf 85' lang='grc' dir='ltr'><strong>τοῦ</strong></span> <span class='ocrx_word' id='word_1_33' title='bbox 655 551 824 597; x_wconf 80' lang='grc' dir='ltr'><em>κόλπου</em></span> <span class='ocrx_word' id='word_1_34' title='bbox 845 555 926 595; x_wconf 84' lang='grc' dir='ltr'><strong>τοῦ</strong></span> <span class='ocrx_word' id='word_1_35' title='bbox 955 549 1136 602; x_wconf 84' lang='grc' dir='ltr'><em>Ἰονίου</em></span> <span class='ocrx_word' id='word_1_36' title='bbox 1165 547 1398 606; x_wconf 83' lang='grc' dir='ltr'><em>Ἀμφίμνη-</em></span> <span class='ocrx_word' id='word_1_37' title='bbox 1410 557 1454 590; x_wconf 82' lang='grc'><strong>55</strong></span> 
     </span>
     <span class='ocr_line' id='line_1_8' title="bbox 128 612 1397 678; baseline -0.005 -13"><span class='ocrx_word' id='word_1_38' title='bbox 128 632 227 671; x_wconf 78' lang='grc' dir='ltr'><em>στος</em></span> <span class='ocrx_word' id='word_1_39' title='bbox 245 617 541 678; x_wconf 79' lang='grc' dir='ltr'><em>Ἐπιστρόφου</em></span> <span class='ocrx_word' id='word_1_40' title='bbox 571 619 867 676; x_wconf 79' lang='grc' dir='ltr'><em>Ἐπιδάμνιος·</em></span> <span class='ocrx_word' id='word_1_41' title='bbox 900 612 1032 669; x_wconf 73' lang='grc' dir='ltr'><em>οὗτος</em></span> <span class='ocrx_word' id='word_1_42' title='bbox 1063 618 1109 660; x_wconf 81' lang='grc' dir='ltr'><strong>δὲ</strong></span> <span class='ocrx_word' id='word_1_43' title='bbox 1139 616 1185 660; x_wconf 79' lang='grc' dir='ltr'><strong>ἐκ</strong></span> <span class='ocrx_word' id='word_1_44' title='bbox 1215 621 1296 660; x_wconf 86' lang='grc' dir='ltr'><strong>τοῦ</strong></span> <span class='ocrx_word' id='word_1_45' title='bbox 1323 615 1397 660; x_wconf 87' lang='lat'><em>’10-</em></span> 
     </span>
    </p>
   </div>
   <div class='ocr_carea' id='block_1_7' title="bbox 125 686 456 733">
    <p class='ocr_par' dir='ltr' id='par_1_7' title="bbox 125 686 456 733">
     <span class='ocr_line' id='line_1_9' title="bbox 125 686 456 733; baseline -0.006 -1"><span class='ocrx_word' id='word_1_46' title='bbox 125 690 226 733; x_wconf 84' lang='grc' dir='ltr'><em>νίου</em></span> <span class='ocrx_word' id='word_1_47' title='bbox 275 686 456 732; x_wconf 81' lang='grc' dir='ltr'><em>κόλπου.</em></span> 
     </span>
    </p>
   </div>
   <div class='ocr_carea' id='block_1_8' title="bbox 526 683 1398 743">
    <p class='ocr_par' dir='ltr' id='par_1_8' title="bbox 526 683 1398 743">
     <span class='ocr_line' id='line_1_10' title="bbox 526 683 1398 743; baseline -0.003 -12"><span class='ocrx_word' id='word_1_48' title='bbox 526 688 720 740; x_wconf 84' lang='grc' dir='ltr'><em>Αἰτωλὸς</em></span> <span class='ocrx_word' id='word_1_49' title='bbox 766 687 813 732; x_wconf 78' lang='grc' dir='ltr'><strong>δὲ</strong></span> <span class='ocrx_word' id='word_1_50' title='bbox 859 683 992 743; x_wconf 80' lang='grc' dir='ltr'><em>ἦλθε,</em></span> <span class='ocrx_word' id='word_1_51' title='bbox 1045 686 1265 740; x_wconf 76' lang='grc' dir='ltr'><em>Τιτόρμου</em></span> <span class='ocrx_word' id='word_1_52' title='bbox 1317 689 1398 729; x_wconf 87' lang='grc' dir='ltr'><strong>τοῦ</strong></span> 
     </span>
    </p>
   </div>
   <div class='ocr_carea' id='block_1_9' title="bbox 96 751 1455 948">
    <p class='ocr_par' dir='ltr' id='par_1_9' title="bbox 96 751 1455 948">
     <span class='ocr_line' id='line_1_11' title="bbox 124 751 1401 813; baseline -0.003 -13"><span class='ocrx_word' id='word_1_53' title='bbox 124 754 406 811; x_wconf 78' lang='grc' dir='ltr'><em>ὑπερφύντος</em></span> <span class='ocrx_word' id='word_1_54' title='bbox 441 772 485 800; x_wconf 86' lang='grc' dir='ltr'><em>τε</em></span> <span class='ocrx_word' id='word_1_55' title='bbox 510 756 727 813; x_wconf 61' lang='lat' dir='ltr'><strong>‘&#39;EM-qvas</strong></span> <span class='ocrx_word' id='word_1_56' title='bbox 770 753 908 812; x_wconf 82' lang='grc' dir='ltr'><em>ἰσχύϊ,</em></span> <span class='ocrx_word' id='word_1_57' title='bbox 960 755 1034 798; x_wconf 84' lang='grc' dir='ltr'><strong>καὶ</strong></span> <span class='ocrx_word' id='word_1_58' title='bbox 1075 754 1296 810; x_wconf 81' lang='grc' dir='ltr'><em>φυγόντος</em></span> <span class='ocrx_word' id='word_1_59' title='bbox 1327 751 1401 796; x_wconf 81' lang='grc' dir='ltr'><em>ἆν-</em></span> 
     </span>
     <span class='ocr_line' id='line_1_12' title="bbox 124 820 1399 880; baseline -0.002 -12"><span class='ocrx_word' id='word_1_60' title='bbox 124 823 335 879; x_wconf 78' lang='grc' dir='ltr'><em>θρώπους</em></span> <span class='ocrx_word' id='word_1_61' title='bbox 354 824 397 876; x_wconf 77' lang='grc' dir='ltr'><em>ἐς</em></span> <span class='ocrx_word' id='word_1_62' title='bbox 425 825 502 875; x_wconf 71' lang='grc' dir='ltr'><em>τοὶς</em></span> <span class='ocrx_word' id='word_1_63' title='bbox 533 823 728 880; x_wconf 77' lang='grc' dir='ltr'><em>ἐσχατιὰς</em></span> <span class='ocrx_word' id='word_1_64' title='bbox 748 828 825 880; x_wconf 80' lang='grc' dir='ltr'><strong>τῆς</strong></span> <span class='ocrx_word' id='word_1_65' title='bbox 855 823 1095 872; x_wconf 80' lang='grc' dir='ltr'><em>Αἰτωλίδος</em></span> <span class='ocrx_word' id='word_1_66' title='bbox 1112 820 1265 878; x_wconf 79' lang='grc' dir='ltr'><em>χώρης,</em></span> <span class='ocrx_word' id='word_1_67' title='bbox 1296 820 1399 865; x_wconf 79' lang='grc' dir='ltr'><em>τού-</em></span> 
     </span>
     <span class='ocr_line' id='line_1_13' title="bbox 96 887 1455 948; baseline -0.003 -14"><span class='ocrx_word' id='word_1_68' title='bbox 96 898 210 936; x_wconf 84' lang='grc' dir='ltr'><em>3του</em></span> <span class='ocrx_word' id='word_1_69' title='bbox 249 895 332 935; x_wconf 82' lang='grc' dir='ltr'><strong>τοῦ</strong></span> <span class='ocrx_word' id='word_1_70' title='bbox 366 891 588 947; x_wconf 85' lang='grc' dir='ltr'><em>Τιτόρμου</em></span> <span class='ocrx_word' id='word_1_71' title='bbox 628 891 839 948; x_wconf 78' lang='grc' dir='ltr'><em>ἀδελφεὸς</em></span> <span class='ocrx_word' id='word_1_72' title='bbox 867 889 1041 946; x_wconf 80' lang='grc' dir='ltr'><em>Μάλης.</em></span> <span class='ocrx_word' id='word_1_73' title='bbox 1094 887 1197 933; x_wconf 73' lang='lat' dir='ltr'><strong>&#39;And</strong></span> <span class='ocrx_word' id='word_1_74' title='bbox 1229 890 1276 935; x_wconf 80' lang='grc' dir='ltr'><strong>δὲ</strong></span> <span class='ocrx_word' id='word_1_75' title='bbox 1308 893 1455 934; x_wconf 83' lang='grc' dir='ltr'><em>Πε-6ο</em></span> 
     </span>
    </p>
   </div>
   <div class='ocr_carea' id='block_1_10' title="bbox 69 1004 346 1010">
    <p class='ocr_par' dir='ltr' id='par_1_10' title="bbox 69 1004 346 1010">
     <span class='ocr_line' id='line_1_14' title="bbox 69 1004 346 1010; baseline 0 0"><span class='ocrx_word' id='word_1_76' title='bbox 69 1004 346 1010; x_wconf 95' lang='lat' dir='ltr'><strong> </strong></span> 
     </span>
    </p>
   </div>
   <div class='ocr_carea' id='block_1_11' title="bbox 71 1051 734 1108">
    <p class='ocr_par' dir='ltr' id='par_1_11' title="bbox 71 1051 734 1108">
     <span class='ocr_line' id='line_1_15' title="bbox 71 1051 734 1108; baseline -0.003 -15"><span class='ocrx_word' id='word_1_77' title='bbox 71 1055 249 1108; x_wconf 87' lang='lat' dir='ltr'><strong>dyridam</strong></span> <span class='ocrx_word' id='word_1_78' title='bbox 289 1055 559 1108; x_wconf 81' lang='lat' dir='ltr'><strong>sequebantur.</strong></span> <span class='ocrx_word' id='word_1_79' title='bbox 630 1051 734 1091; x_wconf 87' lang='lat' dir='ltr'><strong>Add.</strong></span> 
     </span>
    </p>
   </div>
   <div class='ocr_carea' id='block_1_12' title="bbox 67 1112 734 1336">
    <p class='ocr_par' dir='ltr' id='par_1_12' title="bbox 67 1112 734 1336">
     <span class='ocr_line' id='line_1_16' title="bbox 74 1112 733 1163; baseline -0.006 -12"><span class='ocrx_word' id='word_1_80' title='bbox 74 1112 271 1151; x_wconf 73' lang='lat' dir='ltr'><strong>Suidass.</strong></span> <span class='ocrx_word' id='word_1_81' title='bbox 292 1126 329 1151; x_wconf 82' lang='lat' dir='ltr'><strong>v.</strong></span> <span class='ocrx_word' id='word_1_82' title='bbox 364 1112 651 1163; x_wconf 80' lang='grc' dir='ltr'><em>Συβαριτικαῖς</em></span> <span class='ocrx_word' id='word_1_83' title='bbox 681 1112 733 1147; x_wconf 92' lang='grc' dir='ltr'><strong>Τ.</strong></span> 
     </span>
     <span class='ocr_line' id='line_1_17' title="bbox 67 1168 732 1220; baseline -0.005 -13"><span class='ocrx_word' id='word_1_84' title='bbox 67 1171 123 1207; x_wconf 91' lang='lat' dir='ltr'><strong>III</strong></span> <span class='ocrx_word' id='word_1_85' title='bbox 147 1183 186 1220; x_wconf 88' lang='lat' dir='ltr'><strong>p.</strong></span> <span class='ocrx_word' id='word_1_86' title='bbox 217 1171 313 1210; x_wconf 84' lang='lat'><strong>387.</strong></span> <span class='ocrx_word' id='word_1_87' title='bbox 334 1169 483 1205; x_wconf 87' lang='lat' dir='ltr'><strong>Aelian.</strong></span> <span class='ocrx_word' id='word_1_88' title='bbox 504 1169 552 1206; x_wconf 91' lang='lat' dir='ltr'><strong>V.</strong></span> <span class='ocrx_word' id='word_1_89' title='bbox 584 1170 633 1204; x_wconf 94' lang='lat' dir='ltr'><strong>H.</strong></span> <span class='ocrx_word' id='word_1_90' title='bbox 662 1168 732 1216; x_wconf 88' lang='lat' dir='ltr'><strong>IX,</strong></span> 
     </span>
     <span class='ocr_line' id='line_1_18' title="bbox 68 1224 734 1278; baseline -0.008 -13"><span class='ocrx_word' id='word_1_91' title='bbox 68 1225 134 1269; x_wconf 82' lang='lat'><strong>24.</strong></span> <span class='ocrx_word' id='word_1_92' title='bbox 156 1227 243 1274; x_wconf 87' lang='lat' dir='ltr'><strong>XII,</strong></span> <span class='ocrx_word' id='word_1_93' title='bbox 265 1224 332 1274; x_wconf 83' lang='lat'><strong>24,</strong></span> <span class='ocrx_word' id='word_1_94' title='bbox 352 1227 482 1278; x_wconf 84' lang='lat' dir='ltr'>ibique</span> <span class='ocrx_word' id='word_1_95' title='bbox 496 1226 675 1262; x_wconf 86' lang='lat' dir='ltr'><strong>Perizon.</strong></span> <span class='ocrx_word' id='word_1_96' title='bbox 697 1231 734 1261; x_wconf 87' lang='lat' dir='ltr'><strong>et</strong></span> 
     </span>
     <span class='ocr_line' id='line_1_19' title="bbox 68 1281 734 1336; baseline -0.003 -17"><span class='ocrx_word' id='word_1_97' title='bbox 68 1295 167 1336; x_wconf 87' lang='lat' dir='ltr'><strong>quae</strong></span> <span class='ocrx_word' id='word_1_98' title='bbox 188 1284 261 1319; x_wconf 85' lang='lat' dir='ltr'><strong>alia</strong></span> <span class='ocrx_word' id='word_1_99' title='bbox 281 1282 329 1319; x_wconf 91' lang='lat' dir='ltr'><strong>de</strong></span> <span class='ocrx_word' id='word_1_100' title='bbox 358 1282 431 1319; x_wconf 86' lang='lat' dir='ltr'><strong>hac</strong></span> <span class='ocrx_word' id='word_1_101' title='bbox 461 1281 734 1334; x_wconf 81' lang='lat' dir='ltr'><strong>Smindyridae</strong></span> 
     </span>
    </p>
   </div>
   <div class='ocr_carea' id='block_1_13' title="bbox 10 1338 735 1391">
    <p class='ocr_par' dir='ltr' id='par_1_13' title="bbox 10 1338 735 1391">
     <span class='ocr_line' id='line_1_20' title="bbox 10 1338 735 1391; baseline -0.003 -13"><span class='ocrx_word' id='word_1_102' title='bbox 10 1383 43 1390; x_wconf 16' lang='grc' dir='ltr'><strong>,ί</strong></span> <span class='ocrx_word' id='word_1_103' title='bbox 68 1341 221 1378; x_wconf 83' lang='lat' dir='ltr'><strong>luxuria</strong></span> <span class='ocrx_word' id='word_1_104' title='bbox 252 1338 355 1391; x_wconf 82' lang='lat' dir='ltr'><strong>apud</strong></span> <span class='ocrx_word' id='word_1_105' title='bbox 388 1345 533 1377; x_wconf 87' lang='lat' dir='ltr'><strong>veteres</strong></span> <span class='ocrx_word' id='word_1_106' title='bbox 565 1340 735 1377; x_wconf 84' lang='lat' dir='ltr'><strong>multum</strong></span> 
     </span>
    </p>
   </div>
   <div class='ocr_carea' id='block_1_14' title="bbox 69 1396 739 2926">
    <p class='ocr_par' dir='ltr' id='par_1_14' title="bbox 69 1396 733 1506">
     <span class='ocr_line' id='line_1_21' title="bbox 69 1396 733 1449; baseline -0.002 -15"><span class='ocrx_word' id='word_1_107' title='bbox 69 1403 281 1449; x_wconf 84' lang='lat' dir='ltr'><strong>propagata</strong></span> <span class='ocrx_word' id='word_1_108' title='bbox 302 1397 442 1435; x_wconf 85' lang='lat' dir='ltr'><strong>excitat</strong></span> <span class='ocrx_word' id='word_1_109' title='bbox 462 1396 634 1436; x_wconf 76' lang='lat' dir='ltr'><strong>Schultz,</strong></span> <span class='ocrx_word' id='word_1_110' title='bbox 657 1397 733 1434; x_wconf 89' lang='grc'><strong>1.1.</strong></span> 
     </span>
     <span class='ocr_line' id='line_1_22' title="bbox 70 1456 393 1506; baseline 0.016 -16"><span class='ocrx_word' id='word_1_111' title='bbox 70 1467 160 1506; x_wconf 86' lang='lat' dir='ltr'><strong>pag.</strong></span> <span class='ocrx_word' id='word_1_112' title='bbox 181 1456 206 1494; x_wconf 88' lang='lat'>9</span> <span class='ocrx_word' id='word_1_113' title='bbox 227 1461 308 1491; x_wconf 88' lang='lat' dir='ltr'><strong>not.</strong></span> <span class='ocrx_word' id='word_1_114' title='bbox 328 1456 393 1495; x_wconf 86' lang='lat'><strong>17.</strong></span> 
     </span>
    </p>

    <p class='ocr_par' dir='ltr' id='par_1_15' title="bbox 69 1505 738 2245">
     <span class='ocr_line' id='line_1_23' title="bbox 126 1505 738 1563; baseline -0.002 -14"><span class='ocrx_word' id='word_1_115' title='bbox 126 1527 153 1562; x_wconf 88' lang='grc' dir='ltr'><em>η</em></span> <span class='ocrx_word' id='word_1_116' title='bbox 179 1508 222 1549; x_wconf 83' lang='grc' dir='ltr'><strong>δὲ</strong></span> <span class='ocrx_word' id='word_1_117' title='bbox 233 1507 414 1563; x_wconf 80' lang='grc' dir='ltr'><em>Σύβαρις</em></span> <span class='ocrx_word' id='word_1_118' title='bbox 432 1506 642 1562; x_wconf 72' lang='grc' dir='ltr'><em>ηκμαζε-</em></span> <span class='ocrx_word' id='word_1_119' title='bbox 659 1505 738 1560; x_wconf 74' lang='grc' dir='ltr'><strong>μᾶ-</strong></span> 
     </span>
     <span class='ocr_line' id='line_1_24' title="bbox 70 1566 736 1619; baseline -0.006 -12"><span class='ocrx_word' id='word_1_120' title='bbox 70 1568 201 1616; x_wconf 84' lang='grc' dir='ltr'><em>λιστα]</em></span> <span class='ocrx_word' id='word_1_121' title='bbox 223 1567 405 1619; x_wconf 85' lang='lat' dir='ltr'>Respexit</span> <span class='ocrx_word' id='word_1_122' title='bbox 416 1567 574 1605; x_wconf 81' lang='lat' dir='ltr'>forsitan</span> <span class='ocrx_word' id='word_1_123' title='bbox 587 1566 636 1604; x_wconf 85' lang='lat' dir='ltr'><strong>ad</strong></span> <span class='ocrx_word' id='word_1_124' title='bbox 655 1567 736 1604; x_wconf 86' lang='lat' dir='ltr'><strong>cla-</strong></span> 
     </span>
     <span class='ocr_line' id='line_1_25' title="bbox 71 1623 737 1677; baseline -0.002 -16"><span class='ocrx_word' id='word_1_125' title='bbox 71 1623 163 1661; x_wconf 88' lang='lat' dir='ltr'><strong>dem</strong></span> <span class='ocrx_word' id='word_1_126' title='bbox 182 1625 311 1673; x_wconf 87' lang='lat' dir='ltr'><strong>illam,</strong></span> <span class='ocrx_word' id='word_1_127' title='bbox 344 1637 461 1677; x_wconf 88' lang='lat' dir='ltr'><strong>quam</strong></span> <span class='ocrx_word' id='word_1_128' title='bbox 492 1626 595 1661; x_wconf 81' lang='lat' dir='ltr'><strong>ulbis</strong></span> <span class='ocrx_word' id='word_1_129' title='bbox 625 1636 737 1661; x_wconf 87' lang='lat' dir='ltr'><strong>ever-</strong></span> 
     </span>
     <span class='ocr_line' id='line_1_26' title="bbox 71 1682 734 1734; baseline -0.003 -15"><span class='ocrx_word' id='word_1_130' title='bbox 71 1682 125 1719; x_wconf 86' lang='lat' dir='ltr'><strong>sio</strong></span> <span class='ocrx_word' id='word_1_131' title='bbox 153 1689 283 1719; x_wconf 88' lang='lat' dir='ltr'><strong>secuta</strong></span> <span class='ocrx_word' id='word_1_132' title='bbox 311 1688 366 1718; x_wconf 84' lang='lat' dir='ltr'><strong>est</strong></span> <span class='ocrx_word' id='word_1_133' title='bbox 390 1683 544 1734; x_wconf 85' lang='lat' dir='ltr'><strong>Olymp.</strong></span> <span class='ocrx_word' id='word_1_134' title='bbox 579 1682 734 1729; x_wconf 85' lang='lat' dir='ltr'>LXVII,</span> 
     </span>
     <span class='ocr_line' id='line_1_27' title="bbox 71 1737 735 1789; baseline -0.002 -14"><span class='ocrx_word' id='word_1_135' title='bbox 71 1742 98 1780; x_wconf 80' lang='lat'>2</span> <span class='ocrx_word' id='word_1_136' title='bbox 117 1752 147 1775; x_wconf 97' lang='grc'><strong>5.</strong></span> <span class='ocrx_word' id='word_1_137' title='bbox 168 1738 250 1780; x_wconf 88' lang='lat'><strong>510</strong></span> <span class='ocrx_word' id='word_1_138' title='bbox 271 1751 305 1776; x_wconf 83' lang='lat' dir='ltr'><strong>a.</strong></span> <span class='ocrx_word' id='word_1_139' title='bbox 328 1737 418 1776; x_wconf 91' lang='lat' dir='ltr'><strong>Chr.</strong></span> <span class='ocrx_word' id='word_1_140' title='bbox 438 1752 477 1775; x_wconf 88' lang='lat'><strong>11.</strong></span> <span class='ocrx_word' id='word_1_141' title='bbox 492 1740 735 1789; x_wconf 77' lang='lat' dir='ltr'><strong>Quantopere</strong></span> 
     </span>
     <span class='ocr_line' id='line_1_28' title="bbox 71 1794 736 1846; baseline 0.002 -15"><span class='ocrx_word' id='word_1_142' title='bbox 71 1802 202 1832; x_wconf 83' lang='lat' dir='ltr'><strong>autem</strong></span> <span class='ocrx_word' id='word_1_143' title='bbox 227 1802 341 1832; x_wconf 87' lang='lat' dir='ltr'><strong>antea</strong></span> <span class='ocrx_word' id='word_1_144' title='bbox 364 1794 547 1832; x_wconf 82' lang='lat' dir='ltr'><strong>ducentos</strong></span> <span class='ocrx_word' id='word_1_145' title='bbox 568 1796 647 1832; x_wconf 86' lang='lat' dir='ltr'><strong>fere</strong></span> <span class='ocrx_word' id='word_1_146' title='bbox 668 1807 736 1846; x_wconf 87' lang='lat' dir='ltr'><strong>per</strong></span> 
     </span>
     <span class='ocr_line' id='line_1_29' title="bbox 71 1850 737 1889; baseline 0 -1"><span class='ocrx_word' id='word_1_147' title='bbox 71 1865 193 1889; x_wconf 79' lang='lat' dir='ltr'><strong>annos</strong></span> <span class='ocrx_word' id='word_1_148' title='bbox 220 1851 389 1889; x_wconf 87' lang='lat' dir='ltr'><strong>floruerit</strong></span> <span class='ocrx_word' id='word_1_149' title='bbox 416 1853 481 1888; x_wconf 83' lang='lat' dir='ltr'><strong>illa</strong></span> <span class='ocrx_word' id='word_1_150' title='bbox 496 1853 585 1889; x_wconf 83' lang='lat' dir='ltr'><strong>urbs</strong></span> <span class='ocrx_word' id='word_1_151' title='bbox 605 1850 737 1888; x_wconf 88' lang='lat' dir='ltr'><strong>homi-</strong></span> 
     </span>
     <span class='ocr_line' id='line_1_30' title="bbox 70 1907 737 1961; baseline -0.003 -15"><span class='ocrx_word' id='word_1_152' title='bbox 70 1920 169 1946; x_wconf 85' lang='lat' dir='ltr'><strong>num</strong></span> <span class='ocrx_word' id='word_1_153' title='bbox 187 1907 425 1961; x_wconf 59' lang='lat' dir='ltr'><strong>frequentia,</strong></span> <span class='ocrx_word' id='word_1_154' title='bbox 457 1910 581 1945; x_wconf 91' lang='lat' dir='ltr'><strong>omnis</strong></span> <span class='ocrx_word' id='word_1_155' title='bbox 610 1918 737 1959; x_wconf 72' lang='lat' dir='ltr'><strong>‘gene-</strong></span> 
     </span>
     <span class='ocr_line' id='line_1_31' title="bbox 71 1964 736 2017; baseline 0 -15"><span class='ocrx_word' id='word_1_156' title='bbox 71 1966 121 2002; x_wconf 89' lang='lat' dir='ltr'><strong>ris</strong></span> <span class='ocrx_word' id='word_1_157' title='bbox 143 1966 277 2016; x_wconf 88' lang='lat' dir='ltr'><strong>opibus</strong></span> <span class='ocrx_word' id='word_1_158' title='bbox 297 1973 411 2017; x_wconf 83' lang='lat' dir='ltr'><strong>atque</strong></span> <span class='ocrx_word' id='word_1_159' title='bbox 434 1964 591 2012; x_wconf 80' lang='lat' dir='ltr'><strong>divitiis,</strong></span> <span class='ocrx_word' id='word_1_160' title='bbox 622 1972 736 2002; x_wconf 82' lang='lat' dir='ltr'><strong>testes</strong></span> 
     </span>
     <span class='ocr_line' id='line_1_32' title="bbox 70 2022 736 2073; baseline -0.002 -13"><span class='ocrx_word' id='word_1_161' title='bbox 70 2028 160 2060; x_wconf 89' lang='lat' dir='ltr'><strong>sunt</strong></span> <span class='ocrx_word' id='word_1_162' title='bbox 186 2023 426 2072; x_wconf 84' lang='lat' dir='ltr'><strong>potissimum</strong></span> <span class='ocrx_word' id='word_1_163' title='bbox 458 2022 595 2059; x_wconf 84' lang='lat' dir='ltr'><strong>Strabo</strong></span> <span class='ocrx_word' id='word_1_164' title='bbox 626 2022 677 2058; x_wconf 87' lang='lat' dir='ltr'><strong>Vl</strong></span> <span class='ocrx_word' id='word_1_165' title='bbox 697 2036 736 2073; x_wconf 87' lang='lat' dir='ltr'><strong>p.</strong></span> 
     </span>
     <span class='ocr_line' id='line_1_33' title="bbox 69 2077 735 2125; baseline -0.008 -5"><span class='ocrx_word' id='word_1_166' title='bbox 69 2081 152 2120; x_wconf 83' lang='lat'><strong>263</strong></span> <span class='ocrx_word' id='word_1_167' title='bbox 173 2091 203 2116; x_wconf 85' lang='lat' dir='ltr'><strong>S.</strong></span> <span class='ocrx_word' id='word_1_168' title='bbox 224 2077 306 2120; x_wconf 81' lang='grc'><strong>404</strong></span> <span class='ocrx_word' id='word_1_169' title='bbox 326 2080 375 2116; x_wconf 91' lang='lat' dir='ltr'><strong>A.</strong></span> <span class='ocrx_word' id='word_1_170' title='bbox 405 2078 565 2116; x_wconf 85' lang='lat' dir='ltr'><strong>Diodor.</strong></span> <span class='ocrx_word' id='word_1_171' title='bbox 586 2080 672 2125; x_wconf 86' lang='lat' dir='ltr'>XII,</span> <span class='ocrx_word' id='word_1_172' title='bbox 696 2081 735 2119; x_wconf 86' lang='lat'><strong>9.</strong></span> 
     </span>
     <span class='ocr_line' id='line_1_34' title="bbox 69 2134 738 2187; baseline 0.003 -14"><span class='ocrx_word' id='word_1_173' title='bbox 69 2134 213 2173; x_wconf 83' lang='lat' dir='ltr'><strong>Athen.</strong></span> <span class='ocrx_word' id='word_1_174' title='bbox 245 2136 332 2185; x_wconf 90' lang='lat' dir='ltr'><strong>XII,</strong></span> <span class='ocrx_word' id='word_1_175' title='bbox 367 2137 546 2178; x_wconf 52' lang='lat'>15—*21</span> <span class='ocrx_word' id='word_1_176' title='bbox 579 2148 619 2187; x_wconf 87' lang='lat' dir='ltr'><strong>p-</strong></span> <span class='ocrx_word' id='word_1_177' title='bbox 655 2134 738 2176; x_wconf 85' lang='lat'><strong>518</strong></span> 
     </span>
     <span class='ocr_line' id='line_1_35' title="bbox 72 2193 233 2245; baseline -0.014 -15"><span class='ocrx_word' id='word_1_178' title='bbox 72 2193 114 2230; x_wconf 85' lang='lat' dir='ltr'><strong>C.</strong></span> <span class='ocrx_word' id='word_1_179' title='bbox 124 2204 233 2245; x_wconf 88' lang='lat' dir='ltr'><strong>seqq.</strong></span> 
     </span>
    </p>

    <p class='ocr_par' dir='ltr' id='par_1_16' title="bbox 69 2242 739 2926">
     <span class='ocr_line' id='line_1_36' title="bbox 127 2242 739 2316; baseline -0.003 -28"><span class='ocrx_word' id='word_1_180' title='bbox 127 2248 197 2289; x_wconf 81' lang='grc' dir='ltr'><strong>καὶ</strong></span> <span class='ocrx_word' id='word_1_181' title='bbox 217 2247 382 2316; x_wconf 81' lang='grc' dir='ltr'><em>Σιρίτης</em></span> <span class='ocrx_word' id='word_1_182' title='bbox 407 2245 599 2301; x_wconf 81' lang='grc' dir='ltr'><em>Δαμασος</em></span> <span class='ocrx_word' id='word_1_183' title='bbox 616 2242 739 2300; x_wconf 65' lang='lat' dir='ltr'><strong>&#39;Ama&#39;-</strong></span> 
     </span>
     <span class='ocr_line' id='line_1_37' title="bbox 74 2304 738 2371; baseline 0 -27"><span class='ocrx_word' id='word_1_184' title='bbox 74 2319 160 2371; x_wconf 83' lang='grc' dir='ltr'><em>ριος</em></span> <span class='ocrx_word' id='word_1_185' title='bbox 217 2309 289 2345; x_wconf 85' lang='grc' dir='ltr'><strong>τοῦ</strong></span> <span class='ocrx_word' id='word_1_186' title='bbox 340 2309 472 2355; x_wconf 84' lang='grc' dir='ltr'><em>σοφοῦ</em></span> <span class='ocrx_word' id='word_1_187' title='bbox 525 2304 738 2357; x_wconf 81' lang='grc' dir='ltr'><em>λεγομένου</em></span> 
     </span>
     <span class='ocr_line' id='line_1_38' title="bbox 69 2357 734 2413; baseline -0.002 -12"><span class='ocrx_word' id='word_1_188' title='bbox 69 2357 198 2411; x_wconf 78' lang='grc' dir='ltr'><em>πᾶίς]</em></span> <span class='ocrx_word' id='word_1_189' title='bbox 227 2364 327 2399; x_wconf 80' lang='lat' dir='ltr'><strong>Male</strong></span> <span class='ocrx_word' id='word_1_190' title='bbox 348 2364 441 2400; x_wconf 87' lang='grc'><strong>011111</strong></span> <span class='ocrx_word' id='word_1_191' title='bbox 461 2358 604 2413; x_wconf 82' lang='grc' dir='ltr'><em>Δάμας</em></span> <span class='ocrx_word' id='word_1_192' title='bbox 626 2360 734 2402; x_wconf 57' lang='lat'><strong>620&lt;-</strong></span> 
     </span>
     <span class='ocr_line' id='line_1_39' title="bbox 73 2414 735 2471; baseline -0.002 -14"><span class='ocrx_word' id='word_1_193' title='bbox 73 2414 229 2471; x_wconf 76' lang='grc' dir='ltr'><em>μύριος.</em></span> <span class='ocrx_word' id='word_1_194' title='bbox 302 2421 402 2457; x_wconf 83' lang='grc' dir='ltr'><strong>Ν3111</strong></span> <span class='ocrx_word' id='word_1_195' title='bbox 426 2420 607 2457; x_wconf 79' lang='lat' dir='ltr'><strong>Damasus</strong></span> <span class='ocrx_word' id='word_1_196' title='bbox 635 2418 735 2456; x_wconf 86' lang='lat' dir='ltr'><strong>filius</strong></span> 
     </span>
     <span class='ocr_line' id='line_1_40' title="bbox 74 2474 735 2529; baseline 0 -17"><span class='ocrx_word' id='word_1_197' title='bbox 74 2474 212 2512; x_wconf 77' lang='lat' dir='ltr'><strong>dicitur</strong></span> <span class='ocrx_word' id='word_1_198' title='bbox 221 2475 416 2528; x_wconf 88' lang='lat' dir='ltr'><strong>Amyridis</strong></span> <span class='ocrx_word' id='word_1_199' title='bbox 429 2477 665 2529; x_wconf 80' lang='lat' dir='ltr'><strong>Sybaritae,&#39;</strong></span> <span class='ocrx_word' id='word_1_200' title='bbox 655 2489 735 2527; x_wconf 77' lang='lat' dir='ltr'><strong>lpse</strong></span> 
     </span>
     <span class='ocr_line' id='line_1_41' title="bbox 74 2530 736 2586; baseline 0 -17"><span class='ocrx_word' id='word_1_201' title='bbox 74 2530 196 2570; x_wconf 79' lang='lat' dir='ltr'><strong>Sirita</strong></span> <span class='ocrx_word' id='word_1_202' title='bbox 216 2531 350 2580; x_wconf 86' lang='lat' dir='ltr'><strong>dictus,</strong></span> <span class='ocrx_word' id='word_1_203' title='bbox 381 2535 412 2571; x_wconf 89' lang='lat' dir='ltr'><strong>si</strong></span> <span class='ocrx_word' id='word_1_204' title='bbox 432 2532 589 2586; x_wconf 88' lang='lat' dir='ltr'><strong>quidem</strong></span> <span class='ocrx_word' id='word_1_205' title='bbox 607 2533 736 2584; x_wconf 87' lang='lat' dir='ltr'><strong>Amy-</strong></span> 
     </span>
     <span class='ocr_line' id='line_1_42' title="bbox 74 2586 734 2642; baseline 0.002 -17"><span class='ocrx_word' id='word_1_206' title='bbox 74 2586 124 2626; x_wconf 83' lang='lat' dir='ltr'><strong>ris</strong></span> <span class='ocrx_word' id='word_1_207' title='bbox 144 2588 301 2640; x_wconf 87' lang='lat' dir='ltr'><strong>posthac</strong></span> <span class='ocrx_word' id='word_1_208' title='bbox 325 2589 405 2628; x_wconf 77' lang='lat' dir='ltr'><strong>Sin·</strong></span> <span class='ocrx_word' id='word_1_209' title='bbox 431 2592 548 2642; x_wconf 79' lang='lat' dir='ltr'><strong>(quae</strong></span> <span class='ocrx_word' id='word_1_210' title='bbox 567 2591 734 2640; x_wconf 85' lang='lat' dir='ltr'><strong>Magnae</strong></span> 
     </span>
     <span class='ocr_line' id='line_1_43' title="bbox 73 2646 734 2684; baseline 0 -2"><span class='ocrx_word' id='word_1_211' title='bbox 73 2646 257 2683; x_wconf 81' lang='lat' dir='ltr'><strong>Graeciae</strong></span> <span class='ocrx_word' id='word_1_212' title='bbox 298 2653 353 2684; x_wconf 85' lang='lat' dir='ltr'><strong>est</strong></span> <span class='ocrx_word' id='word_1_213' title='bbox 391 2648 480 2684; x_wconf 88' lang='lat' dir='ltr'><strong>urbs</strong></span> <span class='ocrx_word' id='word_1_214' title='bbox 525 2647 618 2683; x_wconf 89' lang='lat' dir='ltr'><strong>olim</strong></span> <span class='ocrx_word' id='word_1_215' title='bbox 654 2659 734 2683; x_wconf 88' lang='lat' dir='ltr'><strong>non</strong></span> 
     </span>
     <span class='ocr_line' id='line_1_44' title="bbox 74 2701 735 2756; baseline 0.002 -18"><span class='ocrx_word' id='word_1_216' title='bbox 74 2703 271 2753; x_wconf 85' lang='lat' dir='ltr'><strong>ignobilis,</strong></span> <span class='ocrx_word' id='word_1_217' title='bbox 310 2702 377 2741; x_wconf 88' lang='lat' dir='ltr'><strong>sed</strong></span> <span class='ocrx_word' id='word_1_218' title='bbox 411 2716 509 2756; x_wconf 88' lang='lat' dir='ltr'><strong>quae</strong></span> <span class='ocrx_word' id='word_1_219' title='bbox 539 2701 735 2751; x_wconf 49' lang='lat' dir='ltr'><strong>Heraclea,</strong></span> 
     </span>
     <span class='ocr_line' id='line_1_45' title="bbox 75 2759 737 2812; baseline 0 -16"><span class='ocrx_word' id='word_1_220' title='bbox 75 2759 116 2796; x_wconf 87' lang='lat' dir='ltr'><strong>in</strong></span> <span class='ocrx_word' id='word_1_221' title='bbox 136 2772 253 2812; x_wconf 88' lang='lat' dir='ltr'><strong>quam</strong></span> <span class='ocrx_word' id='word_1_222' title='bbox 274 2761 410 2797; x_wconf 86' lang='lat' dir='ltr'><strong>Siritae</strong></span> <span class='ocrx_word' id='word_1_223' title='bbox 430 2762 595 2812; x_wconf 82' lang='lat' dir='ltr'><strong>migrare</strong></span> <span class='ocrx_word' id='word_1_224' title='bbox 616 2761 737 2796; x_wconf 81' lang='lat' dir='ltr'><strong>coacti</strong></span> 
     </span>
     <span class='ocr_line' id='line_1_46' title="bbox 77 2816 735 2869; baseline -0.002 -16"><span class='ocrx_word' id='word_1_225' title='bbox 77 2822 175 2866; x_wconf 80' lang='lat' dir='ltr'><strong>sunt,</strong></span> <span class='ocrx_word' id='word_1_226' title='bbox 188 2816 340 2855; x_wconf 83' lang='lat' dir='ltr'><strong>condita</strong></span> <span class='ocrx_word' id='word_1_227' title='bbox 353 2818 506 2869; x_wconf 88' lang='lat' dir='ltr'><strong>Olymp.</strong></span> <span class='ocrx_word' id='word_1_228' title='bbox 520 2817 735 2864; x_wconf 87' lang='lat' dir='ltr'><strong>LXXXVI,</strong></span> 
     </span>
     <span class='ocr_line' id='line_1_47' title="bbox 77 2869 734 2926; baseline -0.002 -15"><span class='ocrx_word' id='word_1_229' title='bbox 77 2869 116 2920; x_wconf 76' lang='grc'><strong>4,</strong></span> <span class='ocrx_word' id='word_1_230' title='bbox 135 2875 269 2912; x_wconf 76' lang='lat' dir='ltr'><strong>navale</strong></span> <span class='ocrx_word' id='word_1_231' title='bbox 289 2876 522 2913; x_wconf 86' lang='lat' dir='ltr'><strong>Heracleotis</strong></span> <span class='ocrx_word' id='word_1_232' title='bbox 541 2873 734 2926; x_wconf 85' lang='lat' dir='ltr'><strong>praebuit)</strong></span> 
     </span>
    </p>
   </div>
   <div class='ocr_carea' id='block_1_15' title="bbox 789 1049 1462 2970">
    <p class='ocr_par' dir='ltr' id='par_1_17' title="bbox 789 1049 1462 2469">
     <span class='ocr_line' id='line_1_48' title="bbox 789 1049 1456 1091; baseline 0.004 -2"><span class='ocrx_word' id='word_1_233' title='bbox 789 1049 922 1089; x_wconf 88' lang='lat' dir='ltr'><strong>sedem</strong></span> <span class='ocrx_word' id='word_1_234' title='bbox 941 1051 1039 1089; x_wconf 78' lang='lat' dir='ltr'><strong>fixit.</strong></span> <span class='ocrx_word' id='word_1_235' title='bbox 1095 1053 1154 1088; x_wconf 89' lang='lat' dir='ltr'><strong>De</strong></span> <span class='ocrx_word' id='word_1_236' title='bbox 1173 1053 1270 1090; x_wconf 90' lang='lat' dir='ltr'><strong>urbe</strong></span> <span class='ocrx_word' id='word_1_237' title='bbox 1299 1052 1381 1091; x_wconf 75' lang='lat' dir='ltr'><strong>Sz’ri</strong></span> <span class='ocrx_word' id='word_1_238' title='bbox 1407 1053 1456 1091; x_wconf 87' lang='lat' dir='ltr'><strong>ad</strong></span> 
     </span>
     <span class='ocr_line' id='line_1_49' title="bbox 789 1107 1455 1148; baseline 0.006 -4"><span class='ocrx_word' id='word_1_239' title='bbox 789 1108 897 1146; x_wconf 86' lang='lat' dir='ltr'><strong>fluvii</strong></span> <span class='ocrx_word' id='word_1_240' title='bbox 918 1107 1016 1146; x_wconf 76' lang='lat' dir='ltr'><strong>Siris</strong></span> <span class='ocrx_word' id='word_1_241' title='bbox 1036 1110 1131 1145; x_wconf 84' lang='lat' dir='ltr'><strong>ostia</strong></span> <span class='ocrx_word' id='word_1_242' title='bbox 1150 1109 1219 1147; x_wconf 67' lang='grc' dir='ltr'><strong>51ῒέ</strong></span> <span class='ocrx_word' id='word_1_243' title='bbox 1241 1111 1291 1147; x_wconf 85' lang='lat' dir='ltr'><strong>cf.</strong></span> <span class='ocrx_word' id='word_1_244' title='bbox 1317 1112 1455 1148; x_wconf 87' lang='lat' dir='ltr'><strong>Strabo</strong></span> 
     </span>
     <span class='ocr_line' id='line_1_50' title="bbox 789 1164 1456 1220; baseline 0.004 -18"><span class='ocrx_word' id='word_1_245' title='bbox 789 1166 842 1202; x_wconf 93' lang='lat' dir='ltr'><strong>VI</strong></span> <span class='ocrx_word' id='word_1_246' title='bbox 871 1179 909 1217; x_wconf 89' lang='lat' dir='ltr'><strong>p.</strong></span> <span class='ocrx_word' id='word_1_247' title='bbox 943 1164 1026 1206; x_wconf 81' lang='grc'><strong>264</strong></span> <span class='ocrx_word' id='word_1_248' title='bbox 1062 1166 1114 1201; x_wconf 89' lang='grc' dir='ltr'><strong>Α.</strong></span> <span class='ocrx_word' id='word_1_249' title='bbox 1137 1165 1219 1206; x_wconf 82' lang='grc'><strong>405</strong></span> <span class='ocrx_word' id='word_1_250' title='bbox 1240 1180 1321 1220; x_wconf 89' lang='lat' dir='ltr'><strong>seq.</strong></span> <span class='ocrx_word' id='word_1_251' title='bbox 1341 1167 1456 1205; x_wconf 85' lang='lat' dir='ltr'><strong>Diod.</strong></span> 
     </span>
     <span class='ocr_line' id='line_1_51' title="bbox 792 1222 1458 1273; baseline 0.002 -13"><span class='ocrx_word' id='word_1_252' title='bbox 792 1222 870 1260; x_wconf 83' lang='lat' dir='ltr'><strong>Sic.</strong></span> <span class='ocrx_word' id='word_1_253' title='bbox 892 1223 979 1270; x_wconf 86' lang='lat' dir='ltr'><strong>XII,</strong></span> <span class='ocrx_word' id='word_1_254' title='bbox 1010 1224 1076 1263; x_wconf 80' lang='grc'><strong>37.</strong></span> <span class='ocrx_word' id='word_1_255' title='bbox 1106 1224 1300 1262; x_wconf 86' lang='lat' dir='ltr'><strong>Mannert.</strong></span> <span class='ocrx_word' id='word_1_256' title='bbox 1329 1226 1408 1273; x_wconf 86' lang='lat' dir='ltr'><strong>IX,</strong></span> <span class='ocrx_word' id='word_1_257' title='bbox 1431 1228 1458 1266; x_wconf 84' lang='lat'>2</span> 
     </span>
     <span class='ocr_line' id='line_1_52' title="bbox 790 1281 1458 1332; baseline 0.004 -16"><span class='ocrx_word' id='word_1_258' title='bbox 790 1292 880 1331; x_wconf 83' lang='lat' dir='ltr'><strong>pag.</strong></span> <span class='ocrx_word' id='word_1_259' title='bbox 913 1281 995 1320; x_wconf 85' lang='grc'><strong>229</strong></span> <span class='ocrx_word' id='word_1_260' title='bbox 1023 1293 1105 1331; x_wconf 83' lang='lat' dir='ltr'><strong>seq.</strong></span> <span class='ocrx_word' id='word_1_261' title='bbox 1179 1282 1238 1317; x_wconf 89' lang='lat' dir='ltr'><strong>De</strong></span> <span class='ocrx_word' id='word_1_262' title='bbox 1274 1282 1458 1332; x_wconf 75' lang='lat' dir='ltr'><strong>Amyricle,</strong></span> 
     </span>
     <span class='ocr_line' id='line_1_53' title="bbox 792 1336 1458 1389; baseline 0.005 -17"><span class='ocrx_word' id='word_1_263' title='bbox 792 1348 910 1389; x_wconf 85' lang='lat' dir='ltr'><strong>quem</strong></span> <span class='ocrx_word' id='word_1_264' title='bbox 929 1337 1093 1373; x_wconf 83' lang='lat' dir='ltr'><strong>maximi</strong></span> <span class='ocrx_word' id='word_1_265' title='bbox 1121 1336 1254 1375; x_wconf 81' lang='lat' dir='ltr'><strong>fecisse</strong></span> <span class='ocrx_word' id='word_1_266' title='bbox 1277 1338 1458 1375; x_wconf 85' lang='lat' dir='ltr'><strong>videntur</strong></span> 
     </span>
     <span class='ocr_line' id='line_1_54' title="bbox 790 1393 1458 1447; baseline 0.003 -16"><span class='ocrx_word' id='word_1_267' title='bbox 790 1401 957 1441; x_wconf 84' lang='lat' dir='ltr'><strong>veteres,</strong></span> <span class='ocrx_word' id='word_1_268' title='bbox 997 1393 1075 1433; x_wconf 82' lang='lat' dir='ltr'><strong>vid.</strong></span> <span class='ocrx_word' id='word_1_269' title='bbox 1108 1393 1252 1432; x_wconf 86' lang='lat' dir='ltr'><strong>Athen.</strong></span> <span class='ocrx_word' id='word_1_270' title='bbox 1272 1397 1347 1432; x_wconf 93' lang='lat' dir='ltr'><strong>XII</strong></span> <span class='ocrx_word' id='word_1_271' title='bbox 1368 1409 1458 1447; x_wconf 83' lang='lat' dir='ltr'><strong>pag.</strong></span> 
     </span>
     <span class='ocr_line' id='line_1_55' title="bbox 792 1451 1459 1503; baseline -0.003 -11"><span class='ocrx_word' id='word_1_272' title='bbox 792 1451 875 1492; x_wconf 86' lang='grc'><strong>520</strong></span> <span class='ocrx_word' id='word_1_273' title='bbox 913 1451 961 1487; x_wconf 92' lang='lat' dir='ltr'><strong>A.</strong></span> <span class='ocrx_word' id='word_1_274' title='bbox 1003 1458 1040 1488; x_wconf 85' lang='lat' dir='ltr'><strong>et</strong></span> <span class='ocrx_word' id='word_1_275' title='bbox 1081 1464 1178 1503; x_wconf 86' lang='lat' dir='ltr'><strong>quae</strong></span> <span class='ocrx_word' id='word_1_276' title='bbox 1210 1453 1283 1489; x_wconf 86' lang='lat' dir='ltr'><strong>alia</strong></span> <span class='ocrx_word' id='word_1_277' title='bbox 1317 1455 1459 1490; x_wconf 83' lang='lat' dir='ltr'><strong>excitat</strong></span> 
     </span>
     <span class='ocr_line' id='line_1_56' title="bbox 793 1506 1459 1549; baseline 0.003 -4"><span class='ocrx_word' id='word_1_278' title='bbox 793 1506 965 1545; x_wconf 78' lang='lat' dir='ltr'><strong>Schultz.</strong></span> <span class='ocrx_word' id='word_1_279' title='bbox 985 1508 1048 1545; x_wconf 95' lang='lat' dir='ltr'><strong>l.l.</strong></span> <span class='ocrx_word' id='word_1_280' title='bbox 1068 1515 1149 1546; x_wconf 87' lang='lat' dir='ltr'><strong>not.</strong></span> <span class='ocrx_word' id='word_1_281' title='bbox 1166 1510 1230 1549; x_wconf 85' lang='lat'><strong>18.</strong></span> <span class='ocrx_word' id='word_1_282' title='bbox 1245 1532 1297 1537; x_wconf 89' lang='lat'>—</span> <span class='ocrx_word' id='word_1_283' title='bbox 1323 1510 1459 1548; x_wconf 79' lang='lat' dir='ltr'><strong>Italiae</strong></span> 
     </span>
     <span class='ocr_line' id='line_1_57' title="bbox 793 1564 1458 1616; baseline 0.005 -15"><span class='ocrx_word' id='word_1_284' title='bbox 793 1578 940 1601; x_wconf 89' lang='lat' dir='ltr'><strong>nomen</strong></span> <span class='ocrx_word' id='word_1_285' title='bbox 985 1564 1089 1616; x_wconf 89' lang='lat' dir='ltr'><strong>apud</strong></span> <span class='ocrx_word' id='word_1_286' title='bbox 1127 1565 1370 1604; x_wconf 87' lang='lat' dir='ltr'><strong>Herodotum</strong></span> <span class='ocrx_word' id='word_1_287' title='bbox 1409 1566 1458 1604; x_wconf 90' lang='lat' dir='ltr'><strong>de</strong></span> 
     </span>
     <span class='ocr_line' id='line_1_58' title="bbox 791 1620 1462 1675; baseline 0.003 -15"><span class='ocrx_word' id='word_1_288' title='bbox 791 1620 941 1670; x_wconf 82' lang='lat' dir='ltr'><strong>Magna</strong></span> <span class='ocrx_word' id='word_1_289' title='bbox 977 1622 1136 1661; x_wconf 77' lang='lat' dir='ltr'><strong>Graecia</strong></span> <span class='ocrx_word' id='word_1_290' title='bbox 1167 1635 1196 1659; x_wconf 92' lang='grc'><strong>5.</strong></span> <span class='ocrx_word' id='word_1_291' title='bbox 1226 1624 1268 1661; x_wconf 82' lang='lat' dir='ltr'><strong>de</strong></span> <span class='ocrx_word' id='word_1_292' title='bbox 1296 1623 1462 1675; x_wconf 75' lang='lat' dir='ltr'><strong>inferiori</strong></span> 
     </span>
     <span class='ocr_line' id='line_1_59' title="bbox 791 1677 1456 1732; baseline 0.003 -16"><span class='ocrx_word' id='word_1_293' title='bbox 791 1677 938 1726; x_wconf 84' lang='lat' dir='ltr'><strong>Italiae,</strong></span> <span class='ocrx_word' id='word_1_294' title='bbox 953 1691 1051 1731; x_wconf 85' lang='lat' dir='ltr'><strong>quae</strong></span> <span class='ocrx_word' id='word_1_295' title='bbox 1059 1693 1164 1716; x_wconf 90' lang='lat' dir='ltr'><strong>nunc</strong></span> <span class='ocrx_word' id='word_1_296' title='bbox 1177 1679 1326 1728; x_wconf 85' lang='lat' dir='ltr'><strong>dicitur,</strong></span> <span class='ocrx_word' id='word_1_297' title='bbox 1347 1688 1456 1732; x_wconf 83' lang='lat' dir='ltr'><strong>parte</strong></span> 
     </span>
     <span class='ocr_line' id='line_1_60' title="bbox 790 1735 1458 1788; baseline 0.004 -16"><span class='ocrx_word' id='word_1_298' title='bbox 790 1735 1089 1786; x_wconf 83' lang='lat' dir='ltr'><strong>intelligendum</strong></span> <span class='ocrx_word' id='word_1_299' title='bbox 1117 1750 1231 1788; x_wconf 84' lang='lat' dir='ltr'><strong>supra</strong></span> <span class='ocrx_word' id='word_1_300' title='bbox 1261 1739 1340 1774; x_wconf 90' lang='lat' dir='ltr'><strong>iam</strong></span> <span class='ocrx_word' id='word_1_301' title='bbox 1368 1751 1458 1775; x_wconf 89' lang='lat' dir='ltr'><strong>mo—</strong></span> 
     </span>
     <span class='ocr_line' id='line_1_61' title="bbox 790 1792 1458 1844; baseline 0.006 -15"><span class='ocrx_word' id='word_1_302' title='bbox 790 1794 961 1830; x_wconf 88' lang='lat' dir='ltr'><strong>nuimus.</strong></span> <span class='ocrx_word' id='word_1_303' title='bbox 1017 1795 1112 1830; x_wconf 88' lang='lat' dir='ltr'><strong>Mox</strong></span> <span class='ocrx_word' id='word_1_304' title='bbox 1131 1795 1245 1844; x_wconf 87' lang='lat' dir='ltr'><strong>plene</strong></span> <span class='ocrx_word' id='word_1_305' title='bbox 1267 1793 1362 1831; x_wconf 84' lang='lat' dir='ltr'>dixit</span> <span class='ocrx_word' id='word_1_306' title='bbox 1392 1792 1458 1835; x_wconf 79' lang='grc' dir='ltr'><strong>τὸν</strong></span> 
     </span>
     <span class='ocr_line' id='line_1_62' title="bbox 791 1845 1460 1900; baseline -0.001 -13"><span class='ocrx_word' id='word_1_307' title='bbox 791 1845 941 1889; x_wconf 73' lang='grc' dir='ltr'><em>κόλπον</em></span> <span class='ocrx_word' id='word_1_308' title='bbox 959 1846 1030 1889; x_wconf 84' lang='grc' dir='ltr'><em>τόν</em></span> <span class='ocrx_word' id='word_1_309' title='bbox 1046 1846 1215 1898; x_wconf 86' lang='grc' dir='ltr'><em>Ἰόνιον,</em></span> <span class='ocrx_word' id='word_1_310' title='bbox 1246 1858 1289 1887; x_wconf 88' lang='lat' dir='ltr'><strong>ut</strong></span> <span class='ocrx_word' id='word_1_311' title='bbox 1307 1852 1376 1900; x_wconf 83' lang='lat' dir='ltr'><strong>IX,</strong></span> <span class='ocrx_word' id='word_1_312' title='bbox 1391 1855 1460 1900; x_wconf 70' lang='lat'><strong>92,</strong></span> 
     </span>
     <span class='ocr_line' id='line_1_63' title="bbox 791 1904 1460 1948; baseline 0.009 -6"><span class='ocrx_word' id='word_1_313' title='bbox 791 1907 859 1942; x_wconf 90' lang='lat' dir='ltr'><strong>ubi</strong></span> <span class='ocrx_word' id='word_1_314' title='bbox 879 1905 984 1942; x_wconf 90' lang='lat' dir='ltr'><strong>haud</strong></span> <span class='ocrx_word' id='word_1_315' title='bbox 1003 1919 1088 1943; x_wconf 88' lang='lat' dir='ltr'><strong>raro</strong></span> <span class='ocrx_word' id='word_1_316' title='bbox 1111 1908 1299 1944; x_wconf 84' lang='lat' dir='ltr'><strong>omittitur</strong></span> <span class='ocrx_word' id='word_1_317' title='bbox 1319 1906 1343 1947; x_wconf 81' lang='lat' dir='ltr'><strong>o‘</strong></span> <span class='ocrx_word' id='word_1_318' title='bbox 1362 1904 1460 1948; x_wconf 84' lang='grc' dir='ltr'><em>κόλ-</em></span> 
     </span>
     <span class='ocr_line' id='line_1_64' title="bbox 793 1962 1458 2015; baseline -0.002 -14"><span class='ocrx_word' id='word_1_319' title='bbox 793 1977 882 2009; x_wconf 85' lang='grc' dir='ltr'><em>πος.</em></span> <span class='ocrx_word' id='word_1_320' title='bbox 939 1962 1027 2000; x_wconf 88' lang='lat' dir='ltr'><strong>Vid.</strong></span> <span class='ocrx_word' id='word_1_321' title='bbox 1067 1962 1249 2015; x_wconf 86' lang='lat' dir='ltr'><strong>Thucyd.</strong></span> <span class='ocrx_word' id='word_1_322' title='bbox 1288 1965 1351 2012; x_wconf 89' lang='lat' dir='ltr'><strong>VI,</strong></span> <span class='ocrx_word' id='word_1_323' title='bbox 1390 1963 1458 2013; x_wconf 82' lang='lat'><strong>34,</strong></span> 
     </span>
     <span class='ocr_line' id='line_1_65' title="bbox 791 2020 1459 2071; baseline 0.006 -16"><span class='ocrx_word' id='word_1_324' title='bbox 791 2020 924 2071; x_wconf 87' lang='lat' dir='ltr'><strong>ibique</strong></span> <span class='ocrx_word' id='word_1_325' title='bbox 966 2021 1095 2058; x_wconf 84' lang='lat' dir='ltr'><strong>Wass.</strong></span> <span class='ocrx_word' id='word_1_326' title='bbox 1137 2020 1353 2061; x_wconf 82' lang='lat' dir='ltr'><strong>Schwebel.</strong></span> <span class='ocrx_word' id='word_1_327' title='bbox 1409 2020 1459 2059; x_wconf 84' lang='lat' dir='ltr'><strong>ad</strong></span> 
     </span>
     <span class='ocr_line' id='line_1_66' title="bbox 793 2077 1460 2129; baseline 0.004 -16"><span class='ocrx_word' id='word_1_328' title='bbox 793 2077 931 2114; x_wconf 86' lang='lat' dir='ltr'><strong>Lamb.</strong></span> <span class='ocrx_word' id='word_1_329' title='bbox 948 2078 1037 2114; x_wconf 89' lang='lat' dir='ltr'><strong>Bos.</strong></span> <span class='ocrx_word' id='word_1_330' title='bbox 1059 2078 1116 2113; x_wconf 90' lang='lat' dir='ltr'><strong>De</strong></span> <span class='ocrx_word' id='word_1_331' title='bbox 1137 2078 1275 2129; x_wconf 81' lang='lat' dir='ltr'><strong>ellipss.</strong></span> <span class='ocrx_word' id='word_1_332' title='bbox 1302 2093 1339 2129; x_wconf 89' lang='lat' dir='ltr'><strong>p.</strong></span> <span class='ocrx_word' id='word_1_333' title='bbox 1362 2081 1460 2119; x_wconf 89' lang='grc'><strong>229.</strong></span> 
     </span>
     <span class='ocr_line' id='line_1_67' title="bbox 793 2132 1461 2183; baseline 0.009 -14"><span class='ocrx_word' id='word_1_334' title='bbox 793 2133 897 2170; x_wconf 86' lang='lat' dir='ltr'><strong>Infra</strong></span> <span class='ocrx_word' id='word_1_335' title='bbox 915 2135 1051 2171; x_wconf 86' lang='lat' dir='ltr'><strong>Noster</strong></span> <span class='ocrx_word' id='word_1_336' title='bbox 1070 2135 1218 2183; x_wconf 77' lang='lat' dir='ltr'>V11‚20</span> <span class='ocrx_word' id='word_1_337' title='bbox 1238 2134 1292 2171; x_wconf 88' lang='lat' dir='ltr'><strong>fin</strong></span> <span class='ocrx_word' id='word_1_338' title='bbox 1312 2134 1378 2175; x_wconf 82' lang='grc' dir='ltr'><strong>ἐπὶ</strong></span> <span class='ocrx_word' id='word_1_339' title='bbox 1389 2132 1461 2175; x_wconf 77' lang='grc' dir='ltr'><strong>τόν</strong></span> 
     </span>
     <span class='ocr_line' id='line_1_68' title="bbox 790 2185 1460 2231; baseline 0.003 -3.052"><span class='ocrx_word' id='word_1_340' title='bbox 790 2185 940 2229; x_wconf 85' lang='grc' dir='ltr'><em>Ἰόνιον</em></span> <span class='ocrx_word' id='word_1_341' title='bbox 975 2186 1125 2231; x_wconf 88' lang='grc' dir='ltr'><em>πόντον</em></span> <span class='ocrx_word' id='word_1_342' title='bbox 1163 2190 1302 2229; x_wconf 88' lang='lat' dir='ltr'><strong>eodem</strong></span> <span class='ocrx_word' id='word_1_343' title='bbox 1341 2191 1460 2230; x_wconf 88' lang='lat' dir='ltr'><strong>modo</strong></span> 
     </span>
     <span class='ocr_line' id='line_1_69' title="bbox 795 2245 1460 2302; baseline 0.005 -19"><span class='ocrx_word' id='word_1_344' title='bbox 795 2245 892 2283; x_wconf 83' lang='lat' dir='ltr'>dixit</span> <span class='ocrx_word' id='word_1_345' title='bbox 929 2246 977 2284; x_wconf 90' lang='lat' dir='ltr'><strong>de</strong></span> <span class='ocrx_word' id='word_1_346' title='bbox 1016 2247 1201 2285; x_wconf 83' lang='lat' dir='ltr'><strong>Adriatici</strong></span> <span class='ocrx_word' id='word_1_347' title='bbox 1227 2250 1352 2297; x_wconf 88' lang='lat' dir='ltr'><strong>sinus,</strong></span> <span class='ocrx_word' id='word_1_348' title='bbox 1393 2251 1460 2302; x_wconf 90' lang='lat' dir='ltr'><strong>qui</strong></span> 
     </span>
     <span class='ocr_line' id='line_1_70' title="bbox 793 2302 1456 2356; baseline 0.005 -16"><span class='ocrx_word' id='word_1_349' title='bbox 793 2312 898 2341; x_wconf 82' lang='lat' dir='ltr'><strong>nunc</strong></span> <span class='ocrx_word' id='word_1_350' title='bbox 916 2302 1063 2353; x_wconf 87' lang='lat' dir='ltr'><strong>dicitur,</strong></span> <span class='ocrx_word' id='word_1_351' title='bbox 1076 2312 1182 2356; x_wconf 89' lang='lat' dir='ltr'><strong>parte</strong></span> <span class='ocrx_word' id='word_1_352' title='bbox 1199 2306 1456 2355; x_wconf 80' lang='lat' dir='ltr'><strong>meridionali,</strong></span> 
     </span>
     <span class='ocr_line' id='line_1_71' title="bbox 794 2360 1461 2413; baseline 0.006 -16"><span class='ocrx_word' id='word_1_353' title='bbox 794 2360 871 2413; x_wconf 63' lang='lat' dir='ltr'><strong>qua</strong></span> <span class='ocrx_word' id='word_1_354' title='bbox 899 2362 1007 2398; x_wconf 85' lang='lat' dir='ltr'><strong>Italia</strong></span> <span class='ocrx_word' id='word_1_355' title='bbox 1043 2363 1200 2400; x_wconf 79' lang='lat' dir='ltr'><strong>inferior</strong></span> <span class='ocrx_word' id='word_1_356' title='bbox 1239 2376 1260 2400; x_wconf 89' lang='grc'><strong>3</strong></span> <span class='ocrx_word' id='word_1_357' title='bbox 1300 2364 1461 2401; x_wconf 84' lang='lat' dir='ltr'><strong>Graecia</strong></span> 
     </span>
     <span class='ocr_line' id='line_1_72' title="bbox 792 2425 1001 2469; baseline 0.005 -15"><span class='ocrx_word' id='word_1_358' title='bbox 792 2425 1001 2469; x_wconf 83' lang='lat' dir='ltr'><strong>Separatur.</strong></span> 
     </span>
    </p>

    <p class='ocr_par' dir='ltr' id='par_1_18' title="bbox 790 2470 1459 2924">
     <span class='ocr_line' id='line_1_73' title="bbox 855 2470 1459 2527; baseline 0.003 -14"><span class='ocrx_word' id='word_1_359' title='bbox 855 2471 1052 2527; x_wconf 87' lang='grc' dir='ltr'><em>Τιτόρμου</em></span> <span class='ocrx_word' id='word_1_360' title='bbox 1068 2470 1258 2524; x_wconf 63' lang='grc' dir='ltr'><em>ἀδελφεὸς</em></span> <span class='ocrx_word' id='word_1_361' title='bbox 1286 2472 1459 2527; x_wconf 71' lang='grc' dir='ltr'><em>Μάλης]</em></span> 
     </span>
     <span class='ocr_line' id='line_1_74' title="bbox 790 2532 1457 2584; baseline 0.003 -16"><span class='ocrx_word' id='word_1_362' title='bbox 790 2533 849 2568; x_wconf 92' lang='lat' dir='ltr'><strong>De</strong></span> <span class='ocrx_word' id='word_1_363' title='bbox 869 2532 1047 2569; x_wconf 89' lang='lat' dir='ltr'><strong>Titormo</strong></span> <span class='ocrx_word' id='word_1_364' title='bbox 1069 2532 1257 2581; x_wconf 84' lang='lat' dir='ltr'><strong>bubulco,</strong></span> <span class='ocrx_word' id='word_1_365' title='bbox 1290 2535 1457 2584; x_wconf 87' lang='lat' dir='ltr'><strong>corporis</strong></span> 
     </span>
     <span class='ocr_line' id='line_1_75' title="bbox 791 2589 1455 2641; baseline 0 -16"><span class='ocrx_word' id='word_1_366' title='bbox 791 2589 929 2626; x_wconf 89' lang='lat' dir='ltr'><strong>robore</strong></span> <span class='ocrx_word' id='word_1_367' title='bbox 951 2596 1065 2641; x_wconf 82' lang='lat' dir='ltr'><strong>atque</strong></span> <span class='ocrx_word' id='word_1_368' title='bbox 1085 2591 1289 2627; x_wconf 73' lang='lat' dir='ltr'><strong>voracitate</strong></span> <span class='ocrx_word' id='word_1_369' title='bbox 1302 2590 1455 2641; x_wconf 79' lang='lat' dir='ltr'><strong>insigni,</strong></span> 
     </span>
     <span class='ocr_line' id='line_1_76' title="bbox 793 2647 1456 2697; baseline 0.005 -16"><span class='ocrx_word' id='word_1_370' title='bbox 793 2647 861 2697; x_wconf 87' lang='lat' dir='ltr'><strong>qui</strong></span> <span class='ocrx_word' id='word_1_371' title='bbox 881 2659 971 2682; x_wconf 82' lang='lat' dir='ltr'><strong>cum</strong></span> <span class='ocrx_word' id='word_1_372' title='bbox 981 2647 1125 2683; x_wconf 88' lang='lat' dir='ltr'><strong>Milone</strong></span> <span class='ocrx_word' id='word_1_373' title='bbox 1137 2647 1367 2693; x_wconf 81' lang='lat' dir='ltr'><strong>Crotoniata‚</strong></span> <span class='ocrx_word' id='word_1_374' title='bbox 1389 2661 1456 2684; x_wconf 86' lang='lat' dir='ltr'><strong>ce·-</strong></span> 
     </span>
     <span class='ocr_line' id='line_1_77' title="bbox 792 2702 1456 2750; baseline 0.003 -12"><span class='ocrx_word' id='word_1_375' title='bbox 792 2702 996 2740; x_wconf 82' lang='lat' dir='ltr'><strong>leberrimo</strong></span> <span class='ocrx_word' id='word_1_376' title='bbox 1029 2702 1170 2739; x_wconf 85' lang='lat' dir='ltr'><strong>athleta</strong></span> <span class='ocrx_word' id='word_1_377' title='bbox 1194 2705 1367 2750; x_wconf 82' lang='lat' dir='ltr'><strong>certarit,</strong></span> <span class='ocrx_word' id='word_1_378' title='bbox 1397 2710 1456 2740; x_wconf 92' lang='lat' dir='ltr'><strong>te-</strong></span> 
     </span>
     <span class='ocr_line' id='line_1_78' title="bbox 792 2758 1455 2807; baseline -0.003 -12"><span class='ocrx_word' id='word_1_379' title='bbox 792 2765 938 2796; x_wconf 83' lang='lat' dir='ltr'><strong>stantur</strong></span> <span class='ocrx_word' id='word_1_380' title='bbox 966 2760 1114 2796; x_wconf 83' lang='lat' dir='ltr'><strong>Aelian.</strong></span> <span class='ocrx_word' id='word_1_381' title='bbox 1137 2759 1183 2796; x_wconf 92' lang='lat' dir='ltr'><strong>V.</strong></span> <span class='ocrx_word' id='word_1_382' title='bbox 1213 2761 1261 2795; x_wconf 92' lang='lat' dir='ltr'><strong>H.</strong></span> <span class='ocrx_word' id='word_1_383' title='bbox 1285 2760 1371 2807; x_wconf 74' lang='lat' dir='ltr'><strong>xil,</strong></span> <span class='ocrx_word' id='word_1_384' title='bbox 1388 2758 1455 2807; x_wconf 74' lang='lat'><strong>24,</strong></span> 
     </span>
     <span class='ocr_line' id='line_1_79' title="bbox 794 2815 1453 2865; baseline 0.003 -14"><span class='ocrx_word' id='word_1_385' title='bbox 794 2816 881 2865; x_wconf 90' lang='lat' dir='ltr'><strong>[ubi</strong></span> <span class='ocrx_word' id='word_1_386' title='bbox 913 2816 990 2855; x_wconf 78' lang='lat' dir='ltr'><strong>vid.</strong></span> <span class='ocrx_word' id='word_1_387' title='bbox 1022 2816 1220 2863; x_wconf 85' lang='lat' dir='ltr'><strong>Perizon.]</strong></span> <span class='ocrx_word' id='word_1_388' title='bbox 1253 2815 1393 2854; x_wconf 84' lang='lat' dir='ltr'><strong>Athen.</strong></span> <span class='ocrx_word' id='word_1_389' title='bbox 1415 2818 1453 2853; x_wconf 90' lang='lat' dir='ltr'><strong>X</strong></span> 
     </span>
     <span class='ocr_line' id='line_1_80' title="bbox 791 2871 1455 2924; baseline 0.003 -15"><span class='ocrx_word' id='word_1_390' title='bbox 791 2885 880 2924; x_wconf 83' lang='lat' dir='ltr'><strong>pag.</strong></span> <span class='ocrx_word' id='word_1_391' title='bbox 901 2871 982 2914; x_wconf 83' lang='grc'><strong>412</strong></span> <span class='ocrx_word' id='word_1_392' title='bbox 1002 2873 1048 2910; x_wconf 89' lang='grc' dir='ltr'><strong>Ε.</strong></span> <span class='ocrx_word' id='word_1_393' title='bbox 1068 2873 1111 2909; x_wconf 86' lang='lat' dir='ltr'><strong>F.</strong></span> <span class='ocrx_word' id='word_1_394' title='bbox 1143 2871 1274 2911; x_wconf 80' lang='lat' dir='ltr'><strong>schol.</strong></span> <span class='ocrx_word' id='word_1_395' title='bbox 1294 2874 1455 2912; x_wconf 83' lang='lat' dir='ltr'><strong>Lucian.</strong></span> 
     </span>
    </p>

    <p class='ocr_par' dir='ltr' id='par_1_19' title="bbox 1074 2926 1177 2970">
     <span class='ocr_line' id='line_1_81' title="bbox 1074 2926 1177 2970; baseline 0.01 -1"><span class='ocrx_word' id='word_1_396' title='bbox 1074 2931 1128 2970; x_wconf 87' lang='grc'><strong>26</strong></span> <span class='ocrx_word' id='word_1_397' title='bbox 1151 2926 1177 2951; x_wconf 49' lang='lat'><strong>¹*</strong></span> 
     </span>
    </p>
   </div>
  </div>
 </body>
</html>
