1851 3181
430 235 516 275 426
820 236 857 271 H
892 235 926 271 E
956 235 990 273 R
1019 235 1050 274 Ο
1079 236 1114 272 D
1145 236 1175 274 Ο
1208 237 1246 274 Τ
1273 238 1291 274 1

99 337 376 403 ξᾎζξξοξιῗῦᾗῗξζ
405 350 497 387 Quo
529 340 859 398 στρατεύεσθαι.
909 337 1049 387 ςΗσοιν
1088 343 1173 400 γὰρ
1207 347 1403 404 Δαρείῳ,
1442 346 1515 390 καὶ
1544 347 1698 401 πρότε-

98 408 142 436 tio
161 407 267 437 oritur

432 427 514 467 ρον
551 410 582 467 ἢ
624 413 900 466 βασιλεῦσαι,
937 410 1164 467 γεγονότες
1205 419 1321 468 τρεῖς
1358 417 1508 464 παῖδες
1545 413 1593 457 ἐκ
1621 417 1697 470 τῆς

430 477 644 534 προτέρης
672 477 906 533 γυναικὸς,
937 483 980 522 Γ
976 479 1156 536 ωβρύεω
1187 483 1430 536 θυγατρός·
1468 481 1541 524 καὶ
1569 485 1753 537 βασι-25

403 547 662 598 3λεύσαντι,
707 546 749 598 ἐξ
785 545 989 603 Ἀτόσσης
1025 552 1102 604 τῆς
1130 548 1289 603 Κύρου
1311 549 1466 605 ἕτεροι
1496 550 1697 606 τέσσερες.

374 752 626 802 expeditionem
658 758 854 806 susceptam
896 769 919 793 a
955 769 1036 805 rege

373 809 613 858 designandus
633 815 734 859 erat,
767 815 846 862 qai,
882 814 914 850 si
943 813 1035 865 quid

373 867 445 916 ipsi
454 865 676 904 humanitus
694 868 901 918 accidisset,
932 872 1036 908 inre-

373 935 482 972 gnum
503 925 710 965 succederet.
740 926 803 962 Ex
839 926 1034 964 Herodoto

372 993 450 1016 non
464 980 594 1032 liquet,
616 982 668 1018 sic
685 981 927 1032 designatum
946 997 1036 1021 suc-

374 1050 581 1086 cessorem,
611 1040 642 1075 si
669 1046 776 1089 pater
796 1053 816 1076 e
838 1040 937 1077 bello
958 1041 1035 1077 sal-

374 1107 442 1131 vus
472 1093 662 1142 rediisset,
702 1109 794 1133 cum
832 1097 897 1133 illo
929 1099 1035 1135 velut

373 1151 562 1201 collegam
592 1164 791 1202 regnasse,
832 1152 936 1204 quod
963 1155 1034 1192 viri

373 1207 476 1245 docti
491 1215 621 1244 tamen
642 1210 812 1246 statuisse
831 1209 1032 1260 videntur3

370 1264 448 1303 vid.
477 1264 688 1315 Spauhem.
711 1265 759 1302 ad
788 1267 923 1306 Iulian.
945 1280 1032 1318 pag.

371 1323 454 1363 278
489 1323 604 1373 seq.“
649 1322 874 1361 Valcken.
922 1323 1033 1361 Idem

370 1378 544 1415 observat
581 1380 882 1429 Wesselingius,
931 1379 1032 1418 hanc

370 1436 575 1471 Persarum
603 1436 731 1485 legem
763 1437 877 1474 solius
907 1439 1033 1474 Hero—

374 1490 454 1528 doti
481 1493 698 1529 testimonio
725 1495 919 1543 cognitam
940 1508 1031 1544 esse,

369 1547 578 1599 prudenter
606 1548 765 1601 quidem
792 1551 930 1598 latam,
970 1565 1032 1599 ne,

369 1617 461 1655 rege
495 1619 655 1656 peregre
694 1606 778 1643 fatis
799 1607 954 1656 functo,
986 1607 1034 1645 de

370 1664 626 1711 successione,
688 1662 830 1700 damno
877 1665 1032 1713 civium,

367 1719 452 1755 iure
511 1726 577 1756 aut
647 1720 746 1756 ferro
804 1719 1036 1771 disceptare-

369 1782 443 1812 tur.
519 1775 640 1813 Addit
685 1776 948 1828 Eurystheum
990 1779 1032 1814 in

368 1832 588 1870 Heraclidas
603 1833 867 1883 profecturum
879 1833 1033 1886 Μυκή-

367 1903 443 1935 νας
480 1904 521 1928 τε
553 1889 621 1928 καὶ
648 1886 722 1940 τήν
755 1886 885 1942 ἀρχήν
905 1888 1031 1930 nocto}

368 1943 420 1985 τὸ
471 1946 684 1986 οἰκεῖον
712 1947 830 1984 Atreo
864 1949 1033 1984 commi-

367 2003 456 2039 sisse
475 2009 569 2040 teste
589 2001 823 2054 Thucydide
844 2005 873 2052 Ι,
892 2007 931 2045 9.
969 2006 1034 2042 Ex

368 2058 555 2096 Herodoti
594 2067 723 2096 autem
763 2061 848 2097 loco
876 2068 1033 2112 apparet

367 2116 494 2152 minus
507 2123 608 2153 recte
629 2129 650 2153 a
665 2117 808 2154 Iustino
829 2119 879 2165 X,
901 2120 919 2157 1
934 2117 1032 2155 tradi

368 2171 416 2208 de
448 2174 582 2220 Dario,
628 2174 694 2224 qui
735 2174 782 2210 ab
818 2175 1031 2211 Artaxerxe

364 2235 474 2280 ,patre
496 2230 535 2265 in
556 2231 664 2279 regni
673 2231 893 2267 societatem
906 2230 1030 2268 adsci-

368 2292 427 2322 tus
447 2286 580 2333 fuerit,
609 2293 741 2323 contra
760 2299 911 2324 morem
936 2289 1029 2324 Per-

367 2355 519 2391 sarum,
570 2341 672 2393 apud
713 2356 807 2394 quos
844 2357 912 2380 rex
949 2356 1029 2380 uon

368 2399 440 2435 nisi
477 2405 602 2436 morte
655 2406 837 2436 mutatur.
926 2400 1026 2437 Satis

367 2468 458 2494 vero
493 2454 678 2492 habemus
709 2456 930 2505 cognitum,
961 2469 1029 2507 per

368 2513 523 2550 orientis
543 2525 661 2562 regua
682 2519 725 2548 ut
741 2513 833 2548 olim
852 2512 905 2549 ita
925 2525 1028 2550 nunc

367 2581 523 2621 quoque
560 2569 804 2606 successionis
842 2569 925 2605 iura
963 2570 1031 2607 vix

368 2626 580 2663 accuratius
620 2633 734 2678 atque
774 2626 910 2662 certius
950 2639 1029 2663 esse

368 2684 569 2720 constituta
589 2682 769 2734 indeque,
791 2695 881 2732 rege
902 2683 1028 2733 aliquo

368 2747 536 2787 mortuo,
549 2740 778 2791 plerumque
798 2739 937 2775 exoriri
945 2746 1029 2775 tur-

367 2796 445 2843 bas,
466 2795 681 2845 seditiones,
704 2797 799 2848 quin
812 2796 910 2832 bella
924 2802 1027 2832 atro-

365 2852 445 2902 cia3
489 2854 528 2890 in
558 2854 696 2906 quibus
724 2853 902 2891 omnibus
922 2850 1026 2890 haud

1091 767 1227 806 parvas
1248 769 1327 793 esse
1348 755 1618 794 eunuchorum
1629 762 1754 806 partes

1090 813 1261 864 itemque
1271 826 1436 850 uxorum
1452 815 1550 865 regis
1571 813 1754 862 defuncti,

1092 875 1157 905 aut
1184 870 1313 919 regiae
1334 871 1463 907 matris
1477 900 1486 918 ‚
1527 882 1626 922 quae
1645 870 1685 906 in
1706 869 1754 905 fi-

1091 926 1187 962 lium
1206 939 1390 976 magnam
1406 929 1671 964 auctoritatem
1683 939 1753 963 ex·

1093 996 1219 1019 ercere
1240 984 1373 1031 soleat,
1396 985 1456 1020 vel
1467 985 1670 1021 Persarum
1690 981 1753 1019 hi-

1089 1041 1204 1077 storia
1225 1041 1311 1077 satis
1341 1039 1464 1077 docet.
1525 1041 1614 1086 Quis
1635 1041 1752 1088 enim,

1090 1103 1133 1133 ut
1154 1095 1202 1133 de
1221 1097 1356 1134 Atossa
1375 1104 1549 1146 taceam,
1580 1110 1659 1134 non
1679 1109 1753 1133 no-

1088 1154 1144 1190 vit
1163 1154 1362 1204 Parysatin
1376 1183 1386 1202 ,
1407 1155 1611 1201 Amistrin,
1633 1149 1753 1190 alias?

1091 1210 1203 1246 Conf.
1234 1211 1399 1247 Heereu.
1430 1210 1548 1247 Ideen
1580 1217 1652 1247 etc.
1673 1212 1702 1257 I,
1727 1212 1748 1250 1

1089 1280 1127 1317 p.
1149 1264 1309 1306 469.—
1328 1266 1391 1304 Ad
1412 1280 1525 1303 usum
1545 1267 1752 1317 particulae

1089 1318 1194 1362 οὕτω
1216 1323 1382 1371 faciunt,
1414 1336 1513 1374 quae
1542 1322 1591 1359 ad
1619 1324 1650 1370 I,
1673 1324 1753 1363 196

1088 1380 1297 1418 attulimus.
1355 1379 1458 1420 Add.
1471 1381 1656 1428 H1‚7109.
1669 1379 1752 1428 VII,

1092 1436 1184 1477 150.

1142 1493 1263 1531 Ἠσαν
1286 1507 1362 1545 γαρ
1385 1491 1544 1545 Δαρείῳ
1567 1490 1635 1531 καὶ
1653 1488 1754 1544 πρό-

1088 1563 1204 1606 τερον
1243 1545 1270 1599 ἢ
1307 1550 1539 1601 βασιλεῦσαι
1567 1564 1604 1587 κ.
1633 1563 1667 1587 τ.
1697 1549 1751 1598 L]

1089 1607 1194 1656 ἠσαν
1215 1619 1305 1642 cum
1326 1606 1442 1644 Gaisf.
1465 1605 1553 1642 dedi
1573 1618 1642 1656 pro
1657 1603 1753 1644 ἔσαν

1092 1669 1129 1698 et
1148 1661 1222 1699 hoc
1243 1664 1327 1699 loco
1343 1670 1380 1699 et
1398 1664 1553 1714 reliquis
1572 1661 1685 1699 huius
1703 1662 1752 1698 li-

1090 1719 1159 1767 bri,
1180 1720 1247 1755 ubi
1267 1718 1361 1756 illud
1382 1720 1553 1756 obvium.
1593 1720 1651 1754 De
1670 1720 1751 1754 Da-

1091 1776 1136 1811 rii
1156 1775 1239 1812 filiis
1270 1774 1351 1812 dixi
1369 1775 1417 1812 ad
1436 1777 1502 1822 III,
1525 1778 1591 1823 88,
1613 1775 1681 1811 ubi
1692 1781 1751 1811 et·-

1088 1833 1167 1868 iam
1207 1831 1254 1868 de
1288 1832 1438 1880 Atossa,
1479 1832 1566 1868 coll.
1593 1832 1659 1880 III,
1682 1832 1751 1872 68.

1089 1888 1195 1934 Quae
1226 1889 1317 1940 Cyri
1352 1889 1430 1926 filia
1455 1888 1650 1939 Cambysis
1679 1887 1751 1924 fuit

1088 1958 1188 1982 uxor
1225 1958 1268 1982 ac
1308 1943 1398 1982 dein
1432 1943 1602 1983 Smerdis
1646 1945 1751 1995 Magi

1087 2003 1259 2054 itemque
1288 1999 1414 2050 Darii,
1443 2000 1547 2053 apud
1575 2014 1693 2054 quem
1713 2008 1752 2038 et

1087 2060 1214 2110 ipsum
1253 2060 1422 2096 multum
1458 2059 1598 2106 valuit,
1656 2065 1752 2095 teste

1089 2115 1227 2153 eodem
1247 2115 1442 2153 Herodoto
1463 2117 1529 2164 III,
1545 2117 1638 2157 133.
1657 2112 1749 2155 134.

1086 2173 1123 2210 A
1142 2174 1273 2209 Xerxe
1302 2173 1379 2209 filio
1399 2173 1541 2209 furioso
1557 2170 1749 2208 trucidata

1085 2229 1206 2266 fertur
1233 2229 1279 2266 ab
1299 2230 1457 2279 Aspasio
1479 2227 1527 2265 ad
1555 2227 1750 2265 Aristotel.

1082 2284 1209 2323 Ethic.
1239 2299 1279 2335 p.
1308 2284 1402 2325 124.
1457 2283 1520 2321 Ad
1540 2297 1749 2335 argumen-

1083 2348 1168 2378 tum
1188 2342 1264 2378 loci
1275 2340 1483 2378 Herodotei
1493 2341 1638 2378 faciimt
1649 2341 1748 2379 Plu—

1083 2396 1236 2435 tarchus
1263 2399 1299 2434 II
1327 2411 1365 2449 p.
1398 2397 1480 2439 488
1506 2399 1541 2434 D
1572 2404 1609 2434 et
1635 2397 1747 2434 Iusti-

1083 2467 1155 2491 nus
1175 2455 1223 2502 II,
1248 2456 1312 2501 10,
1344 2455 1410 2507 qui
1437 2453 1537 2492 hanc
1556 2455 1664 2491 litem
1682 2455 1747 2490 in—

1084 2518 1143 2548 ter
1171 2511 1276 2547 Darii
1307 2510 1425 2557 filios,
1462 2524 1579 2564 quam
1605 2511 1746 2548 Xerxis

1084 2568 1125 2604 in
1164 2568 1326 2618 gratiam
1362 2574 1469 2618 pater
1512 2566 1744 2615 diiudicavit,

1085 2631 1170 2675 post
1189 2625 1303 2674 ipsius
1323 2625 1436 2674 patris
1459 2625 1605 2662 obitum
1634 2636 1655 2660 a
1673 2635 1745 2673 pa-

1086 2689 1171 2718 truo
1201 2682 1306 2718 velut
1335 2682 1474 2718 arbitro
1496 2681 1744 2732 compositam

1086 2752 1164 2776 esse
1185 2736 1350 2785 tradunt,
1375 2738 1479 2786 allos,
1492 2745 1535 2775 ut
1564 2735 1743 2774 credibile

1085 2802 1151 2841 est,
1194 2800 1365 2831 auctores
1401 2795 1534 2831 secuti.
1599 2792 1742 2838 Quibus

1084 2851 1187 2890 addit
1208 2849 1390 2889 Valcken.
1413 2851 1548 2888 Iulian.
1580 2848 1643 2887 Or.
1664 2850 1682 2885 1
1702 2862 1742 2900 p.
