1815 3181
229 339 328 383 119

59 405 141 432 Care
144 412 222 439 sup
196 403 272 431 riom
292 403 332 430 ad

57 439 100 466 flu
83 439 182 465 uvium
196 438 282 466 Mar

59 480 157 508 syam,

387 224 471 263 224

388 330 758 384 ἀπονοστήσουσι,
790 326 832 377 ἐς
860 325 940 369 τόν
959 327 1157 382 ποταμὸν
1178 324 1468 375 ἐσπίπτοντες.

390 401 459 451 δὲ,
491 395 745 450 παρεόντων
773 394 848 437 καὶ
878 393 1126 450 διαβάντων
1154 394 1232 437 τόν
1261 393 1528 446 Μαίανδρον
1564 395 1656 434 τῶν

782 215 1248 254 HERODOTI

1530 323 1654 368 Μετοὶ

389 464 607 519 Περσέων,
643 463 836 505 ἐνθαῦτα
862 462 930 505 ἐπὶ
959 467 1020 520 τῷ
1042 461 1237 517 Μαρσύῃ
1263 463 1446 515 ποταμῷ
1477 459 1656 514 συνέβα-

389 533 467 578 λόν
496 547 540 574 τε
568 535 682 573 τοῖσι
713 528 911 585 Πέρσῃσι
952 530 995 572 οἱ
1024 533 1188 584 Κᾶρες,
1223 529 1298 572 καὶ
1335 527 1477 584 μάχην
1507 527 1683 583 {fluxe-5

391 614 522 646 σαντο
572 597 774 653 ἰσχυρὴν,
813 598 887 641 καὶ
928 597 997 641 ἐπὶ
1033 598 1198 654 χρόνον
1228 595 1417 642 πολλόν·
1458 594 1580 646 τέλος
1610 595 1656 638 δὲ

362 667 650 723 Ξὲσσιόθησαν
700 665 774 709 διὰ
813 670 994 722 πλῆθος.

390 737 542 790 ἄνδρες
572 733 615 785 ἐς
645 735 904 789 δισχιλίους,

946 738 1113 788 Καρῶν
1155 734 1202 778 δὲ
1242 733 1284 784 ἐς
1320 732 1522 787 μυρίους.

1054 665 1264 720 Περσέων
1292 663 1370 720 μὲν
1410 662 1464 718 δὴ
1501 662 1657 706 ἔπεσον

1591 729 1657 774 ἐν·

387 807 542 848 θεῦτεν
580 801 625 844 δὲ
664 803 708 844 οἱ
750 800 1042 857 διαφυγόντες
1083 802 1230 846 αυτῶν
1259 799 1581 884 κατειλήθησαν
1611 798 1653 850 ἐς
1667 806 1711 839 10

392 871 638 927 Λάβραυδα,
668 869 709 920 ἐς
729 870 838 921 Διός
858 872 1081 925 Στρατίου
1112 870 1210 925 ἱρόν
1232 869 1340 926 μέγα
1360 885 1404 912 τε
1425 868 1498 911 καὶ
1528 855 1657 922 ἅγιον
1711 863 1794 907 436

938 942 1099 993 μοῦνοι
1128 939 1194 992 δὲ,
1233 941 1323 981 τῶν
1358 936 1480 992 ἡμεῖς
1516 937 1680 992 ἴδμεν,

360 961 382 980 3
364 940 522 989 ἄλσος
561 939 876 981 πλατανίστων.

389 1007 529 1059 Κᾶρές
560 1007 639 1049 εἰσι
667 1008 709 1049 οἳ
737 1008 816 1049 Διῒ
843 1008 1043 1066 Στρατίῳ
1074 1007 1234 1058 θυσίας
1264 1004 1489 1061 ἀνάγουσι.
1520 1018 1657 1047 κατει-

389 1074 588 1130 ληθέντες
627 1073 673 1117 δὲ
701 1067 764 1116 ὧν
809 1069 933 1118 οὗτοι
973 1075 1186 1126 ἐνθαῦτα,
1229 1071 1518 1131 ἐβουλεύοντο
1558 1071 1657 1125 περὶ

389 1144 622 1198 σωτηρίης,
680 1140 863 1195 ὁκότερα
911 1142 940 1198 ἢ
986 1141 1256 1196 παραδόντες
1303 1141 1440 1197 σφέας
1492 1138 1657 1190 αὐτοὺς

391 1211 604 1268 Πέρσῃσι,
651 1209 679 1266 ἢ
731 1210 979 1262 ἐκλιπόντες
1021 1210 1072 1254 τό
1120 1208 1331 1265 παράπαν
1379 1209 1460 1265 τὴν
1498 1200 1655 1264 Ἀσίην,
1669 1214 1712 1248 15

337 1418 386 1456 ad
427 1420 472 1468 V,
524 1421 616 1460 111.
679 1420 725 1456 In
760 1431 867 1471 seqq.
907 1425 996 1456 ante

335 1477 451 1513 veiba
489 1471 516 1526 ἢ
559 1474 675 1525 σφισὶ
713 1476 856 1512 inserui
906 1489 996 1512 eum

336 1531 555 1583 Schweigh.
598 1540 635 1569 et
675 1533 792 1569 Gaisf.
833 1535 994 1582 μᾶλλον,

336 1591 451 1641 vulgo
484 1591 686 1637 omissum,
712 1591 883 1641 itemque
911 1596 997 1641 post

338 1644 489 1698 δηλαδή
504 1648 613 1698 posui
634 1646 930 1683 distinctionem.

533 1749 624 1800 Cap,
656 1749 795 1787 CXIX.

392 1814 686 1868 κατειλήθησαν
699 1817 740 1864 ε’ς·
750 1812 992 1868 Λάβρανδα]

336 1875 393 1911 De
413 1875 605 1911 locutione
627 1875 728 1911 conf.
749 1881 844 1911 nott.
867 1873 915 1910 ad
928 1874 994 1920 111,

339 1933 403 1971 13.
459 1932 580 1968 Paulo
612 1939 699 1968 aute
739 1925 875 1969 αὖτῶν
907 1929 997 1967 dedi

336 2000 404 2037 pro
436 1983 598 2026 αὐτέων.
656 1983 882 2039 Λαβρανδα
904 1988 998 2023 Flo-

338 2044 506 2080 rentiuus
528 2043 680 2081 exhibet
700 2058 787 2081 cum
799 2045 891 2092 aliis,
913 2046 999 2080 Me-

340 2099 467 2136 diceus
493 2108 529 2137 et
565 2102 760 2137 Marmor-¹
783 2102 909 2138 Oxon.
950 2102 998 2149 Π,

342 2159 394 2196 12
413 2151 675 2207 Λάβραυνδα,
690 2155 998 2208 3111Λάβρυνδα,

341 2225 439 2264 quae.
470 2213 579 2249 lectio
610 2212 712 2249 haud
739 2215 816 2250 scio
839 2227 887 2251 an
908 2214 998 2251 inde

341 2270 514 2316 fluxerit,
572 2269 675 2319 quod
716 2271 806 2306 olim
846 2268 999 2321 λαβρῦν

340 2325 439 2377 Lydi
468 2332 504 2361 et
536 2325 647 2362 Cares
676 2330 822 2364 securim
861 2326 998 2365 dixisse

340 2383 514 2418 feruntur
543 2389 635 2419 teste
665 2382 870 2421 Plutarcho
903 2385 939 2420 H
959 2398 998 2435 p.

342 2441 425 2478 302
453 2439 500 2474 A.
558 2439 610 2474 At
637 2438 738 2488 apud
769 2440 999 2477 Strabonem

341 2494 467 2543 (cuius
488 2496 616 2531 locum
637 2494 685 2530 ad
704 2496 733 2541 1,
757 2498 833 2536 171
865 2497 999 2533 citavi-

340 2552 445 2599 mus)
468 2559 581 2603 atque
601 2553 640 2587 in
662 2552 788 2588 numis
807 2548 999 2602 Λάβραυ-

342 2608 392 2646 δα
420 2609 588 2660 itemque
620 2608 789 2658 Iuppiter
810 2609 999 2658 Λαβραν-

343 2662 466 2714 ὅηνός
497 2672 532 2701 et
572 2660 839 2714 Λαβρανδεύς
879 2666 1000 2701 cultus

343 2721 381 2756 in
415 2719 487 2757 hoc
519 2722 621 2768 vico,
664 2721 724 2756 cui
755 2732 896 2755 nomen
926 2722 1003 2756 La-

343 2777 519 2825 brunda,
580 2790 698 2827 prope
738 2776 924 2827 Mylasam
963 2777 1001 2812 in

344 2841 487 2870 monte.
558 2834 667 2871 Cous.
712 2831 921 2870 Prokesch.
963 2833 1002 2868 in

1052 1418 1195 1455 Annal.
1216 1417 1439 1455 Viennenss.
1462 1416 1512 1454 T.
1522 1416 1614 1453 LIX
1628 1415 1715 1451 An-

1053 1478 1150 1526 zeig.
1172 1475 1231 1511 Bl.
1252 1487 1339 1525 pag.
1361 1473 1400 1514 5.
1457 1475 1503 1510 In
1523 1474 1630 1510 cuius
1648 1473 1715 1508 Ιο-

1052 1534 1108 1570 vis
1137 1534 1223 1569 luco
1245 1531 1491 1582 probabiliter
1517 1530 1713 1576 sacellum,

1051 1591 1093 1626 in
1115 1602 1191 1641 quo
1223 1589 1393 1639 Iuppiter
1415 1585 1608 1637 Στράτιος
1628 1598 1715 1622 ma-

1051 1660 1107 1683 uu
1133 1652 1284 1696 gestans
1315 1645 1501 1681 securim:
1552 1643 1599 1680 de
1637 1654 1715 1694 quo

1051 1704 1162 1754 plura
1181 1700 1408 1738 Plutarchus
1436 1702 1464 1738 l.
1484 1701 1509 1739 l.
1550 1702 1617 1738 Tu
1637 1697 1715 1737 vid.

1047 1767 1146 1798 nott.
1165 1758 1216 1796 ad
1242 1760 1272 1806 I,
1290 1761 1384 1799 171.

1111 1846 1199 1901 ἱρόν
1224 1847 1321 1901 μέγα
1339 1862 1379 1886 τε
1409 1844 1478 1885 καὶ
1507 1841 1624 1898 ἅγιον
1645 1841 1716 1883 ἅλ-

1053 1918 1121 1952 σος
1150 1904 1454 1952 πλατανίστων]
1497 1903 1595 1939 Citat
1632 1902 1718 1938 Eu-

1053 1961 1165 2001 stath.
1186 1961 1234 1999 ad
1252 1960 1361 1998 Iliad.
1384 1973 1472 2011 pag.
1496 1962 1588 2006 187,
1613 1961 1666 1999 17
1686 1971 1718 1995 s.

1058 2019 1196 2067 143,
1200 2017 1536 2056 .Valckenaerius
1556 2015 1604 2052 ad
1623 2013 1664 2051 11.
1689 2015 1716 2051 l.

1056 2078 1231 2114 observat
1265 2076 1312 2112 ab
1343 2073 1539 2125 Heiodoto
1569 2079 1606 2109 et
1638 2072 1718 2108 aliis

1055 2133 1264 2185 permutari
1292 2144 1405 2169 voces
1431 2127 1517 2181 ἱρὸν
1540 2137 1577 2166 et
1598 2125 1718 2173 α’λσος

1058 2198 1095 2227 et
1114 2189 1274 2240 τέμενος
1294 2195 1337 2224 ut
1348 2189 1411 2232 VI,
1425 2189 1492 2227 78.
1504 2175 1572 2226 79.
1605 2182 1717 2230 Quod

1054 2247 1159 2284 idem
1187 2251 1320 2282 monet
1339 2216 1505 2281 Vtilcker
1534 2244 1573 2278 in
1594 2240 1718 2278 Iahnii

1057 2311 1094 2341 et
1116 2301 1283 2341 Seebod.
1311 2300 1468 2338 Annall.
1499 2298 1647 2349 (1832)
1668 2298 1716 2344 11,

1060 2365 1078 2401 1
1103 2372 1191 2412 pag·
1215 2361 1282 2400 37-

1113 2437 1261 2484 θυσίας
1285 2430 1506 2489 οἷναγουσι]
1547 2433 1574 2470 i.
1596 2445 1630 2470 e.
1659 2444 1712 2468 sa-

1057 2509 1118 2533 cra
1142 2494 1287 2545 saczunt
1328 2506 1357 2529 s.
1400 2491 1564 2540 offerunt.
1624 2486 1720 2525 -Vid.

1056 2550 1196 2589 Herod
1217 2552 1265 2598 11,
1280 2552 1349 2590 60-
1371 2551 1439 2589 61.
1459 2545 1526 2587 40·
1539 2544 1605 2586 43.
1627 2545 1720 2584 122-

1057 2610 1121 2657 VI,
1151 2607 1338 2652 111.111,
1369 2607 1423 2646 79
1461 2603 1593 2654 ibique
1622 2606 1720 2638 nott.

1058 2687 1114 2692 —
1162 2665 1256 2700 Mox
1302 2675 1392 2699 cum
1442 2658 1638 2697 Grouovio
1678 2669 1722 2693 ac

1060 2720 1266 2758 Schaesero
1289 2717 1444 2755 exhibui
1464 2711 1722 2765 κατειληθέν-

1059 2792 1120 2823 τες
1151 2774 1203 2815 δὲ
1236 2770 1300 2815 ὦν
1331 2789 1351 2812 e
1371 2771 1545 2811 Mediceo
1577 2768 1663 2808 cod.
1685 2775 1722 2805 et

1061 2832 1208 2870 duobus
1248 2833 1341 2869 aliis.

1436 2828 1588 2881 Reliqui
1635 2825 1722 2864 libri
1788 2820 1794 2825 ’
