1789 3258
441 245 853 281 POLYMNIA.
912 244 1018 280 Vll.

1273 244 1358 282 629

91 357 166 400 καὶ
197 356 339 399 ἄλλων
369 358 542 410 συχνῶν
571 353 894 409 ἐσβαλλόντων,
924 352 1048 396 πέντε
1088 352 1135 396 δὲ
1167 353 1253 394 τῶν
1282 352 1356 394 δο-

88 425 229 480 κίμων
249 421 437 478 μοίλιστα
463 423 626 474 τῶνδε,
661 424 872 478 Πηνειοῦ,
905 421 978 464 καὶ
1007 420 1256 471 Ἀπιδανοῦ,
1285 419 1413 462 καὶ65

83 491 344 546 Ὀνοχώνου,
376 491 449 534 καὶ
475 490 682 541 Ἐνιπέος,
712 490 784 532 καὶ
821 491 1048 544 Παμίσου·
1090 489 1134 531 οἱ
1162 487 1242 544 μέν
1270 503 1355 530 νυν

88 558 131 609 ἐς
160 557 209 600 τό
249 560 401 601 πεδίον
438 563 570 602 τοῦτο
611 557 920 613 συλλεγόμενοι
960 557 1006 600 ἐκ
1045 560 1138 599 τῶν
1185 554 1354 609 οὐρέων

86 628 174 668 τῶν
192 624 532 681 περικληιόντων
561 626 640 682 τὴν
664 627 906 681 Θεσσαλίην
929 623 1286 680 οὐνομαζόμενοι,
1299 620 1350 666 δι’

87 692 183 744 ἑνὸς
197 691 411 746 αὐλῶνος,
444 695 517 737 καὶ
536 692 697 738 τούτου
729 696 920 745 στεινοῦ,
953 692 1112 747 ἔκροον
1132 690 1280 747 ἔχουσι
1310 691 1353 742 ἐς
1366 697 1410 730 70

85 760 330 814 θάλασσαν,
359 764 761 818 προσυμμίσγοντες
787 760 836 806 τὸ
856 760 978 814 ὕδωρ
997 759 1153 810 πάντες
1174 759 1217 810 ἐς
1246 758 1353 802 τώυ-

86 828 157 872 τό·
188 830 318 872 ἐπεὰν
348 830 396 874 δὲ
426 830 724 886 συμμιχθέωσι
756 828 944 885 τάχιστα,
978 829 1181 872 ἐνθεῦτεν
1211 825 1295 883 ἤδη
1326 827 1349 869 ὁ

87 897 276 954 Πηνειὸς
312 902 383 954 τῷ
436 897 650 955 οὐνόματι
700 897 1029 954 κατακρατέων,
1087 895 1352 951 ἀνωνύμους

56 965 194 1018 Inous
232 965 390 1019 ἄλλους
428 965 541 1011 εἶναι
569 966 716 1012 ποιέει.

30 1169 85 1204 ca,
104 1169 202 1208 quae
224 1168 327 1192 nunc
347 1162 532 1193 vocantur
551 1153 689 1193 Thau-

27 1226 156 1260 macos
196 1225 239 1250 ac
275 1212 487 1260 Velestina,
517 1211 689 1249 Pharsali

28 1282 182 1321 campos
205 1277 400 1321 permeat,
440 1270 554 1320 paulo
573 1283 687 1321 supra

26 1325 255 1364 Pharsalum
291 1328 440 1377 Enipeo
482 1326 562 1376 (cui
582 1340 686 1364 nunc

27 1397 171 1421 nomen
218 1382 478 1433 wacho-Iani)
518 1390 686 1434 recepto,

26 1442 84 1478 De
102 1447 267 1492 utroque
282 1440 412 1487 fluvio,
433 1453 550 1491 quem
571 1443 687 1477 etiam

25 1499 132 1535 novit
162 1496 412 1548 Thucydides
440 1498 503 1545 IV,
523 1500 590 1545 78,
620 1498 687 1534 ubi

26 1555 126 1594 conf.
157 1555 308 1602 wass„
335 1555 446 1605 plura
475 1553 553 1591 vid.
583 1553 685 1604 apud

25 1610 311 1650 Vaudoncourt.
350 1612 377 1648 1.
403 1612 430 1648 l.
460 1623 548 1662 pag.
589 1611 685 1652 356.

27 1670 121 1710 290.
158 1670 217 1705 De
233 1668 426 1716 Onochono,
448 1670 513 1719 qui
533 1680 687 1704 memo-

26 1731 129 1762 ratur
153 1726 236 1772 VII,
269 1728 370 1773 196,
406 1732 519 1777 atque
542 1724 686 1761 Pamiso

25 1783 134 1833 plura
153 1782 288 1819 afferre
309 1795 388 1819 non
408 1781 544 1818 habeo.
578 1782 684 1818 Ono-

29 1837 200 1876 chonnm
220 1846 319 1886 sunt,
351 1841 418 1890 qui
435 1837 604 1875 eundem
624 1845 684 1874 at-

27 1908 102 1947 que
133 1896 248 1933 Orcon
276 1908 453 1942 amnem,
475 1896 580 1932 cuius
601 1895 683 1930 Pli-

25 1954 111 1989 nius
142 1954 191 1988 H.
222 1954 269 1988 N.
298 1952 362 1999 IV,
395 1953 419 1992 8
449 1952 541 2001 (15)
573 1952 609 1995 ξ.
632 1952 682 1990 31

26 2010 224 2055 meminit,
261 2007 447 2054 habeant,
471 2008 536 2059 qui
557 2008 686 2044 vicum

30 2066 165 2102 Reiani
178 2065 405 2115 praeterlabi
416 2066 500 2101 etin
512 2066 687 2100 Peneum

28 2122 132 2158 exire
163 2121 310 2159 dicitur.
371 2122 482 2159 Cous.
503 2119 687 2158 Vaudon-

27 2186 148 2220 court.
178 2180 204 2216 l.
244 2179 269 2215 l.
309 2191 396 2229 pag.
428 2177 524 2219 349.
572 2175 687 2228 Apud

28 2236 162 2274 TzetZ.
190 2234 380 2286 Lycophr.
412 2234 518 2275 1424
560 2241 688 2271 exsta-

0 2318 1 2321 =
28 2293 92 2330 bat
127 2288 330 2342 Ὀνοόχων,
361 2290 465 2344 quod
477 2305 580 2329 nunc
598 2304 688 2328 mu-

29 2355 155 2386 tarunt
173 2350 213 2385 in
231 2344 470 2400 Ὀνοχῶνος.

85 2461 126 2502 οἷ
161 2459 233 2513 μέν
270 2476 345 2501 νυν
383 2461 423 2508 ἐς
459 2457 502 2501 τὸ
542 2459 682 2500 πεδίον

28 2521 142 2558 τοῦτο
181 2515 457 2570 συλλεγόμενοι
499 2532 534 2558 κ.
569 2532 599 2556 τ.
627 2519 680 2566 λ.]

30 2575 170 2613 Sensus
207 2575 280 2611 loci
311 2574 372 2611 hio
401 2575 480 2611 fere
501 2581 575 2612 est:
607 2576 683 2622 „Hi

28 2632 140 2682 igitur
167 2644 263 2683 quos
289 2630 368 2668 dixi
397 2631 502 2667 fluvii
525 2632 564 2667 in
584 2630 683 2668 hanc

15 2687 284 2737 (Thessaliae)
300 2688 495 2738 planitiem
516 2685 563 2723 de
572 2688 683 2723 Mon-

29 2744 125 2783 tibus
166 2744 406 2782 Thessaliam
452 2742 684 2780 includenti-

29 2800 96 2840 bus
115 2801 257 2853 delapsi
285 2803 401 2854 inque
423 2812 546 2837 unum
565 2800 685 2837 colle-

30 2858 90 2907 cti,
109 2872 176 2910 per
195 2871 314 2896 unam
332 2858 547 2896 convallem
579 2869 684 2894 eam-

781 967 841 1010 Τὸ
880 966 925 1010 δὲ
954 964 1143 1010 παλαιόν
1172 963 1356 1021 λέγεται,

747 1168 821 1207 que
843 1160 1046 1205 angustam
1067 1153 1214 1191 exitum
1234 1152 1273 1189 in
1301 1164 1408 1188 mare

744 1210 1077 1259 habent‚omnium
1086 1211 1289 1247 fluviorum
1301 1210 1409 1260 aquis

743 1269 783 1305 in
805 1282 928 1305 unum
959 1267 1149 1317 (alveum)
1181 1280 1220 1304 se
1241 1265 1408 1303 commi—

743 1326 956 1373 scentibus,
979 1325 1046 1377 qui
1066 1338 1114 1361 ex
1135 1324 1261 1376 quoin
1283 1335 1407 1359 unum

745 1382 979 1429 confluxere,
997 1383 1048 1418 ita
1060 1381 1253 1432 praevalet
1263 1392 1407 1416 nomen

742 1441 862 1475 Penei
883 1439 979 1491 (qui
1010 1451 1109 1475 unus
1136 1435 1255 1474 modo
1283 1442 1338 1473 est
1357 1448 1408 1472 ex

741 1497 814 1533 illis
835 1496 991 1543 fluviis),
1021 1502 1063 1531 ut
1077 1496 1156 1531 iam
1174 1494 1311 1545 reliqui
1330 1492 1407 1529 flu-

742 1554 794 1590 vii
823 1566 937 1590 suum
966 1553 1108 1604 quique
1133 1552 1309 1587 amittant
1335 1562 1406 1586 no-

743 1623 835 1646 men
863 1622 1064 1661 unumque
1091 1608 1211 1645 Penei
1231 1605 1407 1643 audiatur

742 1680 901 1704 nomen.
959 1667 1036 1702 Pro
1065 1666 1170 1715 vulg.
1192 1661 1319 1703 ποιέει
1349 1659 1406 1702 εἶ-

743 1739 810 1763 ναι
840 1722 929 1760 dedi
967 1736 988 1758 e
1020 1729 1182 1773 quatuor
1213 1719 1324 1757 codd.
1349 1715 1406 1758 εἶ-

741 1796 809 1819 ναι
829 1796 882 1819 πο
891 1778 982 1828 ιεέις
1005 1778 1053 1815 ad
1066 1791 1163 1830 quae
1178 1778 1294 1814 verba
1306 1789 1404 1813 con-

740 1838 810 1873 sul.
840 1834 976 1873 Masth.
1007 1836 1074 1871 Gr.
1106 1836 1172 1871 Gr.
1195 1835 1231 1879 §.
1253 1832 1335 1874 420
1365 1833 1404 1869 b.

741 1906 830 1944 pag.
855 1895 951 1933 768.
1010 1892 1108 1927 Citat
1135 1902 1288 1942 quoque
1307 1888 1402 1925 haec

741 1950 856 1986 verba
883 1946 1056 1986 Eustath.
1094 1946 1143 1984 ad
1171 1947 1217 1987 Il,
1247 1959 1286 1996 p.
1308 1947 1403 1992 337,

743 2008 768 2046 7
800 2019 828 2044 s·
862 2004 956 2051 255,
979 2006 1016 2044 8.
1074 2005 1118 2040 In
1148 2015 1253 2054 seqq.
1275 1995 1404 2052 ἧσσον

741 2063 892 2113 reposui
925 2073 994 2111 pro
1024 2059 1159 2108 ἕσσον,
1198 2066 1239 2096 ut
1254 2058 1334 2095 dixi
1354 2057 1402 2095 ad

742 2120 788 2166 V,
819 2121 886 2159 72.
915 2119 972 2154 De
1009 2114 1215 2158 οὕτε-τε
1243 2114 1318 2154 vid.
1343 2115 1402 2152 al-

742 2176 818 2213 lata
845 2175 894 2213 ad
914 2175 977 2224 VI,
1000 2177 1036 2214 1.

807 2286 857 2329 Τὸ
867 2289 889 2328 δ
893 2286 908 2328 ὲ
920 2285 1092 2328 παλαιόν
1109 2285 1257 2341 λέγεται
1269 2288 1397 2336 unt-L]

744 2348 938 2384 Pertiuent
957 2345 1052 2383 haec
1081 2345 1129 2383 ad
1150 2357 1235 2382 eam
1252 2373 1263 2393 ,
1283 2356 1401 2396 quam

743 2402 856 2441 huius
884 2417 967 2454 cap.
1006 2404 1113 2440 initio
1139 2404 1275 2439 Noster
1295 2407 1400 2438 retu-

739 2462 833 2498 lerat
848 2461 993 2497 famam
1010 2459 1056 2497 de
1069 2457 1280 2505 Thessalia,
1301 2470 1400 2509 quae

738 2518 841 2555 lacus
861 2518 1028 2568 speciem
1048 2517 1141 2554 olim
1170 2515 1398 2566 praebuerit,

738 2576 896 2611 relatam
917 2587 1069 2626 quoque
1084 2587 1106 2610 a
1137 2573 1324 2610 Strabone
1342 2572 1399 2606 IX

739 2646 776 2682 p.
800 2631 879 2672 658
901 2632 948 2669 A.
970 2629 1090 2670 s-430
1111 2636 1223 2681 atque
1235 2633 1399 2677 exparte

739 2689 787 2725 ab
806 2686 1004 2725 Eustathio
1024 2687 1050 2724 l.
1081 2687 1108 2722 l.
1167 2683 1278 2730 Quod
1304 2695 1397 2720 vero

739 2751 859 2781 terrae
889 2751 1017 2790 motu,
1050 2754 1164 2792 opere
1190 2739 1396 2790 Neptunio,

740 2801 949 2852 Olympum
969 2806 1006 2836 et
1026 2799 1160 2835 Ossam
1179 2797 1271 2834 olim
1301 2808 1395 2832 con-

739 2857 887 2895 iunctos
928 2855 1093 2894 divulsos
1126 2866 1170 2892 ac
1204 2858 1393 2906 separatos
