1815 3181
31 292 134 313 θοι-(ιω
156 285 303 311 iumenta-

31 327 88 354 que
106 318 234 353 piscibus
252 325 303 343 ιθ-

356 175 412 214 24
750 162 1210 202 HERODOTI

361 278 652 338 ἐχειρώθησαν
689 274 826 329 ἀρχὴν
861 270 947 316 ὑπὸ
985 269 1264 327 Μεγαβάζου.

1319 264 1528 322 ἐπειρήθη
1567 266 1613 310 δὲ

30 356 160 386 ²⁵0¹¹¹¹²¹¹¹
180 358 304 386 quorum
333 350 436 393 Ξκαὶ
465 348 568 397 τούς
599 345 644 387 ἓν
673 346 725 399 τῇ
754 343 884 396 λίμνη
918 337 1257 394 κατοικημένους
1287 334 1491 389 ἐξαιρέειν
1520 329 1613 377 ὦδε.

365 417 482 470 ἰκρία
511 414 578 457 ἐπὶ
599 413 798 463 σταυρῶν
821 406 1002 462 ὑψηλῶν
1035 404 1266 461 εζευγμένα
1295 420 1342 446 εν
1370 403 1477 459 μέσῃ
1498 403 1614 459 ἕστη-

357 500 406 528 κε
435 486 487 540 τῇ
514 483 663 536 λίμνῃ,
693 477 848 521 ἔσοδον
878 475 925 519 ἐκ
952 477 1027 530 τῆς
1056 472 1239 529 ἠπείρου
1269 469 1441 527 στεινὴν
1466 471 1672 525 ἔχοντα85

30 393 144 421 genera
152 372 232 418 duo,
250 392 304 418 pa.-

33 427 139 454 praces
164 421 196 446 et.
221 404 289 445 iilo-

32 460 94 479 nes.

331 559 353 593 3
363 568 439 608 μιη
478 547 661 606 γεφύρῃ

721 543 826 595 τούς
871 542 916 586 δὲ
954 539 1171 623 σταυρούς
1208 555 1312 590 τους
1348 537 1618 590 ὑπεστεῶτας

358 624 474 663 τοῖσι
505 617 681 679 ἰκρίοισι
729 612 778 656 τὸ
819 610 898 666 μέν
938 626 1020 653 κου
1060 607 1243 663 ἀρχαῖον
1273 606 1455 662 ε’στησαν
1491 608 1621 662 κοινῇ

332 685 516 735 4πάντες
537 681 580 727 οἳ
603 684 829 737 πολιῆται·
861 694 965 734 μετα
986 677 1044 728 δε,
1074 677 1195 732 νόμῳ
1203 673 1450 756 χρεώμενοι
1478 674 1620 717 ἱστᾶσι

360 754 522 809 τοιῷδε
553 751 800 806 κομίζοντες
821 746 862 799 ἐξ
883 746 1053 800 οὔρεος,
1084 748 1144 801 τῷ
1167 742 1337 799 οὔνομά
1354 741 1443 785 ἐστι
1459 740 1620 796 ”-Ορβη

361 825 450 873 λος,
470 818 578 863 κατὰ
603 821 791 874 γυναῖκα
811 813 997 870 ἑκάστην
1020 812 1043 856 ὁ
1073 811 1248 868 γαμέων
1267 814 1381 864 τρεῖς
1401 808 1622 863 σταυροὺς

335 887 578 943 5ὑπίστησι·
611 884 759 942 ἄγεται
781 882 852 926 δε
839 882 1016 932 ἕκαστος
1028 878 1185 936 συχνὰς
1203 882 1428 934 γυναῖκας.
1460 878 1678 920 οἰκεῦσι90

364 956 410 1000 δὲ
427 957 631 999 τοιοῦτον
653 951 838 1007 τρόπον·
869 948 1061 1003 κρατέων
1079 947 1257 997 ἕκαστος
1277 946 1342 990 ἐπὶ
1360 949 1449 990 τῶν
1471 945 1623 1001 ἰκρίων

309 1131 526 1176 Bisaltiam,
564 1129 630 1164 ubi
667 1140 768 1163 nunc
807 1125 969 1162 inveniri

309 1185 491 1252 paludem
520 1184 756 1233 Siderocapsa
783 1195 811 1219 s.
847 1181 970 1218 Sidro-

312 1244 422 1280 cat-§si
438 1241 620 1279 scribunt.
680 1240 737 1276 Cf.
759 1236 971 1289 Spanhem.

312 1301 339 1337 l.
359 1300 385 1336 l.
407 1300 590 1336 Gatterer.
611 1311 649 1347 p.
673 1299 765 1336 120.
795 1295 847 1331 At
858 1295 972 1330 Man-—

313 1362 468 1392 uertum
497 1355 567 1392 VII
597 1367 634 1404 p.
664 1352 746 1393 495
789 1352 821 1388 si
850 1349 970 1397 audis,

314 1411 528 1449 Herodotus
548 1408 730 1455 confudit,
757 1420 853 1460 quae
872 1408 970 1444 bene

317 1466 564 1505 discernenda
585 1472 712 1512 eraut,
744 1477 833 1501 cum
861 1464 970 1514 palus

314 1526 459 1562 Prasias
491 1537 512 1559 a
540 1523 661 1560 Bolbe
688 1520 827 1572 palude
855 1521 970 1570 longe

317 1580 464 1618 diversa
490 1581 531 1615 in
567 1579 819 1629 superioribus
859 1577 972 1627 Stry-

314 1638 439 1674 monis
469 1636 707 1686 regionibus,
747 1635 815 1670 ubi
843 1634 970 1684 plures

317 1695 391 1731 sint
411 1694 534 1739 lacus,
565 1693 695 1744 quaeri
717 1689 864 1727 debeat.
913 1689 972 1725 Ibi

318 1751 422 1786 euim
441 1749 625 1786 Orbelum
652 1760 742 1795 esse,
774 1748 836 1794 ait,
857 1759 974 1782 mon-

319 1814 397 1843 tem
429 1807 702 1856 propinquum,
733 1802 837 1839 unde
868 1803 974 1853 palos

319 1861 368 1899 ad
380 1862 546 1898 tabulata
557 1859 744 1911 aedesque
756 1866 974 1895 construen-

321 1918 386 1955 das
407 1919 605 1968 petierint,
626 1929 706 1953 nou
726 1916 823 1952 mari
842 1916 977 1965 proxi-

323 1988 449 2021 mum,
469 1974 535 2010 ubi
554 1974 674 2010 Bolbe
694 1973 813 2023 palus.
854 1972 978 2016 Quare

324 2032 508 2067 Gatterer.
540 2031 565 2066 l.
597 2030 622 2065 l.
643 2043 682 2079 p.
708 2028 761 2069 24
789 2041 868 2079 seq.
900 2030 979 2067 102

324 2085 517 2136 duplicem
565 2086 747 2121 Orbelum
797 2084 979 2120 exstitisse

324 2144 452 2188 sumit,
476 2142 634 2177 alterum
646 2153 764 2191 prope
784 2138 981 2189 Philippos

326 2200 527 2249 lacumque
556 2197 704 2242 Balbos,
750 2209 864 2247 quem
885 2208 982 2231 eun-

328 2254 416 2291 dem
436 2267 503 2304 pro
517 2253 691 2290 Prasiacle
704 2251 829 2299 habet,
852 2264 872 2287 a
887 2252 983 2287 mari

328 2324 406 2347 non
437 2312 550 2359 longe
579 2315 792 2356 remotum3
823 2309 984 2344 alterum

328 2368 623 2417 septentrionem
644 2378 771 2402 versus
784 2378 872 2400 cum
888 2366 961 2401 Sco
973 2381 985 2393 =

330 2425 407 2459 mio
441 2430 476 2458 et
516 2423 662 2458 Haemo
705 2419 984 2467 cohaerentem,

330 2479 379 2516 ad
391 2478 635 2515 Macedoniae
656 2477 747 2514 fines
759 2478 985 2527 septentrio-

333 2537 449 2572 nales.
516 2533 725 2571 Larcherus
759 2546 842 2569 eam
876 2534 987 2583 palu-

333 2591 433 2639 dem,
452 2604 548 2642 quae
570 2604 589 2627 a
610 2589 767 2626 meridie
781 2590 880 2626 urbis
893 2587 988 2625 Phi-

334 2621 522 2698 lippdrum
545 2646 772 2693 extenditur,
801 2659 869 2696 pro
893 2645 989 2682 Pra-

335 2704 430 2740 stade
460 2703 584 2740 habet.
615 2726 669 2730 --
715 2704 758 2738 In
789 2715 895 2753 seqq.
918 2697 989 2751 εἷρ-

336 2774 409 2810 χην
431 2761 529 2796 valet
550 2762 694 2805 omuino,
717 2766 755 2794 nt
779 2759 918 2805 1V‚25,
940 2771 989 2793 ne

1027 1124 1149 1174 plura.
1200 1121 1328 1173 ἰκρία,
1363 1133 1461 1173 quae
1503 1118 1680 1170 deinceps

1026 1185 1389 1225 commemorantur,
1410 1183 1498 1214 sunt
1516 1177 1683 1214 tabulata

1027 1236 1154 1286 (Nosz
1208 1236 1389 1281 Geriiste,
1419 1233 1591 1283 Bretter)
1621 1247 1682 1270 su-

1021 1294 1249 1344 perimposita
1264 1291 1362 1341 palis
1386 1291 1473 1328 altis
1492 1292 1532 1327 in
1553 1293 1683 1327 terram

1029 1350 1167 1401 defixis.
1225 1347 1312 1384 Vid.
1339 1354 1436 1384 nott.
1469 1345 1518 1383 ad
1545 1347 1609 1394 IV,
1630 1345 1683 1387 85

1027 1413 1063 1443 et
1084 1404 1171 1442 add.
1183 1402 1349 1443 Nitzsch.
1370 1403 1419 1441 ad
1437 1405 1594 1440 Homer.
1612 1400 1685 1440 Od.

1025 1464 1071 1510 V,
1093 1462 1175 1503 252
1195 1474 1283 1512 pag.
1305 1463 1370 1501 39.
1390 1482 1446 1487 —
1481 1460 1634 1496 Paulo
1622 1472 1687 1496 m-

1026 1520 1141 1556 serius
1161 1519 1277 1555 verba
1297 1532 1396 1556 κατα
1414 1519 1583 1570 γυναῖκα
1599 1510 1687 1555 ἕκα-

1030 1589 1125 1626 στην
1173 1575 1323 1612 valent:
1379 1587 1444 1638 pro
1475 1584 1688 1623 unaquaque

1030 1645 1158 1679 uxore,
1190 1644 1307 1683 quam
1328 1631 1410 1682 quis
1440 1631 1550 1667 scil.
1539 1643 1580 1666 lu
1599 1642 1688 1666 ma-

1026 1689 1250 1726 trimonium
1271 1686 1386 1724 ducit.
1415 1688 1473 1723 De
1492 1700 1563 1723 usu
1582 1686 1689 1723 verbi

1028 1744 1148 1781 medii
1169 1741 1339 1796 ἄγεσθαι
1357 1743 1458 1781 conf.
1477 1750 1574 1781 nott.
1597 1741 1687 1790 adl,

1031 1802 1097 1843 59.
1118 1801 1182 1849 IV,
1204 1803 1270 1841 78.

1089 1910 1262 1961 κρατέων
1276 1910 1436 1957 ἕκαστος
1449 1903 1691 1960 -καλύβης

1034 1985 1070 2009 κ.
1094 1985 1125 2008 τ.
1151 1970 1202 2017 λ.]
1226 1971 1329 2006 Haec
1351 1966 1399 2004 ad
1419 1979 1505 2003 eam
1524 1973 1692 2004 structu-

1034 2040 1139 2073 ram,
1171 2025 1218 2063 de
1239 2038 1314 2077 qua
1333 2022 1515 2061 Matthiae
1536 2024 1602 2060 Gr.
1625 2023 1692 2060 Gr.

1037 2085 1074 2128 (ξ.
1097 2085 1177 2123 502
1206 2089 1300 2128 not„
1333 2087 1421 2118 sunt
1453 2078 1692 2130 explicanda.

1036 2142 1192 2188 κρατεῖν
1220 2139 1276 2174 nil
1306 2136 1409 2174 aliud
1435 2135 1585 2174 videtur
1615 2148 1694 2172 esse

1038 2197 1111 2231 nisi
1138 2195 1262 2232 habere.
1292 2208 1321 2230 s.
1348 2192 1543 2244 possidere,
1581 2192 1694 2230 domi-

1038 2265 1119 2289 uum
1139 2265 1220 2288 esse.
1248 2250 1311 2287 Ad
1332 2256 1602 2301 argumentum
1620 2248 1696 2286 loci

1039 2307 1221 2345 traditum
1232 2308 1459 2358 accepimus,
1472 2305 1571 2343 hanc
1584 2304 1696 2342 aedes

1042 2364 1262 2401 exstruendi
1281 2365 1470 2401 rationem
1499 2364 1561 2400 vel
1580 2361 1696 2399 hodie

1042 2423 1195 2471 reperiri
1225 2420 1327 2471 apud
1356 2422 1538 2458 Cosaccos
1574 2419 1699 2456 Doni-

1042 2491 1104 2514 cos
1119 2507 1128 2523 ,
1180 2490 1345 2529 quorum
1386 2477 1475 2513 urbs
1522 2477 1699 2527 princeps

1042 2535 1079 2570 Τ
1082 2533 1289 2570 scherkask
1308 2534 1421 2571 simili
1435 2532 1552 2570 modo
1564 2534 1605 2569 iu
1623 2532 1699 2568 fiu-

1042 2591 1103 2626 vio
1140 2589 1271 2641 rapido
1304 2596 1493 2627 exstructa
1521 2602 1599 2626 esse
1618 2587 1697 2624 fer—

1043 2653 1115 2693 tur,
1136 2648 1187 2683 ita
1208 2653 1249 2683 ut
1267 2647 1436 2698 singulae
1465 2644 1575 2682 aedes
1602 2644 1697 2694 palis

1045 2710 1317 2752 superstructae
1356 2704 1430 2740 sint
1466 2703 1507 2739 in
1537 2701 1697 2738 fluvium

1046 2758 1228 2808 demissis,
1259 2760 1325 2811 qui
1346 2757 1449 2796 haud
1469 2770 1553 2795 raro
1573 2770 1698 2794 exun-
