1815 3181
393 187 477 227 248

795 181 1260 220 HERODOTI

270 298 333 344 19
389 299 474 346 θος
504 294 567 349 τῷ
590 291 831 349 χρηστηρίῳ
858 292 919 350 τῷ
940 290 981 343 ἐς
1002 291 1203 347 Μίλητον
1222 290 1458 348 γενομένῳ.
1518 293 1661 346 Χρεω-

395 361 562 418 μένοισι
599 359 681 415 γὰρ
715 356 945 414 Ἀργείοισι
985 359 1032 402 ἐν
1059 363 1275 416 Δελφοῖσι
1312 361 1412 414 περὶ
1449 360 1664 415 σωτηρίης

391 434 467 486 τῆς
505 428 656 478 πόλιος
695 429 771 482 τῆς
815 427 1044 484 σφετέρης,
1084 426 1275 485 ἐχρήσθη
1314 428 1537 472 ἐπίκοινον
1564 443 1664 482 χρη-

400 496 600 553 στήριον·
637 493 688 537 τὸ
726 493 807 549 μὲν
844 494 888 546 ἐς
927 491 1092 546 αὐτούς
1131 494 1236 546 τούς
1267 493 1485 550 Ἀργείους
1514 494 1664 551 φέρον,

395 564 478 622 τήν
513 564 559 608 δὲ
594 560 878 620 παρενθήκην
919 563 1069 619 ἔχρησε
1104 561 1150 614 ἐς
1188 563 1448 618 Μιλησίους.
1493 562 1542 606 τὸ
1585 561 1665 618 μέν

60 362 91 390 id
110 362 190 398 quod
214 361 286 390 olim

61 397 175 431 Pythia
193 404 281 432 prae-

62 431 191 466 dixerat,

325 669 329 672 .
367 640 485 676 2vvv
515 631 558 682 ἐς
583 629 688 682 τοὺς
715 629 938 687 Ἀργείους
968 631 1088 687 ἔχον,
1128 629 1257 674 ἐπεὰν
1294 630 1405 674 κατὰ
1433 633 1566 674 τοῦτο
1594 629 1721 686 γέ-4Ο

395 715 538 755 νωμαι
566 701 646 742 τοῦ
673 696 837 754 λόγου,
883 697 978 743 τότε
1016 695 1354 755 μνησθήσομαι·
1391 698 1446 742 τὰ
1476 697 1522 742 δὲ
1550 703 1665 743 τοῖσι

395 767 654 824 Μιλησίοισι
685 762 740 811 οὐ
772 769 985 821 παρεοῦσι
1014 766 1184 823 ἔχρησε,
1215 764 1299 821 ἔχει
1328 757 1433 808 ὦδε·

360 849 383 883 3
519 844 596 881 Καὶ
619 843 704 880 τότε
729 844 798 890 δὴ,
822 845 987 891 Μίλητε,
1011 845 1135 880 κακῶν
1159 842 1357 889 ἐπιμήχανε
1375 841 1501 888 ἔργων,

526 904 696 937 πολλοῖσι
719 900 874 937 δεῖπνόν
897 914 937 937 τε
962 901 1024 937 καὶ
1048 899 1169 946 οῗγλαὰ
1192 901 1298 946 δῶρα
1321 899 1481 946 γενήσει·

526 960 589 995 σαὶ
613 958 656 995 δ’
686 956 814 1004 ἄλοχοι
836 961 1006 994 πολλοῖσι
1030 957 1156 999 πόδας
1179 959 1334 1003 νίψουσι
1356 956 1555 1005 κομήταις·
1679 957 1725 994 45

522 1017 617 1062 νηοῦ
643 1014 683 1052 δ’
709 1014 891 1062 ἡμετέρου
915 1016 1097 1061 Διδύμοις
1121 1013 1265 1051 ἄλλοισι
1286 1014 1444 1060 μελήσει.

367 1085 513 1129 4Τότε
553 1084 607 1142 δή
637 1089 777 1130 ταῦτα
811 1085 918 1137 τούς
955 1086 1203 1142 Μιλησίους
1234 1083 1554 1140 κατελάμβανε,
1597 1082 1668 1128 ὅτε

396 1171 444 1210 γε
476 1153 633 1208 ἄνδρες
662 1153 740 1208 μὲν
770 1155 815 1197 οἱ
842 1157 1024 1205 πλεῦνες
1053 1154 1296 1198 ἐκτείνοντο
1327 1150 1416 1196 ὑπὸ
1445 1155 1534 1195 τῶν
1555 1155 1667 1209 Περ-

397 1220 510 1266 σέων
539 1220 701 1265 ἐόντων
737 1221 984 1279 κομητέων,
1022 1226 1228 1278 γυναῖκες
1264 1219 1311 1264 δὲ
1351 1219 1426 1264 καὶ
1459 1220 1590 1265 τέκνα
1620 1221 1725 1265 ἐν5ο

563 1439 656 1490 cap.
673 1439 783 1475 XIX.

399 1492 474 1545 τὴν
505 1492 547 1534 δὲ
579 1490 872 1548 παρενθήκην]
912 1497 940 1534 i.
972 1510 1007 1533 e.

341 1551 642 1601 additamentum,
684 1552 909 1590 corollarium
924 1582 935 1601 ,
965 1559 1008 1592 ut

343 1609 459 1659 vulgo
498 1607 642 1646 dicunt.
720 1611 777 1645 De
804 1607 876 1646 hac
913 1622 1009 1647 voce

343 1665 508 1703 Wessel.
530 1667 669 1702 excitat
687 1666 718 1713 I,
744 1667 833 1705 186.
865 1667 947 1713 VII,
969 1665 1008 1706 5.

345 1723 440 1762 171.
497 1722 585 1758 Alia
605 1736 654 1759 ex
672 1720 892 1771 Plutarcho,
910 1724 985 1760 Dio
1000 1748 1008 1752 -

344 1775 463 1824 doro,
505 1779 609 1826 aliis,
655 1792 727 1815 nec
761 1786 890 1816 nostro
921 1780 1007 1816 loco

346 1835 485 1871 omisso
531 1834 635 1872 dabit
665 1848 685 1872 a
723 1834 791 1872 Cr.
831 1835 1006 1873 laudatus

344 1890 624 1941 Wyttenbach.
641 1891 690 1928 ad
703 1890 898 1929 Plutarch.
908 1894 1006 1930 Mor.

346 1947 375 1994 1,
398 1950 424 1987 2
443 1961 481 1998 p.
504 1946 601 1989 946.
641 1949 687 1985 In
707 1949 882 1999 proxime
899 1963 1008 2001 seqq.

345 2016 435 2040 cum
457 2002 676 2056 Schweigh.
698 2012 735 2042 et
756 2005 872 2044 Gaisf.
893 2019 1008 2057 prae-

344 2060 415 2095 tuli
441 2059 480 2107 ἐς
510 2059 603 2108 τούς
632 2057 854 2114 Ἀργείους,
901 2064 1007 2101 cuius

344 2115 431 2152 loco
469 2115 685 2166 Mediceus,
753 2119 1007 2168 Florentinus,

345 2172 408 2208 alii
425 2170 463 2218 ἐς
486 2168 634 2220 αὐτούς
652 2169 872 2227 Ἀργείους,
904 2175 1009 2228 quod

344 2229 470 2278 ipsum
509 2227 695 2268 dederunt
733 2229 931 2275 Schaefer.
972 2240 1010 2272 et

348 2283 546 2322 Matthiae.

379 2372 487 2471 7τὸτε
511 2370 820 2427 μνησθήσομαι]
844 2375 1008 2426 vid.v1‚

350 2435 374 2471 7
407 2459 414 2466 .

404 2503 533 2554 πόδας
576 2507 743 2557 νίψουσι
787 2504 1008 2562 κομήταις]

349 2564 547 2615 Significat
587 2565 807 2613 oraculum,
847 2566 1011 2606 Milesios

347 2622 465 2658 victos
486 2622 524 2657 in
553 2621 774 2657 servitutem
793 2619 1011 2662 'abductum

349 2679 417 2723 iri,
469 2679 519 2713 ita
550 2683 591 2714 ut
620 2677 796 2714 mulieres
817 2691 1012 2718 servarum

349 2735 651 2785 ancillarumque
678 2735 812 2770 munia
841 2735 1011 2786 vulgaria

350 2798 540 2841 praestent
561 2791 764 2829 victoribus
777 2791 912 2841 Persis,
923 2794 1012 2844 qui-

1064 1441 1134 1477 bus
1153 1441 1349 1477 lavacrum
1370 1445 1458 1477 ante
1475 1451 1637 1477 coenam
1656 1442 1726 1490 pro

1063 1509 1171 1534 more
1183 1497 1420 1534 sumentibus
1431 1495 1547 1547 pedes
1558 1497 1727 1534 abluant.

1063 1553 1109 1591 Id
1125 1553 1229 1606 quod
1249 1554 1311 1590 vel
1321 1566 1370 1590 ex
1389 1555 1574 1602 Homero,
1592 1552 1727 1605 Odyss-

1062 1611 1127 1658 IV,
1155 1609 1209 1651 48
1237 1623 1345 1662 seqq.
1379 1617 1530 1647 notum.
1557 1631 1615 1637 —
1650 1611 1728 1646 Pro

1064 1662 1258 1718 κομήταις
1269 1664 1372 1717 apud
1384 1667 1517 1705 Tzetz.
1531 1665 1628 1705 Chil.
1640 1667 1729 1704 VIII

1063 1736 1102 1774 p.
1125 1725 1218 1772 390,
1240 1724 1341 1760 male
1355 1719 1586 1774 κοσμήταις.
1625 1724 1727 1760 Nam

1063 1781 1235 1830 κομῆται
1245 1787 1431 1817 vocantur
1447 1781 1584 1817 Persae
1603 1793 1633 1817 s.
1653 1782 1729 1817 cri-

1062 1838 1136 1874 niti
1146 1866 1156 1884 ,
1187 1843 1231 1872 ut
1250 1838 1318 1888 qui
1351 1837 1601 1873 barbarorum
1619 1849 1730 1873 more

1064 1894 1187 1930 crines
1205 1893 1312 1931 alunt
1332 1893 1568 1946 barbamque
1585 1892 1728 1931 habent
1754 1888 1762 1897 ⁸

1062 1950 1254 2001 prolixam
1272 1963 1283 1998 3
1360 1951 1493 2002 quales
1532 1949 1726 2002 hodieque

1064 2013 1288 2057 comparent
1306 2007 1348 2044 in
1356 2009 1617 2045 monumentis
1628 2008 1726 2043 Per-

1063 2064 1294 2114 sepolitanis.
1369 2065 1526 2102 Praeter
1553 2065 1722 2101 Brisson.

1064 2121 1122 2157 De
1152 2132 1233 2170 reg.
1265 2121 1370 2157 Pers.
1390 2122 1551 2171 princip.
1571 2122 1620 2169 II,
1646 2123 1721 2160 101

1064 2177 1298 2229 Wesseling.
1320 2169 1459 2216 excitat
1484 2176 1621 2214 eadem
1639 2183 1727 2212 tan-
1791 2198 1797 2205 -

1066 2240 1223 2283 gentem
1250 2231 1431 2271 Bochart.
1462 2234 1675 2273 Hierozoic.
1697 2233 1728 2280 Ι,

1063 2290 1150 2326 Lib.
1165 2290 1231 2336 III,
1253 2290 1278 2329 9
1298 2303 1386 2340 pag.
1411 2293 1506 2331 816.
1528 2311 1581 2318 --
1603 2284 1730 2329 Διδύ-

1066 2360 1156 2397 μοις
1173 2346 1288 2396 plane
1308 2346 1414 2384 idem
1440 2353 1555 2398 atque
1576 2345 1628 2386 ἐν
1655 2347 1730 2384 Δι-

1066 2398 1230 2451 δύμοις,
1269 2408 1312 2439 ut
1349 2416 1443 2441 mox
1476 2404 1556 2454 ipse
1593 2405 1730 2440 Noster

1068 2454 1156 2510 ἱρόν
1184 2455 1284 2498 δὲτὸ
1305 2458 1346 2498 ἐν
1370 2455 1580 2511 Διδύμοις.
1638 2457 1725 2496 Vid.

1066 2521 1164 2552 nott.
1185 2514 1234 2552 ad
1253 2515 1299 2564 V,
1321 2517 1386 2558 59.
1411 2520 1478 2559 82.

1124 2623 1415 2678 κατελάμβανε]
1437 2625 1590 2668 Βεὼοο
1610 2626 1726 2663 verbo

1068 2683 1168 2721 conf.
1190 2678 1253 2731 IV,
1279 2685 1342 2722 11.
1362 2684 1429 2731 ΙΙΙ,
1459 2681 1514 2727 42
1541 2690 1578 2720 et
1598 2681 1646 2720 de
1667 2681 1727 2719 di-

1068 2739 1193 2775 ctione
1203 2738 1244 2779 ἒν
1262 2735 1528 2791 ἀνδραπόδων
1546 2735 1650 2794 λόγῳ
1660 2739 1728 2786 ΠΙ,

1073 2795 1164 2837 125.
1195 2796 1258 2844 VI,
1279 2798 1346 2838 23.
