1870 3249
383 181 1040 219 TERPSICHORE.
1102 181 1145 217 V.

1320 182 1401 222 187

137 291 260 343 ,,τινά
289 292 376 334 ἴδοι
406 294 495 333 τῶν
523 288 756 345 ἀσταχύων
783 289 1070 345 ὑπερέχοντα·
1103 287 1309 333 κολούων
1341 288 1400 340 δὲ,

136 359 358 414 ,,ὲ’ῤῥιπτε·
403 359 444 409 ἐς
475 357 500 402 ὂ
529 362 609 402 τοῦ
643 361 770 414 ληΐου
800 358 850 401 τὸ
880 358 1112 403 κάλλιστόν
1147 375 1192 402 τε
1222 358 1296 401 καὶ
1327 359 1399 413 βα·

137 426 360 480 ,,θύτατον
390 427 613 482 διέφθειρε
643 426 793 484 τρόπῳ
833 425 1043 485 τοιούτῳ·
1086 423 1320 478 διεξελθών
1358 424 1403 468 δὲ

137 493 213 547 ,,τό
241 497 404 551 χωρίον
433 496 505 539 καὶ
534 494 814 550 ὑποθέμενος
846 494 947 545 ἔπος
979 493 1124 546 οὐδὲν,
1159 492 1402 550 ἀποπέμπει
1416 501 1460 534 80

79 561 238 615 26,,τόν
266 562 452 619 κήρυκα.
510 560 823 618 Νοστήσαντος
853 563 898 606 δὲ
927 566 1008 606 τοῦ
1030 561 1222 618 κήρυκος
1252 561 1294 613 ἐς
1321 561 1403 616 τήν

137 629 414 686 ,,Κόρινθον,
445 626 501 687 ἦν
521 630 758 687 πρόθυμος
787 630 1096 674 πυνθάνεσθαι
1124 630 1204 687 τήν
1233 629 1404 686 ὑποθή-

134 715 246 756 ,ςκην
275 699 299 743 ὁ
333 701 619 754 Περίανδρος.
661 696 687 742 ὁ
724 698 770 742 δὲ
802 697 936 742 οὐδέν
961 702 1004 743 οἱ
1034 700 1117 756 ἔφη
1148 699 1404 755 Θρασύβου-

134 771 240 820 ,,λον
279 766 556 812 ὑποθέσθαι·
599 764 852 822 θωυμάζειν
888 784 934 811 τε
963 767 1124 818 αὐτοῦ,
1164 765 1269 823 παρ’
1307 763 1407 810 οἷόν

133 853 238 893 „mv
268 837 410 892 ἄνδρα
431 833 725 891 ἀποπέμψειε,
759 834 818 886 ὥς
847 834 1112 893 παραπλῆγά
1142 852 1187 880 τε
1215 835 1289 879 καὶ
1317 839 1463 878 τῶνὸὄ

133 903 333 956 ,.,ἓωυτοῦ
375 903 629 960 σινάμωρον
640 919 649 928 ·

75 973 482 1030 27,,Θρασυβούλου
540 970 726 1016 ὀπώπεε.

710 901 1009 961 ἀπηγεόμενος
1061 904 1114 948 τά
1163 920 1246 960 περ
1294 902 1407 960 πρὸς

799 962 1075 1028 Περῖανδρος
1122 972 1190 1025 δὲ,
1245 972 1409 1023 συνιεὶς

133 1041 208 1093 ,,τό
238 1041 450 1098 ποιηθὲν,
480 1041 554 1085 καὶ
583 1039 675 1098 νόῳ
704 1042 839 1097 ἴσχων
869 1039 929 1091 ὥς
959 1042 1003 1084 οἱ
1030 1040 1262 1084 ὑπετίθετο
1296 1043 1408 1094 Θρα-

135 1110 384 1165 ,,σύβουλος
424 1109 530 1160 τούς
569 1106 836 1165 ὑπειρόχους
877 1113 969 1152 τῶν
999 1107 1146 1152 ἀστῶν
1186 1105 1407 1164 φονεύειν,

134 1177 356 1230 ,ἐνθαῦτα
390 1175 443 1233 δή
471 1180 618 1220 πᾶσαν
639 1178 860 1234 κακότητα
889 1175 1090 1232 ἐξέφαινε
1121 1175 1165 1226 ἐς
1195 1174 1300 1226 τούς
1329 1190 1405 1217 πο-
1419 1183 1464 1215 90

75 1244 322 1302 28,,λιήτας.
373 1244 457 1289 ὅσα
486 1246 573 1301 γὰρ
604 1244 808 1297 Κύψελος
838 1243 1015 1288 ἀπέλιπε
1045 1246 1230 1289 κτείνων
1258 1259 1303 1286 τε
1333 1244 1408 1286 καὶ

134 1313 358 1366 ,,διώκων,
388 1311 664 1369 Περίανδρος
692 1325 807 1370 σφεα
837 1312 1046 1357 ἀπετέλεε.
1105 1316 1207 1369 Μιῇ
1235 1312 1282 1356 δὲ
1311 1312 1410 1369 ἡμὲ·

134 1398 218 1438 ,,ρῃ
250 1381 436 1427 ἀπέδυσε
475 1381 618 1433 πάσας
650 1381 728 1433 τάς
758 1381 1016 1437 Κορινθίων
1055 1384 1297 1436 γυναῖκας,
1336 1381 1410 1424 διὰ

77 1451 246 1507 29,,τη“ν
275 1450 446 1495 ἑωυτοῦ
474 1455 664 1508 γυναῖκα
695 1449 933 1495 Μέλισσαν.
991 1448 1213 1505 πέμψαντι
1248 1447 1334 1505 γάρ
1366 1450 1410 1493 οἱ

74 1599 339 1655 ὑπερέχοντας
357 1608 518 1640 utuntur
528 1601 742 1653 scriptores,

11 1664 21 1675 ⁵
76 1660 144 1711 qui
173 1661 382 1697 ostracismi
411 1660 651 1696 mentionem
681 1660 742 1696 fa-

76 1717 204 1764 ciunt,
234 1730 310 1769 quo
344 1718 432 1754 satis
465 1723 612 1753 constat
639 1717 742 1754 viros

78 1774 290 1811 eminentes
311 1786 354 1811 ac
374 1774 564 1825 principes
583 1775 625 1810 in
645 1775 743 1811 civi-

77 1836 154 1867 tate
182 1831 310 1867 Attica
345 1843 368 1867 a
398 1831 509 1881 plebe
539 1831 581 1865 in
608 1829 744 1867 decem

79 1898 271 1923 annorum
296 1887 473 1924 exsilium
499 1887 628 1937 pulsos
650 1900 743 1925 esse.

79 1944 231 1980 Monuit
248 1942 450 1992 Valcken.,
473 1956 591 1995 quem
611 1943 714 1981 vide.

135 2053 388 2107 ὑποθέμενος
417 2053 510 2102 ἔπος
546 2050 684 2105 οὐδὲν]
716 2057 743 2093 1.

79 2126 114 2150 e.
134 2113 270 2151 nullum
284 2126 429 2165 prorsus
441 2115 473 2150 ei
487 2113 626 2150 verbum
630 2126 743 2163 prae-

77 2171 217 2220 cipiens.
296 2172 392 2207 Mox
433 2169 540 2207 idem
579 2171 743 2208 verbum

75 2228 259 2275 monendi,
290 2227 467 2265 suadendi
491 2227 742 2278 significatio-

20 2282 23 2285 *
76 2296 149 2332 neg
194 2291 242 2335 sut
270 2286 315 2333 V,
346 2287 414 2326 72.
445 2285 518 2332 VI,
554 2284 621 2326 52.
648 2287 740 2325 134.

77 2341 136 2378 Cf.
155 2342 329 2393 Lennep.
351 2340 400 2378 ad
410 2340 603 2379 Phalarid.
619 2344 741 2393 Epist.

78 2410 168 2448 pag.
198 2401 266 2439 30.
323 2400 400 2436 Pro
431 2396 662 2450 θωμάζειν,
700 2406 743 2436 ut

78 2454 196 2492 Gaisf.
233 2453 362 2502 habet,
390 2456 535 2492 restitui
570 2453 743 2508 θωυμά-

80 2512 174 2558 ζειν.
193 2533 250 2539 —-
279 2515 322 2549 In
344 2514 519 2562 proxime
541 2526 647 2565 seqq.
668 2529 742 2552 πα-

79 2571 264 2621 ραπλῆγα
286 2568 377 2606 dicit
402 2573 520 2606 virum
541 2574 652 2607 mente
679 2584 739 2608 ca-

73 2629 187 2675 ptum,
208 2639 388 2666 vesanum.
413 2624 599 2664 Parnhen.
616 2627 740 2664 Erott.

82 2685 133 2738 1J
153 2682 220 2719 fin.
250 2678 329 2722 κάκ
353 2677 500 2723 τούτου
527 2682 741 2737 παραπλήξ

79 2739 132 2790 ἦν
157 2742 234 2779 νῦν
254 2755 293 2779 τε
324 2739 391 2778 καὶ
420 2742 597 2792 φρενῶν.
628 2740 741 2786 Quod

78 2798 247 2849 sequitur
268 2795 359 2837 σινά
373 2813 400 2849 μ
413 2811 538 2850 ωρον,
556 2795 743 2835 exhibent

796 1601 1038 1637 Florentinus
1067 1612 1112 1637 ac
1141 1600 1334 1638 Saucrofti
1358 1602 1466 1649 liber,

798 1659 932 1696 Glossa
951 1656 1184 1705 Herodotea,
1206 1658 1344 1696 Suidas
1363 1661 1416 1695 ΙΠ
1428 1673 1467 1709 p.

797 1716 880 1756 317
903 1716 980 1752 3111.
1023 1715 1082 1752 Cf.
1117 1716 1234 1752 etiam
1253 1715 1468 1767 Hesychius

797 1772 879 1822 Hp.
893 1775 912 1812 1
922 1773 999 1812 189
1013 1772 1161 1823 (ibique
1171 1773 1354 1824 Albert.).
1383 1774 1468 1809 Ex—

799 1835 950 1879 ponunt
999 1826 1261 1879 κακόσχολον.
1339 1830 1466 1880 Vulgo

800 1881 893 1923 σινά
906 1901 933 1935 μ
946 1899 966 1923 ο
980 1899 1066 1937 ρον.
1106 1886 1172 1922 Tu
1194 1885 1296 1922 conf.
1316 1887 1347 1934 I,
1372 1888 1467 1927 152.

799 1940 972 1978 Lobeck.
1003 1941 1053 1978 ad
1083 1940 1295 1994 Phrynich.
1323 1957 1363 1994 p.
1384 1944 1467 1983 690

801 1998 962 2035 Siebelis
993 1998 1043 2035 ad
1076 1999 1242 2036 Pausan.
1272 2001 1321 2048 Π,
1351 2002 1405 2041 32
1428 2000 1467 2045 ξ.

801 2057 841 2095 3.
880 2054 944 2092 Ad
971 2055 1139 2092 formam
1171 2051 1333 2096 ὀπώπεε
1362 2057 1466 2094 conf.

799 2112 829 2159 Ι,
851 2113 918 2153 68.
936 2113 1004 2161 III,
1024 2114 1092 2154 37.

858 2279 940 2338 νόῳ
969 2283 1120 2334 ἴσχων]
1169 2285 1193 2323 1.
1229 2297 1263 2321 e.
1304 2287 1468 2322 memoria

803 2344 941 2389 tenens,
973 2341 1174 2378 recordans.
1204 2362 1261 2369 —-—
1292 2343 1337 2378 In
1358 2355 1466 2394 seqq.

801 2397 890 2434 dedi
922 2394 1158 2450 ὑπειρόχους
1187 2412 1279 2436 omn
1313 2400 1467 2450 optimis

799 2457 1014 2507 quibusque
1042 2456 1159 2492 libris.
1219 2456 1321 2493 Olim
1348 2456 1466 2506 vulgo

798 2507 1032 2563 ὑπερόχους.
1095 2513 1306 2550 Conferant
1327 2511 1467 2549 Clarke

800 2568 848 2605 ad
865 2571 1022 2606 Homer.
1044 2569 1152 2606 Iliad.
1174 2571 1228 2615 Π,
1253 2569 1350 2610 426.
1372 2571 1467 2606 Mox

799 2627 939 2663 retinui
961 2621 1141 2665 ἀπετέλεε
1154 2639 1223 2677 pro
1240 2627 1345 2676 vulg.
1370 2621 1466 2664 ἀπε-

798 2681 924 2722 τέλεσε
939 2712 948 2730 ,
971 2685 1077 2720 cuius
1097 2684 1183 2720 loco
1204 2684 1398 2720 Sancrofti
1417 2683 1467 2719 11-

799 2736 877 2777 ber*
887 2739 1042 2777 exhibet
1063 2738 1339 2779 ἐπετέλεσε.-
1368 2736 1466 2779 ἀπέ-

801 2798 894 2837 δυσε
928 2805 1005 2835 est:
1049 2801 1157 2835 vestes
1194 2810 1316 2835 exuere
1349 2799 1465 2836 iussit.
