1851 3181
440 239 524 278 540
832 213 1305 275 “HERonoTl‘

321 349 384 394 61

110 414 174 442 Iam
191 413 328 452 singutas

110 447 262 481 nationes,
270 446 378 485 quibus

111 480 247 507 constitit
269 456 387 507 exerci-

111 517 160 541 tus
179 521 343 549 earumque

111 551 260 582 ornatum,
288 554 372 574 arma

111 589 148 609 ac
172 569 262 608 duces
288 579 386 607 Hero-

113 614 201 643 dotus
227 616 371 643 accurate

539 345 592 389 Οἱ
629 344 675 387 δὲ
719 342 1072 400 στρατευόμενοι,
1115 346 1205 389 οἵδε
1234 341 1359 402 ἦσαν.
1421 348 1586 400 Πέρσαι
1616 348 1709 403 μὲν,

446 407 530 456 ὦδε
576 411 907 466 ἐσκευασμένοι·
966 413 1067 468 περὶ
1112 415 1191 470 μὲν
1219 418 1317 472 τῇσι
1345 419 1564 472 κεφαλῇσι
1593 415 1710 471 εἶχον

445 478 595 534 τιάρας
633 478 944 534 καλεομένους,
990 483 1147 534 πίλους
1190 481 1401 539 ἀπαγέας·
1442 484 1540 538 περὶ
1580 483 1626 527 δὲ
1661 483 1766 528 τό95

603 654 694 704 cap.
715 654 819 690 LXI.

442 733 525 773 οἵδε
556 726 688 783 ἦσαν]
728 726 834 783 ἦσαν
866 746 954 770 cum
981 747 1044 770 re-

384 797 498 828 centt.
529 788 616 826 edd.
646 791 799 840 reposui
828 803 896 840 pro
938 789 1042 830 ἔσαν.

382 849 477 884 Mox
495 848 630 884 Noster
649 847 794 897 scripsit
823 861 853 884 π
866 861 882 886 ε
895 861 915 896 ρ
930 845 944 885 ἰ
973 845 1045 897 μὲν

382 906 473 958 τῇσι
490 904 686 957 κεφαλῇσι
699 931 709 948 ,
740 909 782 939 ut
794 903 876 951 VII,
898 906 965 944 63.
977 903 1044 945 64.

382 963 450 1001 77-
479 962 547 1001 78.
575 961 642 1000 79.
675 960 742 1000 89.
771 961 838 999 91.
870 962 936 1000 92.
993 961 1046 998 At

383 1015 468 1056 ἐπὶ
496 1022 678 1067 sequente
700 1014 824 1052 dativo
847 1015 982 1052 eadem
1005 1018 1046 1053 in

383 1086 425 1109 re
455 1073 499 1120 V,
520 1071 586 1113 49·
608 1073 689 1120 VH,
711 1075 777 1113 70.
800 1075 866 1113 72-
887 1071 955 1113 74.
977 1076 1044 1116 76.

383 1132 453 1170 79.
475 1127 541 1171 84.
563 1130 628 1169 92.

441 1214 547 1270 εἶχον
587 1213 728 1269 τιάρας
774 1216 1046 1269 καλεομένους,

383 1274 525 1321 πίλους
538 1270 731 1326 ἀπαγέας]
763 1273 900 1327 τιάρας
911 1277 1047 1312 Noster

384 1330 480 1369 dixit
490 1333 698 1369 masculino
709 1345 954 1382 gene1·e,cu1n
964 1333 1047 1368 vul-

383 1400 433 1438 go
447 1387 592 1425 dicatur
605 1386 631 1438 ‘1‘
643 1385 772 1440 τιάρα.
792 1388 877 1425 Vid.
888 1396 982 1427 nott.
997 1388 1045 1425 ad

383 1446 413 1492 I,
439 1447 517 1484 132
529 1451 565 1481 et
586 1444 673 1482 add.
686 1444 853 1482 Fischer.
870 1444 917 1482 ad
930 1446 1046 1483 ivel-

380 1501 449 1538 ler.
466 1502 502 1537 II
521 1514 609 1551 pag.
639 1505 716 1542 173
737 1515 816 1553 seq.
864 1503 932 1539 Est
952 1515 1042 1539 vero

381 1558 469 1594 satis
488 1564 625 1594 notum
649 1555 715 1609 (cf.
729 1565 823 1595 nott.
846 1557 893 1595 ad
902 1560 932 1605 Ι,
950 1561 1041 1599 132.

380 1615 446 1662 ῙΠ,
480 1614 574 1662 12),
597 1611 739 1666 τιάραν
770 1614 844 1651 dici
872 1616 1043 1652 solemne

382 1669 486 1721 apud
514 1672 646 1708 Persas
674 1677 945 1721 tegumentum
977 1684 1043 1708 ca—

379 1728 484 1778 pitis,
520 1728 632 1778 quale
661 1725 776 1764 hodie
810 1728 889 1764 fere
910 1728 1043 1779 appel-

380 1785 461 1820 lant
485 1783 642 1823 Turban.
672 1785 752 1820 Nec
773 1783 942 1822 diversae
952 1784 1042 1821 inde

382 1841 427 1879 αἶ
451 1840 685 1891 κυρβασίαι,
729 1854 826 1892 quae
856 1855 968 1892 supra
996 1842 1042 1889 V,

380 1896 433 1936 49
455 1897 673 1933 tribuuntur
692 1898 825 1936 Persis.
872 1897 950 1936 Sed
966 1896 1043 1934 hu-

379 1954 437 1989 ius
473 1954 563 2002 pilei
592 1967 681 1990 cum
700 1955 805 1991 varia
832 1956 943 1992 variis
972 1968 1041 2005 pro

382 2008 575 2046 ordinibus
605 2017 727 2047 essent
746 2023 900 2061 genera,
944 2012 1042 2048 bene

381 2067 515 2102 Noster
551 2064 655 2103 addit
685 2067 825 2115 πίλους
856 2063 1041 2121 ἀπαγέας,

378 2122 406 2158 i.
428 2135 460 2160 e.
479 2122 589 2171 pileos
614 2125 799 2172 incurvos,
821 2137 899 2161 non
921 2132 1040 2162 rectos

380 2177 530 2229 (quales
550 2180 731 2215 nimirum
751 2181 821 2217 soli
840 2183 1043 2218 Persarum

379 2247 487 2284 reges
528 2235 780 2286 gestabant),
839 2239 1042 2288 interprete

379 2291 567 2328 Salmasio
600 2289 648 2327 ad
679 2292 800 2329 Solin.
828 2307 916 2344 pag.
946 2296 1041 2334 392.

379 2348 594 2385 Gronovius
615 2356 840 2398 exposuerat
864 2350 959 2399 pilea
977 2362 1042 2387 non

379 2403 539 2451 densata,
561 2405 745 2454 probante
770 2406 1041 2455 Wesselingio,

381 2473 471 2497 cum
501 2455 658 2512 ἄπαγής
686 2462 874 2512 exprimat
904 2464 1042 2499 minime

379 2520 592 2567 compactum
633 2523 746 2569 atque
785 2519 845 2555 vel
870 2517 918 2554 ad
952 2519 1040 2556 alias

378 2586 436 2610 res
448 2574 595 2625 quasvis
604 2574 729 2611 minus
745 2573 870 2611 firmas
884 2581 919 2611 et
932 2588 1041 2611 com-

379 2636 507 2680 pactas
537 2643 648 2667 sensu
677 2632 809 2668 tralato
845 2631 1040 2678 referatur,

378 2693 422 2722 ut
452 2685 553 2736 apud
574 2687 731 2737 Gregor.
752 2689 844 2724 Naz.
865 2688 987 2725 Stetit.
1005 2690 1040 2724 ΙΙ

379 2755 419 2792 p.
443 2744 520 2782 119
542 2743 588 2779 A.
619 2750 655 2780 et
693 2746 770 2783 122
799 2745 847 2780 Α.
876 2745 1039 2794 Diogen.

380 2799 507 2836 Laert.
525 2799 606 2846 Vll,
635 2801 671 2839 1.
708 2800 814 2836 Valla
827 2799 1039 2838 reddiderat

378 2854 484 2903 pileos
510 2856 784 2906 impenetrabiles
804 2858 843 2893 in
862 2856 1039 2895 eandem-

1102 670 1177 710 que
1197 660 1423 696 sententiam
1442 661 1601 696 Portus:
1619 659 1728 710 pileos
1748 671 1765 696 e

1100 715 1215 752 solida
1225 718 1371 753 materia
1374 717 1552 767 firmaque
1561 719 1764 766 compactos,

1102 773 1164 821 qui
1197 772 1274 808 vdeo
1308 786 1377 810 ron
1398 772 1512 822 facile
1537 771 1685 839 frangi
1700 774 1766 810 aut

1094 830 1276 878 penetrari
1287 833 1468 878 poterant,
1510 842 1631 881 quum
1661 823 1767 867 ἅπα-

1101 899 1177 936 γης
1226 884 1401 923 deveniat
1441 898 1462 922 a
1509 887 1626 923 verbo
1680 881 1764 936 (ἔγω

1103 941 1118 988 (
1138 940 1275 991 frango
1293 942 1309 992 )
1360 943 1573 993 praeposita
1629 940 1766 979 vocula

1106 992 1200 1045 οἷπο,
1216 999 1277 1036 vel
1298 1011 1319 1035 a
1336 1000 1453 1037 verbo
1474 995 1655 1050 πήγνυμι
1675 1010 1764 1035 cum

1103 1053 1216 1104 alpha
1254 1056 1442 1094 intensivo
1456 1085 1466 1103 ‚
1516 1062 1559 1092 ut
1608 1050 1766 1106 ἀπαγὴς

1101 1110 1205 1147 idem
1244 1112 1323 1148 fere
1357 1114 1404 1150 sit
1431 1119 1544 1164 atque
1575 1107 1763 1164 εὕπαγης,

1104 1167 1208 1219 quod
1245 1169 1372 1219 ipsum
1414 1167 1477 1205 hic
1515 1169 1651 1219 reponi
1682 1168 1765 1205 vult

1102 1223 1314 1262 Larcherus
1363 1227 1613 1276 interpretans
1663 1253 1689 1272 „
1703 1224 1764 1261 des

1104 1281 1245 1318 bonnets
1273 1281 1358 1319 ἀίιη
1380 1282 1501 1333 seutre
1531 1284 1704 1331 compacte
1730 1283 1764 1318 et

1104 1339 1181 1374 bien
1214 1339 1348 1375 serre-‘⁶
1404 1340 1573 1375 Brisson.
1593 1339 1651 1373 De
1679 1350 1760 1387 reg.

1101 1395 1205 1432 Pers.
1235 1396 1396 1446 princip.
1429 1397 1459 1443 I,
1493 1394 1546 1435 49
1585 1395 1761 1444 iutelligit

1101 1453 1227 1500 tiaras,
1258 1465 1347 1501 quae
1359 1451 1449 1502 pilei
1465 1464 1508 1488 ea:
1527 1452 1658 1501 pannis
1668 1463 1761 1488 com-

1095 1510 1198 1558 pacti
1210 1509 1445 1553 vocabantur5
1463 1510 1640 1558 Mongez.
1660 1506 1760 1555 (Μέ-

1098 1565 1210 1601 moir.
1232 1564 1279 1601 de
1299 1566 1445 1602 l'Instit.
1466 1565 1517 1602 IV
1527 1579 1565 1616 p.
1577 1563 1645 1605 45.
1663 1564 1758 1613 51):

1099 1621 1237 1658 bonnets
1259 1622 1300 1658 de
1321 1622 1417 1659 taine
1433 1635 1500 1658 non
1518 1621 1641 1672 foulee
1657 1620 1761 1671 qu’ils

1099 1678 1273 1727 appellent
1291 1679 1403 1726 tiare,
1432 1678 1531 1728 faits
1549 1691 1589 1714 en
1592 1676 1760 1728 formede

1099 1736 1190 1782 tour,
1200 1734 1352 1785 πίλημα
1369 1731 1590 1786 πυργωτόν,
1607 1740 1649 1770 ut
1658 1732 1760 1784 apud

1099 1790 1342 1827 Strabonem.
1428 1789 1621 1842 Equidem
1669 1802 1760 1827 cum

1097 1848 1287 1884 Wesselin
1292 1849 1355 1898 gio
1372 1853 1408 1884 et
1418 1845 1760 1897 Schweighaeuse-

1099 1916 1141 1940 ro
1167 1905 1301 1940 malim
1326 1905 1537 1954 intelligere
1564 1903 1675 1954 pileos
1693 1916 1759 1940 non

1099 1965 1292 2010 compactos
1303 1991 1312 2009 ,
1342 1975 1407 1998 non
1424 1963 1578 2010 rigentes
1592 1959 1759 2012 indeque

1096 2030 1177 2054 non
1215 2017 1317 2055 recta
1344 2024 1483 2055 stantes
1513 2023 1550 2054 et
1579 2017 1618 2053 in
1639 2017 1759 2053 altum

1100 2081 1262 2122 erectos,
1313 2075 1442 2127 quales
1481 2074 1568 2110 solis
1605 2073 1758 2124 regibus

1099 2131 1198 2167 ferre
1219 2131 1343 2178 licuit,
1367 2130 1432 2168 sed
1453 2136 1625 2168 curvatos
1646 2128 1759 2166 inde-

1100 2200 1175 2239 que
1195 2188 1233 2223 in
1253 2188 1418 2224 frontem
1438 2187 1696 2237 prolabentes‚
1715 2192 1759 2224 ut

1098 2245 1137 2279 in
1159 2242 1288 2281 schol.
1310 2243 1358 2280 ad
1377 2241 1571 2292 Aristoph.
1585 2243 1658 2280 Av.
1673 2241 1758 2283 487

1098 2299 1259 2350 legitur:
1315 2301 1423 2338 Πᾶσι
1457 2298 1630 2349 Πέρσαις
1664 2297 1758 2349 ἐξῆν

1097 2353 1172 2406 τήν
1183 2351 1323 2406 τιάραν
1336 2359 1478 2406 φορεῖν
1491 2350 1572 2394 ἄλλ’
1592 2350 1667 2394 οὐκ
1689 2350 1758 2406 ὄρ-

1098 2408 1195 2462 θήν·
1217 2409 1338 2462 μόνον
1351 2410 1394 2451 δὲ
1415 2412 1635 2463 οἷΠερσῶν
1645 2412 1757 2461 βασι-

1096 2471 1176 2514 λεῖς
1195 2467 1364 2521 ἐχρῶντο
1375 2490 1428 2496 -
1439 2472 1522 2515 τοῖς
1541 2465 1613 2519 μὲν
1625 2465 1759 2514 ἄλλοις

1100 2523 1194 2571 ἔθος
1233 2524 1300 2564 καὶ
1332 2524 1550 2577 έπτυγμέ
1566 2539 1662 2575 νην
1689 2522 1757 2563 καὶ

1097 2578 1503 2632 προβάλλουσαν
1525 2580 1574 2627 ἐς
1601 2577 1755 2630 το“’μέ·

1098 2652 1118 2675 τ
1132 2653 1161 2676 ω
1174 2653 1202 2676 π
1215 2652 1235 2677 ο
1248 2654 1270 2677 ν
1294 2637 1407 2688 ἔχειν.
1426 2639 1504 2675 Nec
1526 2638 1632 2675 aliter
1641 2636 1756 2673 intel-

1098 2695 1232 2731 lexisse
1251 2694 1363 2732 video
1385 2692 1564 2731 Gataker.
1577 2692 1754 2731 Adverss.

1097 2751 1254 2788 Miscell.
1282 2749 1412 2788 Posth.
1440 2763 1523 2800 cap.
1558 2748 1611 2791 24
1639 2750 1755 2786 tiaras

1099 2808 1164 2858 qui
1183 2809 1449 2858 interpretatur
1468 2808 1505 2844 in
1525 2809 1664 2843 acutum
1676 2804 1754 2854 qui-

1099 2863 1174 2902 dem
1200 2864 1412 2912 desinentes,
1444 2875 1516 2900 nec
1530 2873 1619 2900 vero
1639 2863 1753 2898 rectas
