1815 3181
376 195 460 235 140

375 300 618 357 ἐκράτησαν
632 316 640 324 ·

781 193 1243 231 HERODOTl

688 298 826 354 κάρτα
857 300 902 343 δὲ
944 302 1135 353 πολλοὺς
1166 303 1481 358 φονεύσαντες,
1516 305 1643 349 ἑπτα-

343 371 553 420 3κοσίους
593 367 740 412 αὐτῶν
783 368 1042 424 ἐζώγρησαν.

376 436 534 493 ἡμέρης
547 439 591 480 οἱ
603 435 827 492 Ἀθηναῖοι
846 437 1075 492 διαβάντες
1085 438 1127 490 ἐς
1135 438 1216 495 τὴν
1225 437 1439 495 Εὔβοιαν,
1452 440 1641 497 συμβάλ·

1115 374 1200 426 Τῆς
1237 371 1282 415 δὲ
1312 370 1447 428 αὐτῆς
1483 372 1643 430 ταύτης

375 509 502 549 λουσι
531 505 604 549 καὶ
628 509 742 548 τοῖσι
773 507 1058 549 Χαλκιδεῦσι·
1091 505 1345 563 νικήσαντες
1371 507 1418 551 δὲ
1440 508 1514 550 καὶ
1541 507 1644 552 τού-

373 590 499 625 τους,
542 574 910 628 τετρακισχιλίους
938 572 1212 630 κληρούχους
1249 573 1317 618 ἐπὶ
1345 578 1435 619 τῶν
1466 576 1646 632 ἷπποβο-
1660 584 1702 618 15
1743 618 1747 620 ⁷

316 770 449 806 incolis
483 770 620 807 Dorica
666 781 771 805 nunc
807 768 982 806 assumsit

316 827 485 864 instituta
514 833 550 864 et
579 839 649 878 pro
671 824 844 863 Corinthi
872 826 981 862 colo—

315 884 379 919 nia
399 884 546 920 censeri
573 889 708 935 coepta
736 888 803 919 est.
862 883 980 919 Plura

315 942 437 978 Kruse
466 941 595 977 Hellas
623 942 640 976 I
669 952 759 991 pag.
790 936 867 979 541
899 952 979 991 seq.

314 998 360 1045 11,
384 1000 403 1037 1
427 1010 517 1049 pag.
539 997 635 1039 358.
682 994 820 1033 Incidit
839 1008 860 1031 e
880 997 977 1032 Lar-

315 1052 420 1091 oheri
462 1055 615 1091 calculis
642 1052 738 1091 haec
769 1051 887 1090 Codri
907 1051 978 1089 de-

315 1112 419 1148 votio
447 1112 488 1147 in
520 1123 668 1148 annum
689 1111 798 1150 1132
830 1122 863 1148 a.
887 1107 976 1147 Chr.

315 1181 353 1205 ιι.
385 1175 421 1205 et
448 1169 604 1219 Megara
632 1166 785 1205 condita
815 1178 836 1202 a
862 1167 978 1203 Dori-

313 1226 383 1262 bus
403 1227 442 1261 in
464 1238 552 1262 ann.
578 1227 682 1266 1131
706 1237 740 1262 a.
763 1221 852 1259 Chr.
873 1236 913 1260 n.

485 1329 578 1378 Cap.
600 1329 798 1366 LXXVII.

371 1396 701 1447 τετρακισχιλίους
731 1391 977 1448 κληρούχους

312 1452 378 1493 ἐπὶ
399 1469 478 1493 των
501 1453 755 1504 ἱπποβοτέων
785 1455 838 1508 τῆ
863 1449 975 1508 χώρη

312 1510 523 1558 λείπουσι]
555 1512 770 1562 κληροῦχοι
797 1494 976 1548 d'icuutur

312 1569 517 1618 agrspetae,
548 1567 680 1612 coloni,
711 1569 775 1618 qui
803 1571 894 1605 sorte
914 1581 975 1605 as-

311 1626 493 1673 signatam
523 1628 637 1661 terrae
661 1627 853 1675 portionem
877 1627 975 1661 acci-

308 1683 425 1732 piunt.
447 1683 503 1718 Ita
513 1682 616 1717 enim
627 1680 758 1718 Schol.
779 1680 974 1732 Aristoph.

311 1739 411 1775 Nub.
428 1738 531 1779 204:
556 1734 693 1788 ἐπειδή
709 1733 976 1789 οἷἈθηναῐοι

312 1792 588 1846 λαμβάνοντες
632 1791 750 1834 πόλιν
780 1795 976 1845 πολεμίαν

311 1851 378 1890 καὶ
417 1848 512 1898 τοῦς
551 1850 807 1897 ἐνοικοῦντας
837 1847 975 1900 ἐκβάλ-

311 1912 445 1956 λοντες
457 1937 472 1954 ,
494 1904 630 1962 κλήρῳ
642 1904 726 1960 -τήν
744 1909 823 1961 γῆν
840 1903 977 1954 αὐτοῖς

312 1965 511 2016 διένεμον.
586 1966 719 2002 Glossa
757 1964 976 2002 Herodotea

310 2021 359 2059 ad
376 2021 415 2060 h.
434 2023 460 2059 l.
481 2020 605 2058 reddit
625 2017 840 2074 γεωργούς.
860 2023 977 2058 Plura

310 2078 359 2116 de
388 2078 499 2116 huius
529 2080 632 2115 vocis
662 2085 848 2129 potestate
870 2078 975 2116 dabit

311 2136 354 2173 C.
375 2137 418 2173 F.
441 2138 652 2172 Hermann.
673 2134 879 2173 Lehrbuch
900 2142 973 2172 etc.

311 2194 350 2238 ξ.
385 2195 463 2233 117
490 2199 569 2229 not.
597 2191 636 2232 4.
695 2192 866 2228 Pertinet
896 2190 973 2228 huc

311 2262 428 2301 quam
449 2250 620 2285 maxime
640 2249 789 2284 Aeliani
810 2249 916 2285 locus
925 2249 971 2285 V.

313 2308 361 2343 H.
382 2307 450 2351 VI,
476 2308 510 2352 1,,
532 2306 597 2358 qui
619 2305 866 2356 quadraginta
884 2311 973 2340 tan—

312 2371 394 2400 tum
417 2359 590 2415 κλήρους
611 2362 726 2398 fnisse
756 2368 970 2398 memorat:

311 2432 471 2456 numero
483 2448 494 2466 ,
530 2426 572 2455 nt
587 2416 973 2469 Waohs11mth.quo-

311 2491 385 2530 que
414 2478 588 2513 observat
608 2476 670 2512 l.l.
693 2476 721 2523 1,
745 2478 763 2514 1
788 2487 876 2525 pag.
890 2476 971 2514 323

309 2548 388 2586 seq.
416 2533 547 2585 procul
570 2531 685 2569 dubio
716 2538 894 2582 corrupto
926 2542 970 2566 ac

311 2593 402 2628 salso
418 2621 427 2638 ,
481 2591 586 2627 cuius
607 2590 643 2625 in
666 2590 794 2625 locum
816 2589 971 2624 Grono-

310 2650 391 2686 vius
411 2648 600 2685 substituit
632 2645 846 2696 δισχιλίους
872 2638 970 2693 κλή-

311 2721 418 2759 ρους.
475 2704 656 2750 Quamvis
686 2703 788 2739 enim
817 2701 877 2737 vel
907 2701 970 2736 ille

311 2777 426 2815 quem
448 2761 662 2799 Herodotus
683 2766 719 2796 et
739 2758 812 2795 hoc
832 2758 916 2794 loco
934 2764 970 2793 et

310 2822 370 2868 vl,
404 2823 482 2862 100
508 2818 657 2871 prodit,
696 2828 877 2853 numerus
909 2815 968 2851 ni-

1039 771 1138 807 mius
1158 782 1248 806 sane
1269 768 1389 807 videri
1416 777 1551 822 queat,
1581 771 1700 807 mini-

1037 839 1102 863 me
1132 833 1263 863 tamen
1293 839 1338 863 eo
1372 826 1512 864 adduci
1550 834 1696 878 potero,

1037 890 1080 920 ut
1108 883 1202 920 falso
1231 884 1284 920 sic
1314 881 1412 920 tradi
1443 884 1489 920 ab
1519 881 1699 921 historiae

1036 946 1143 991 patre
1162 941 1390 977 existimem.
1447 940 1577 992 Atque
1598 941 1640 978 C.
1654 942 1697 979 F.

1035 999 1246 1034 Hermann.
1270 995 1568 1048 (Schulzeitung
1590 999 1698 1038 1832

1033 1066 1122 1105 pag.
1148 1055 1274 1105 1029)
1294 1067 1344 1090 ne
1369 1055 1520 1091 Aeliani
1540 1053 1699 1106 quidem

1033 1123 1243 1147 numerum
1288 1109 1405 1148 habet
1452 1117 1696 1162 corruptum:

1034 1175 1152 1205 sortes
1181 1168 1285 1204 enim
1321 1169 1496 1218 gentium
1532 1167 1699 1220 quadra—

1035 1225 1140 1276 ginta
1181 1223 1460 1277 (Stammlose)
1490 1224 1605 1262 fuisse
1624 1237 1699 1275 po-

1034 1283 1114 1330 nit,
1136 1294 1235 1333 quae
1254 1282 1428 1332 singulae
1448 1280 1575 1318 denuo
1596 1282 1697 1318 iuter

1034 1345 1192 1375 centum
1213 1338 1377 1376 familias
1405 1338 1547 1375 fuerint
1570 1336 1697 1375 distri-

1034 1396 1161 1432 butae.
1220 1396 1349 1447 Atque
1379 1408 1501 1448 quum
1522 1395 1696 1445 quad-rin-

1032 1454 1136 1501 genti
1147 1450 1415 1489 Chalcidenses
1431 1451 1481 1488 ad
1500 1453 1698 1488 Plataeam

1033 1510 1240 1560 pugnaturi
1259 1509 1588 1560 proficiscerentur
1602 1514 1696 1545 teste

1033 1565 1230 1602 Herodoto
1268 1567 1338 1614 IX,
1380 1567 1447 1614 28,
1495 1565 1694 1616 probabile

1033 1629 1162 1660 censet
1180 1624 1406 1670 Hermann„
1434 1621 1698 1674 quadringen-

1031 1686 1087 1717 tas
1114 1679 1229 1716 fuisse
1256 1679 1564 1730 Hippobotarum
1597 1692 1698 1729 geu-

1032 1742 1111 1785 tes,
1161 1749 1326 1788 quat-tun
1352 1737 1453 1773 bona
1482 1735 1696 1773 secundum

1034 1792 1169 1830 decem
1196 1795 1341 1830 Atticas
1372 1793 1493 1829 tribus
1514 1805 1543 1829 s.
1565 1789 1697 1842 φυλάς

1033 1848 1248 1900 dispertita,
1278 1851 1360 1887 illas
1391 1856 1554 1902 quatuor
1588 1849 1696 1885 mille

1032 1914 1172 1955 sortes,
1211 1919 1376 1959 quarum
1409 1907 1556 1943 mentio
1591 1904 1695 1956 apud

1034 1963 1295 2012 Herodotum,
1329 1962 1508 2000 efficiant.
1528 1983 1585 1990 -—-
1616 1960 1694 2002 Ἱπ-

1032 2016 1203 2072 ποβόται
1223 2019 1326 2072 apud
1348 2019 1633 2064 Chalcidenses,
1651 2026 1694 2056 ut

1032 2077 1298 2115 Valckenaerii
1318 2084 1403 2114 utar
1419 2077 1554 2124 verbis,
1575 2089 1671 2113 voca
1691 2096 1693 2099 ·

1031 2136 1190 2184 bantur,
1252 2147 1396 2185 quorum
1434 2145 1556 2170 census
1596 2134 1693 2182 equis

1030 2191 1166 2229 alendis
1210 2190 1403 2241 sufficeret,
1460 2193 1565 2239 atque
1605 2189 1693 2227 adeo

1030 2247 1204 2298 opulenti,
1234 2248 1416 2297 optimates
1429 2246 1544 2297 igitur
1564 2241 1692 2285 πλού-

1029 2319 1083 2357 τῳ
1116 2303 1183 2343 καὶ
1212 2302 1309 2357 δόξῃ
1340 2304 1619 2353 διαφέροντες,
1649 2310 1690 2340 ut

1029 2359 1134 2398 addit
1168 2358 1395 2397 Plutarchus
1433 2360 1570 2397 Pericl.
1600 2372 1688 2410 pag.

1032 2416 1109 2456 164
1138 2419 1181 2455 F.
1207 2429 1290 2469 cap.
1313 2419 1366 2457 23
1387 2416 1467 2464 fin.,
1519 2429 1688 2469 quocum

1027 2476 1204 2524 congruit
1225 2481 1263 2510 et
1282 2473 1408 2510 strab.
1434 2475 1472 2510 X
1492 2486 1579 2525 pag.
1606 2470 1689 2513 447

1027 2530 1072 2566 B.
1094 2544 1123 2568 s.
1145 2531 1226 2573 685
1254 2532 1297 2571 C.
1319 2536 1357 2566 et
1383 2531 1531 2568 Aelian.
1565 2529 1610 2566 V.
1637 2530 1686 2565 H.

1027 2587 1090 2634 VI,
1112 2591 1147 2628 1.
1189 2586 1290 2624 Add.
1312 2587 1495 2625 Herodot.
1515 2587 1579 2633 VI,
1597 2588 1687 2626 100.

1027 2644 1100 2689 Qui
1148 2644 1264 2681 iidem
1303 2656 1482 2693 effron-um
1531 2655 1685 2694 quoqne

1025 2703 1258 2751 possessione
1285 2701 1450 2753 insignes
1478 2700 1685 2750 locupletes

1026 2756 1085 2793 di(
1090 2766 1204 2796 untur
1215 2755 1367 2809 παχέες,
1357 2732 1434 2795 0de
1446 2769 1522 2809 quo
1540 2768 1688 2822 cogno-

1027 2816 1130 2852 mine
1151 2815 1314 2854 vidimus
1333 2814 1381 2853 ad
1402 2815 1446 2863 V,
1458 2817 1523 2855 30.
1535 2835 1589 2840 -
1611 2806 1686 2852 av'-

1700 433 1777 475 411
