1789 3213
1 705 30 748 3

402 184 859 223 POLYMNIA
917 184 1015 221 VII.
1279 185 1355 224 ἰ’-Ἠ

103 292 348 350 εὐξάμενοι,
398 294 470 336 καὶ
510 292 701 344 σπονδὰς
730 291 1011 348 προχέαντες,
1043 290 1121 348 τήν
1159 293 1360 348 ταχίστην

103 361 239 407 ὀπίσω
277 359 507 417 ἠπείγοντο
548 361 616 405 ἐπὶ
669 360 719 404 τὸ
766 359 1052 416 Ἀρτεμίσιον·
1113 359 1360 412 ἐλπίσαντες
1372 369 1415 401 60

74 428 253 486 Βόλίγας
290 426 410 478 τινάς
447 439 526 484 σφι
569 428 795 481 ἀντιξόους
826 429 1002 471 ἔσεσθαι
1037 425 1150 478 νέας.
1211 429 1253 471 οἱ
1280 427 1358 484 μὲν

101 497 153 551 δὴ
184 497 232 539 τό
263 494 466 549 δεύτερον
495 496 716 548 ἐλθόντες,
747 497 845 551 περὶ
874 495 921 540 τό
945 492 1214 550 Ἀρτεμίσιον
1236 496 1359 539 ἐναυ-

99 563 251 620 λόχεον
283 564 584 615 Ποσειδέωνος
613 568 819 621 Σωτῆρος
849 564 1098 620 ἐπωνυμίην
1139 561 1225 607 dno*
1256 562 1359 607 τού-

97 649 177 675 του
207 631 265 674 ἔτι
294 631 366 674 καὶ
396 631 438 682 ἐς
466 631 564 675 τόδε
592 633 854 688 νομίζοντες.

187 701 241 742 Οί
266 698 311 743 δὲ
341 697 582 755 βάρβαροι,
623 699 683 752 ὠς
711 698 931 744 ἐπαύσατό
966 716 1010 743 τε
1041 697 1065 742 ὁ
1097 697 1256 752 ἄνεμος
1284 696 1554 740 καὶδὸΑΡῦθῑθθ
1571 697 1611 725 ³⁴¹
1629 698 1670 726 S'i·

1412 740 1481 759 uum
1494 732 1687 767 Pagasaeum

97 765 146 810 τό
177 769 292 822 κῦμα
326 767 526 821 ἔστρωτο,
560 766 913 819 κατασπάσαντες
943 769 1018 819 τὰς
1049 770 1171 824 νῆας,
1202 765 1354 808 ἔπλεον
1411 771 1491 810 596

1413 821 1510 857 sitae,
1531 822 1611 850 unde
1635 831 1687 849 nn-

93 833 212 890 ⁵²:an
251 834 330 890 τὴν
369 832 564 891 ἤπειρον.
623 835 872 893 κάμψαντες
912 836 958 879 δὲ
995 834 1074 892 τὴν
1104 835 1242 890 ἄκρην
1279 837 1356 890 τῆς
1413 863 1481 882 men
1499 856 1684 892 acceperint.

98 904 373 958 Μαγνησίης,
412 903 556 945 ἰθεῖαν
598 905 752 948 ἔπλεον
790 904 833 956 ἐς
871 903 949 947 τόν
986 902 1154 947 κόλπον
1182 901 1259 945 τὸν
1288 901 1358 945 ἐπὶ
1415 924 1674 958 Ρρῑςᾶ,.υῃ,ςθ-

1416 889 1481 921 Quo
1503 889 1572 916 dum
1591 898 1686 917 naves

1412 956 1503 993 piade
1521 957 1642 992 relicta,

64 969 342 1025 ΞΠαγασέων
385 970 590 1026 φέροντα.
636 972 725 1016 ἔστι
763 971 809 1016 δὲ
840 975 982 1027 χῶρος
1022 971 1069 1015 ἓν
1105 974 1167 1028 τῷ
1205 969 1351 1027 κόλπῳ
1410 990 1627 1027 provehuntur,

93 1036 233 1094 τούτῳ
272 1041 347 1093 τῆς
384 1040 666 1096 Μαγνησίης,
698 1041 809 1084 ἔνθα
846 1040 1012 1094 λέγεται
1040 1038 1118 1081 τόν
1142 1036 1413 1094 “Ηρακλέα70

91 1108 438 1161 καταλειφθῆναι
467 1104 555 1149 ὑπὸ
573 1105 764 1162 Ἰήσονός
793 1122 838 1150 τε
867 1107 936 1150 καὶ
959 1110 1046 1149 τῶν
1073 1107 1354 1159 συνεταίρων,

91 1172 139 1216 ἐκ
177 1175 252 1228 τῆς
285 1171 464 1228 Ἀργοῦς
499 1172 562 1216 ἐπ’
603 1173 725 1228 ὕδωρ
767 1174 1048 1230 πεμφθέντα,
1089 1168 1174 1216 εὖτ’
1206 1173 1276 1216 ἐπὶ
1305 1173 1355 1216 τὸ

46 1271 53 1276 2
91 1243 206 1291 κῶας
244 1240 397 1285 ἔπλεον
434 1241 477 1292 ἐς
512 1238 628 1285 Αἶαν
664 1240 746 1298 τὴν
774 1243 980 1297 Κολχίδα.
1038 1241 1240 1284 ἐνθεῦτεν
1269 1239 1352 1295 γὰρ

92 1307 270 1363 ἔμελλον
305 1307 625 1365 ὑδρευσάμενοι
665 1308 708 1359 ἐς
746 1308 795 1353 τὸ
826 1310 1013 1365 πέλαγος
1044 1307 1253 1365 ἀφήσειν·
1285 1307 1354 1350 ἐπὶ

91 1374 253 1420 τούτου
283 1376 329 1420 δὲ
357 1380 418 1433 τῷ
445 1375 573 1435 χώρῳ
596 1375 768 1434 οὔνομα
786 1377 937 1434 γε’γονε
962 1374 1146 1433 Ἀφέται.
1177 1376 1224 1419 ἐν
1252 1375 1349 1419 τού·
1364 1383 1408 1417 75

222 1553 313 1605 Cap.
336 1552 504 1591 CXCIII.

90 1607 158 1648 καὶ
174 1606 218 1649 vo*
243 1613 350 1660 κῦμα
373 1609 557 1662 ἔστρωτο]
593 1608 691 1647 citat

32 1665 206 1703 Eustath.
235 1665 284 1704 ad
313 1665 384 1705 Od.
412 1680 449 1717 p.
474 1665 595 1707 1462.
617 1669 642 1707 9
662 1680 690 1705 s.

35 1724 127 1770 119,
164 1726 230 1763 39.
267 1721 517 1761 Valckenaer.
553 1724 692 1760 excitat

33 1777 248 1818 Schultens.
281 1779 328 1816 ad
355 1780 436 1819 Iob.
471 1781 600 1826 XXX,
622 1782 689 1819 27.

31 1836 201 1885 Bergler.
223 1835 271 1872 ad
296 1834 517 1886 Alciphron.
540 1848 628 1886 pag.
649 1838 689 1875 2.

24 1891 142 1937 xSuid.
163 1905 199 1930 v.
223 1889 437 1943 ἐστόρεσεν·
468 1890 537 1930 καὶ
563 1889 604 1931 τὸ
615 1893 690 1929 κῦ-

33 1963 88 1998 μα
113 1946 327 1999 ἐστορέσθη
360 1950 378 1984 I
397 1962 436 1999 p.
457 1950 553 1989 873.
609 1950 688 1985 Neo

33 2005 140 2040 aliter
153 2003 254 2055 apud
273 2006 439 2053 Latinos,
462 2003 595 2041 eodem
618 2005 687 2040 ob-

16 2068 204 2097 ·servante
238 2060 435 2110 Valcken„
477 2062 607 2108 fluctus
628 2060 689 2097 di-

31 2124 169 2154 cuntur
187 2119 312 2162 sterni,
334 2117 436 2168 apud
457 2118 553 2154 Gell.
574 2119 620 2154 N.
640 2117 688 2155 A.

30 2175 78 2222 Π,
110 2176 176 2214 30.
208 2173 317 2212 ovid.
350 2176 423 2225 Ep.
445 2175 560 2222 XIX,
580 2176 630 2214 16
652 2180 689 2211 et

31 2234 181 2268 stratum
201 2244 331 2281 aequor
353 2229 455 2282 apud
475 2232 504 2267 Ι.
525 2232 566 2267 F.
588 2231 688 2267 Gro-

30 2299 120 2323 nov.
141 2287 243 2324 Obss.
265 2289 331 2336 ΙΙΙ,
353 2291 420 2329 22.
442 2309 499 2315 —
527 2288 585 2323 De
599 2300 688 2324 ver-

31 2343 81 2381 bo
103 2346 307 2398 κατασπᾷν
327 2343 403 2384 vid.
425 2351 520 2382 nott.
542 2343 591 2381 ad
606 2344 687 2392 Vll,

90 2452 128 2500 ἔς
158 2449 227 2493 τόν
247 2449 398 2494 κόλπον
419 2452 486 2496 τὸν
514 2453 577 2496 ἐπὶ
598 2457 688 2495 Πα-

31 2509 184 2564 γασέων
208 2508 407 2561 φέροντα]
446 2514 473 2550 i.
501 2526 534 2552 e.
563 2514 600 2550 in
638 2515 688 2550 si-

31 2579 113 2605 num
129 2596 138 2615 ,
170 2568 233 2617 qui
254 2566 419 2615 Pagasas
432 2581 551 2606 versus
569 2567 684 2608 ducit.

32 2623 281 2673 Pagasetz'cum
317 2630 428 2660 vocat
467 2625 609 2675 Scylax
647 2625 684 2670 §.

30 2679 84 2721 65
111 2693 149 2731 p.
178 2679 231 2721 25
262 2678 380 2716 Huds.
408 2693 446 2730 Ρ.
477 2682 558 2721 276
587 2681 685 2717 Gail.

30 2736 157 2773 Latini
185 2737 411 2788 plerumque
446 2734 683 2785 Pagasaeum.

29 2793 88 2829 De
127 2806 203 2846 quo
240 2793 348 2844 plura
378 2791 595 2830 Tzschuek.
636 2791 684 2835 ad

746 1552 837 1590 Mel.
867 1552 915 1600 Π,
937 1553 961 1592 3
993 1551 1030 1597 ᾗ.
1056 1552 1081 1591 6
1110 1550 1195 1588 coll.
1215 1551 1406 1586 Mannert.

746 1610 816 1647 VII
842 1621 930 1659 pag.
960 1610 1055 1648 606.
1112 1608 1223 1643 Nunc
1262 1607 1354 1654 Volo,
1375 1619 1405 1643 s.

748 1665 856 1716 Golfo
884 1665 925 1702 di
950 1664 1033 1701 Volo
1053 1665 1275 1714 appellatur.

804 1717 865 1761 ἐπ’
883 1717 994 1770 ’ὕδωρ
1016 1718 1286 1771 πεμφθέντα]
1322 1719 1347 1754 i.
1369 1732 1404 1755 e.

747 1781 918 1828 aquatum
945 1778 1099 1814 missum.
1142 1776 1228 1814 Vid.
1251 1776 1316 1822 III,
1341 1774 1406 1815 14.

745 1836 824 1872 Nec
836 1835 942 1870 aliter
953 1831 1016 1872 ἐπὶ
1026 1830 1067 1871 τὸ
1080 1834 1185 1879 κῶας
1213 1831 1363 1877 ἔπλεον,
1376 1832 1403 1868 i.

747 1891 831 1928 e.a‹l
840 1902 982 1928 aureum
994 1889 1103 1926 vellus
1108 1889 1234 1940 petencl
1239 1888 1404 1925 amAeam

745 1947 980 1996 navigabant,
1013 1952 1055 1982 ut
1075 1945 1198 1982 reddit
1219 1942 1402 1981 Valcken.

746 2003 794 2041 de.
815 2017 885 2040 usu
901 2003 1184 2053 praepositionis
1198 1999 1274 2048 ἐπὶ,
1297 2001 1402 2037 cuius

745 2061 830 2098 loco
872 2061 986 2095 etiam
1016 2058 1118 2109 apud
1148 2065 1277 2109 poetas
1307 2051 1402 2106 μετὰ

745 2117 941 2167 reperitur,
964 2117 1080 2152 citans
1097 2113 1288 2164 Aristoph.
1305 2115 1402 2150 Rau.

748 2176 841 2214 111.
870 2171 1051 2223 Xenoph.
1075 2172 1200 2208 Anab.
1220 2171 1266 2218 V,
1291 2173 1342 2210 10
1363 2170 1402 2214 §-

746 2233 784 2277 2,
826 2230 892 2266 ubi
921 2242 1023 2265 nunc
1058 2235 1100 2265 tu
1128 2227 1205 2266 vid.
1240 2229 1401 2276 Kriiger.

744 2285 855 2332 Quod
875 2284 913 2324 h.
935 2287 960 2323 l.
983 2284 1134 2322 additur
1155 2284 1193 2331 ἐς
1208 2280 1315 2322 Αἶαν
1326 2278 1399 2332 τὴν

743 2343 931 2394 Κολχίδα,
961 2343 1178 2380 invenimus
1195 2352 1348 2391 quoque
1368 2339 1398 2385 1,

742 2402 769 2439 2
798 2400 884 2437 coll.
913 2400 994 2446 VII,
1027 2401 1129 2445 1973
1177 2396 1223 2433 de
1263 2395 1399 2432 vocula

743 2454 811 2503 εἷς,
829 2469 925 2508 quae
940 2456 1081 2501 locum,
1103 2466 1179 2505 quo
1192 2451 1397 2498 tendimus,

740 2512 882 2550 iudicat
899 2542 908 2560 ‚
962 2523 1050 2548 cum
1090 2508 1152 2549 ἐπὶ
1185 2510 1397 2554 consilium,

743 2582 819 2620 quo
851 2568 953 2606 ducii
986 2565 1190 2613 tendimus,
1231 2565 1396 2610 denotet,

740 2625 845 2662 idem
873 2622 1056 2662 Valcken.
1087 2621 1194 2658 affert
1215 2619 1396 2671 Thucyd.

739 2681 805 2729 IV,
830 2684 892 2722 13.
923 2677 1114 2729 Aristoph.
1141 2678 1285 2714 Eccles.
1301 2674 1395 2723 814,

741 2738 826 2776 alia.

797 2791 861 2834 ἐπὶ
883 2787 1025 2831 τούτου
1046 2787 1089 2830 δὲ
1109 2791 1166 2844 τῷ
1191 2785 1303 2841 χώρῳ
1324 2784 1394 2828 οὕ-
