1815 3181
86 304 153 338 dia,
171 301 298 343 gliesque
316 301 358 328 di-

86 345 180 365 menSl
195 339 322 365 ratione.

85 440 184 472 Halys
204 440 242 474 [17
260 436 334 471 72.],

85 473 258 508 Euphrates
283 472 321 505 [1,

181 525 189 535 ,
208 506 314 540 Tigris

87 541 128 577 [1,
150 541 238 575 189.],
265 539 324 566 duo

86 576 317 635 cogndomingsem

103 617 116 635 s
126 617 144 636 e
196 617 205 635 1
216 617 226 635 1

46 650 57 659 ³
85 608 124 671 in
149 645 264 669 textu
289 639 359 667 He—

86 684 100 704 r
109 684 125 704 ο
135 675 153 704 d
163 679 225 704 ote
235 684 251 703 ο
271 683 289 703 a
297 683 316 702 u
326 682 358 701 0-

86 508 143 535 ιεο.
155 508 168 541 ]

414 182 471 222 82

418 290 616 343 πανταχῆ
644 288 725 330 εἰσι
754 285 992 342 βασιλήϊοι,
1030 287 1105 330 καὶ
1135 286 1395 336 καταλύσιες
1427 284 1671 330 κάλλισται·

85 371 187 399 Fluvii
203 372 233 397 iu
245 379 280 398 eo
297 377 360 396 me·
390 355 497 400 Ξδιοέ
528 353 778 409 οἰκεομένης
804 370 849 398 τε
877 353 904 410 ἡ
935 352 1040 406 ὁδὸς
1071 354 1220 399 ἅπασα
1248 355 1322 398 καὶ
1351 353 1579 409 ἀσφαλέος.
1606 355 1680 398 διὰ

86 405 308 437 morabiliores‚

809 177 1272 215 HERODOTI

1733 303 1814 359 391

419 424 499 480 μέν
527 439 573 479 γε
602 424 768 478 Λυδίης
808 425 882 466 καὶ
914 424 1108 478 Φρυγίης
1146 422 1334 478 σταθμοὶ
1371 425 1586 474 τείνοντες
1623 424 1680 466 εἴ-
1740 441 1741 444 “
1775 423 1808 438 ”

421 492 520 535 κοσί
548 492 651 541 εἰσι,
682 489 961 545 παρασάγγαι
991 490 1038 533 δὲ
1067 491 1260 545 τέσσερες
1291 491 1364 534 καὶ
1393 490 1680 546 ἐννενήκοντα

389 560 498 604 ὃκαὶ
525 557 672 614 ἥμισυ.
729 556 969 601 Ἐκδέκεται
1000 556 1045 601 δ’
1078 558 1124 602 ἐκ
1161 561 1238 614 τῆς
1274 560 1472 614 Φρυγίης
1502 556 1675 607 δ”Αλυς
1691 564 1734 596 10

687 626 699 641 7

359 810 429 848 dus
450 817 516 847 est.
574 810 632 847 Ac
651 807 797 858 solent,
820 807 925 861 quod
943 821 1016 845 ne·-

358 880 424 906 mo
453 867 532 903 fere
560 867 701 914 nescit,
741 879 810 917 per
832 867 1018 902 orientem

361 925 427 976 qui
455 931 710 960 mercaturam
740 930 879 973 agunt,
922 935 1018 959 con-

359 982 480 1017 iuncti
488 981 716 1032 plerumque
727 979 776 1016 ad
786 993 932 1016 merces
948 977 1020 1015 ad-

360 1036 553 1076 vehendas
569 1035 929 1088 permutandasque,
950 1036 1022 1071 iter

361 1094 486 1131 facere
506 1094 608 1130 certa
628 1092 797 1146 quadam
813 1106 855 1129 ac
868 1092 1023 1129 definita

361 1150 453 1198 vizi,
483 1149 559 1202 quii
599 1151 672 1187 tuti
700 1150 814 1186 simul
845 1156 882 1185 et
911 1150 1022 1185 rebus

361 1208 578 1243 necessariis
589 1207 764 1244 instructi
774 1207 857 1242 loca
876 1205 1023 1242 deserta

361 1264 602 1314 perlustrent.
628 1265 707 1299 Nec
720 1262 891 1311 dubium,
915 1263 1022 1314 quin,

363 1321 430 1371 qui
450 1333 553 1356 nunc
564 1321 667 1369 viget
678 1332 782 1368 mos,
803 1319 909 1355 idem
929 1320 1022 1355 olim

363 1389 518 1429 quoque
557 1377 779 1424 obtinuerit,
823 1389 913 1412 cum
940 1376 1022 1426 ipsa

365 1434 568 1482 regionum
601 1440 737 1469 natura
764 1445 807 1468 ac
838 1434 932 1468 ratio
968 1433 1021 1468 sic

364 1489 542 1540 postulet.
603 1491 736 1540 Itaque
750 1487 861 1526 valde
874 1488 916 1525 fit
930 1500 1022 1538 pro—

364 1546 511 1593 babile,
552 1547 718 1582 enarrari
747 1544 786 1582 h.
807 1546 833 1581 l.
863 1546 909 1582 ab
941 1546 1023 1580 He-

365 1601 500 1638 rodoto
531 1615 617 1638 eam
644 1604 766 1649 viam,
807 1601 883 1653 qua
911 1603 1022 1637 Iones

364 1665 593 1695 mercatores
628 1657 718 1695 inde
740 1659 785 1694 ab
805 1659 918 1694 Asiae
947 1659 1024 1694 mi-

365 1716 468 1751 noris
498 1714 563 1751 orit
596 1714 644 1751 ad
680 1716 866 1751 interioris
911 1715 1024 1752 Asiae

366 1778 529 1819 tractus,
560 1784 603 1808 ac
625 1772 827 1822 praecipue
844 1802 853 1819 ,
893 1778 937 1807 ut
963 1772 1025 1809 vi·-

368 1826 499 1875 detur,
529 1827 578 1864 ad
597 1829 838 1879 Babylonem
859 1834 896 1864 et
917 1828 1026 1876 Susa,

367 1891 602 1920 mercaturae
624 1897 736 1921 causa
756 1884 944 1935 proficisci
965 1897 1029 1921 so—

369 1941 510 1976 lebant.
592 1943 749 1977 Praeter
786 1942 947 1978 Rennel.
986 1942 1027 1977 in

371 1994 589 2046 Geograph.
620 1997 803 2034 Herodot.
837 2010 924 2048 pag.
947 1999 1027 2038 529

370 2065 450 2103 seq.
481 2059 517 2087 et
538 2051 658 2089 Ukert
679 2054 719 2089 in
740 2054 881 2103 Geogr.
903 2055 968 2090 Gr.
992 2060 1029 2090 et

371 2109 526 2145 Romm.
558 2109 587 2156 I,
619 2112 639 2148 1
661 2121 750 2159 pag.
771 2107 824 2149 74
852 2123 931 2160 seq.
962 2110 1027 2145 Tu

371 2163 448 2201 vid.
470 2165 708 2214 potissimum
720 2167 883 2205 Heeren,
896 2165 1027 2202 Ideen.

371 2222 401 2268 Ι,
415 2223 441 2260 2
454 2232 541 2270 pag.
556 2223 632 2261 221
648 2234 767 2272 seqq„
790 2222 855 2273 qui
876 2222 1027 2271 egregie

372 2283 518 2323 monet,
540 2275 638 2312 hanc
652 2279 755 2314 viam
767 2307 776 2324 ,
797 2280 927 2327 paucis
938 2280 1026 2329 qui—

373 2332 535 2370 busdam
546 2335 697 2371 mutatis
706 2333 912 2385 (siquidem
927 2347 951 2369 n
957 2347 1030 2371 unc

371 2402 465 2436 non,
495 2396 538 2426 ut
558 2390 664 2438 olim,
687 2390 736 2427 ad
758 2391 867 2437 Susa,
896 2389 963 2427 sed
984 2389 1032 2427 ad

373 2444 558 2497 Ispahan,
589 2459 687 2497 quae
715 2447 819 2496 regia
839 2453 894 2483 est
912 2446 1032 2495 sedes,

372 2503 444 2540 iter
481 2502 667 2551 faciunt),
721 2502 884 2539 eandem
911 2504 1032 2539 ferme

377 2572 470 2606 esse,
496 2571 612 2611 quam
632 2559 698 2611 qui
718 2558 831 2596 hodie
853 2572 874 2595 a
895 2560 1033 2611 Smyr-

377 2628 428 2652 na
457 2614 506 2652 ad
544 2614 706 2666 Ispahan
735 2616 1031 2667 proficiscantur,

377 2671 502 2709 facere
539 2673 704 2719 soleant,
748 2679 921 2709 accurate
963 2673 1032 2709 de-

377 2729 557 2778 scriptam
584 2741 606 2765 a
645 2730 861 2776 Tavernio3
901 2730 951 2765 ita
988 2736 1032 2766 ut

377 2791 549 2822 extrema
568 2792 716 2823 tautum
736 2787 818 2824 viae
832 2798 917 2836 pars
927 2798 1030 2823 nunc

416 629 631 682 ποταμός’
682 623 752 670 ευτ’
789 620 826 685 ᾧ
865 623 1003 670 πύλαι
1038 641 1084 669 τε
1124 626 1286 676 ἔπεισι,
1323 624 1402 677 τοὶς
1441 625 1682 679 διεξελάσαι

1073 807 1196 858 magis
1210 809 1521 860 septemtrionem
1531 815 1646 860 atque
1661 806 1740 843 ori-

1075 872 1207 901 entem
1246 879 1376 903 versus
1411 866 1584 903 flectatur
1622 871 1737 916 atque

1076 922 1192 969 olim,
1223 923 1290 959 ubi
1323 923 1371 959 ob
1408 923 1596 960 Susorum
1623 921 1738 958 situm

1077 977 1126 1015 ad
1156 979 1360 1016 meridiem
1386 980 1507 1029 magis
1537 977 1738 1015 tenderent

1077 1048 1230 1073 necesse
1253 1042 1345 1072 erat.
1367 1037 1476 1072 Hanc
1497 1036 1602 1072 enim
1620 1035 1736 1081 viam,

1079 1090 1185 1128 idem
1205 1093 1415 1129 Heerenius
1440 1091 1545 1129 addit
1557 1121 1567 1140 ,
1588 1098 1631 1128 ut
1649 1092 1739 1127 lon-

1079 1149 1227 1198 giorem
1266 1150 1318 1185 ita
1355 1150 1537 1185 tutiorem
1576 1161 1656 1184 esse
1694 1160 1738 1183 ac

1078 1206 1201 1254 magis
1232 1218 1405 1241 securam
1425 1218 1445 1241 a
1468 1204 1738 1256 praedonibus,

1078 1262 1270 1313 simulque
1311 1262 1487 1298 omnibus
1530 1260 1580 1298 ad
1618 1261 1740 1298 vitam

1079 1316 1367 1354 sustentandam
1405 1318 1623 1354 necessariis
1650 1330 1738 1353 me-

1078 1375 1150 1410 lius
1170 1375 1393 1410 instructam
1408 1405 1416 1421 ,
1444 1387 1561 1426 quam
1581 1375 1612 1410 si
1636 1372 1738 1410 recta

1079 1443 1148 1481 per
1186 1430 1332 1467 deserta
1370 1432 1442 1467 iter
1476 1431 1591 1467 facias
1619 1431 1738 1466 latro-

1078 1499 1175 1523 num
1213 1488 1351 1524 crebris
1385 1488 1577 1538 expositus
1606 1488 1740 1523 incur-

1077 1544 1245 1580 sionibus
1266 1550 1303 1580 et
1321 1544 1426 1581 victu
1454 1542 1660 1581 commodo
1678 1543 1739 1580 fa-

1079 1601 1150 1636 cile
1176 1599 1385 1637 destitutus.

1136 1655 1204 1695 καὶ
1242 1652 1475 1703 καταλύσιες
1515 1651 1741 1704 κάλλισται]

1079 1714 1349 1763 Intelliguntur
1380 1713 1551 1762 hospitia,
1588 1713 1629 1748 in
1651 1713 1740 1764 qui—

1082 1770 1153 1807 bus
1190 1769 1469 1820 proficiscentes
1501 1768 1646 1806 deverti
1674 1781 1741 1805 so-

1082 1827 1174 1873 lent,
1193 1827 1300 1863 certis
1312 1828 1492 1863 itinerum
1505 1826 1631 1876 spatiis
1644 1837 1741 1862 con-

1082 1885 1228 1931 stituta,
1282 1884 1409 1934 qualia
1430 1881 1554 1919 adhuc
1575 1895 1643 1933 per
1664 1883 1743 1918 ori-

1085 1947 1214 1976 entem
1232 1940 1355 1976 ubivis
1366 1941 1605 1990 reperiuntur
1620 1952 1640 1975 e
1651 1939 1741 1974 Mu—

1083 1995 1241 2033 hamedi
1260 1998 1511 2047 praescripto,
1532 1996 1650 2046 vulgo
1669 2007 1742 2032 vo-

1084 2059 1172 2089 cant
1186 2052 1453 2100 Caravanserei,
1473 2054 1499 2092 i.
1521 2065 1555 2089 e.
1571 2053 1743 2088 mansio-

1082 2121 1149 2144 nes
1171 2108 1220 2145 ad
1229 2111 1401 2145 itunenta
1412 2107 1596 2145 mutanda
1608 2109 1669 2145 vel
1678 2121 1743 2144 re-

1083 2164 1268 2212 creanda,
1295 2166 1371 2202 ubi.
1392 2166 1464 2215 ipsi
1483 2163 1657 2202 homines
1676 2165 1742 2201 iti-

1082 2222 1181 2257 neris
1226 2223 1399 2272 requiem
1439 2228 1574 2272 petunt
1603 2234 1646 2258 ac
1677 2234 1739 2257 re—

1085 2278 1330 2315 creationem.
1389 2278 1455 2314 Tu
1483 2277 1562 2316 vid.
1589 2278 1742 2329 potissi-

1087 2346 1195 2370 mum
1216 2335 1379 2371 Heeren.
1401 2333 1457 2372 Id.
1473 2336 1502 2382 I,
1527 2338 1546 2375 1
1568 2347 1658 2385 pag.
1674 2335 1742 2375 78.

1085 2392 1114 2438 1,
1143 2393 1169 2429 2
1189 2403 1277 2441 pag.
1301 2394 1394 2439 222,
1428 2393 1495 2443 qui
1515 2392 1608 2428 tales
1628 2389 1740 2428 aedes

1090 2454 1264 2483 accurate
1285 2446 1492 2499 descripsit.
1538 2447 1601 2484 Ad
1621 2449 1743 2499 ipsam

1087 2516 1225 2540 vocem
1240 2500 1450 2552 κατάλυσις
1470 2505 1570 2542 conf.
1584 2503 1745 2542 Diodor.

1090 2560 1207 2597 Sicul.
1229 2560 1415 2608 XVI,41.
1446 2583 1502 2588 —
1538 2563 1596 2598 De
1625 2560 1743 2597 fluvio

1087 2616 1209 2667 Halye
1229 2618 1329 2654 conf.
1350 2625 1446 2655 nott.
1470 2616 1518 2654 ad
1537 2619 1566 2664 I,
1588 2620 1626 2664 6,
1648 2619 1716 2657 72.

1144 2669 1203 2712 ἐπ’
1222 2669 1254 2726 ᾦ
1272 2671 1396 2713 πύλαι
1419 2688 1459 2713 τε
1480 2673 1624 2721 ἔπεισι]
1655 2672 1743 2710 Por-

1087 2733 1144 2766 tas
1160 2726 1288 2777 πύλας
1304 2731 1409 2768 fossis
1421 2743 1541 2782 aquae
1559 2742 1742 2766 coercen—

1088 2785 1159 2822 dae
1179 2794 1226 2835 et,
1238 2789 1269 2824 si
1282 2800 1370 2824 usus
1389 2787 1615 2839 requirebat,
1627 2787 1742 2822 emit-
