1815 3181
406 213 492 253 246
809 207 1274 245 HEVRODOTI

407 317 434 363 ὃ
461 321 550 362 τῶν
579 317 796 374 πολεμίων
826 314 996 366 ἑλόντες
1025 315 1127 366 νέας
1149 315 1321 371 συχνὰς,
1352 314 1570 373 ἀπέβαλον
1588 317 1678 358 τῶν

409 386 630 443 σφετέρων
659 389 771 429 νεῶν
801 383 878 435 τὰς
907 386 1110 435 πλεῦνας.
1167 387 1270 427 Χῖοι
1296 383 1374 439 μὲν
1396 383 1448 440 δὴ
1470 387 1569 441 τῇσι
1588 387 1676 426 λοι·

409 460 516 511 πῇσι
537 458 625 497 τῶν
647 456 760 496 νεῶν
780 449 1084 508 ἀποφεύγουσι
1107 450 1149 502 ἐς
1173 451 1252 507 τὴν
1269 451 1457 495 ἑωυτῶν.
1503 451 1678 494 ’Όσοισι
1734 448 1738 452 ’

411 524 458 567 δὲ
486 528 575 566 τῶν
594 522 716 565 Χίων
736 518 948 564 α’δύνατοι
978 514 1091 576 ἦσαν
1122 520 1168 563 αἱ
1195 519 1286 571 νέες
1305 518 1392 563 ὖπὸ
1424 517 1677 574 τρωμάτων,
1691 525 1734 559 10

408 587 531 634 οὗτοι
564 589 632 641 δὲ,
665 588 724 641 ὦς
753 587 1011 639 ἐδιώκοντο,
1040 587 1432 644 καταφυγγάνουσι
1458 585 1569 641 πρὸς
1596 584 1678 642 τήν

285 456 351 502 16

75 530 207 584 gssssffiiz
226 529 354 594 {afffiy

73 590 162 617 calen
179 588 298 624 adlisis,

73 622 144 650 dum
161 609 316 657 Ephesum

73 656 220 730 ggflgnifig
237 657 283 717 ξξί
407 656 642 715 Μυκάλην.
701 656 802 708 νέας
830 657 910 713 μὲν
948 654 1001 712 δὴ
1035 653 1176 699 αὐτοῦ
1213 653 1351 712 ταύτῃ
1382 655 1678 706 ἐποκείλαντες

73 723 299 786 ζξξῗᾶξζιῖῗξω
408 725 664 774 κατέλιπον,
707 725 752 768 οἱ
781 723 827 768 δὲ
854 726 961 781 πεζῇ
991 722 1244 780 ἐκομίζοντο
1276 722 1349 766 διὰ
1378 726 1452 778 τῆς
1479 720 1675 780 ἠπείρου.

377 794 501 837 einez
541 793 589 837 δὲ
627 791 837 850 ἐσέβαλον
871 791 914 843 ἐς
951 790 1035 848 τήν
1075 789 1277 848 Ἐφεσίην
1314 790 1594 848 κομιζόμενοι
1633 791 1679 834 οἱ

407 863 533 912 Χῖοι,
583 860 744 912 νυκτός
778 875 823 903 τε
862 857 1069 904 ἀπικέατο
1117 859 1161 911 ἐς
1200 858 1360 916 αὐτὴν,
1401 859 1475 903 καὶ
1513 857 1677 903 ἐόντων
1691 865 1734 901 15

405 932 506 984 τῇσι
543 928 716 986 γυναιξὶ
752 926 913 973 αὐτόθι
939 928 1274 984 θεσμοφορίων·
1326 927 1523 972 ἐνθαῦτα
1552 927 1607 984 δὴ
1633 928 1680 971 οἷ

403 996 622 1053 Ἐφέσιοι,
681 995 784 1041 οὔτε
837 995 1163 1053 προακηκοότες
1208 994 1267 1047 ὡς
1314 994 1397 1052 εἶχε
1441 995 1540 1050 περὶ
1586 998 1701 1039 τῶν

406 1065 540 1116 Χίων,
572 1064 740 1118 ἰδόντες
767 1080 812 1109 τε
851 1062 1042 1120 στρατὸν
1070 1063 1114 1115 ἐς
1141 1063 1222 1120 τήν
1251 1061 1400 1121 χώρην
1420 1061 1677 1120 ἐσβεβληκό-

405 1149 482 1186 τα,
519 1132 664 1190 πάγχυ
701 1132 838 1189 σφέας
877 1131 1194 1184 καταδόξαντες
1222 1129 1337 1176 εἶναι
1365 1134 1562 1183 κλῶπας,
1602 1130 1733 1175 καὶΞο

349 1348 572 1403 Thucydid.
595 1353 658 1399 VI,
690 1354 782 1400 101,
812 1352 900 1389 ubi:
939 1367 1010 1404 μο-

348 1405 499 1454 νωθεὶς
530 1403 608 1459 μετ’
637 1403 784 1460 όλίγων
813 1410 894 1448 τῶν
921 1409 1012 1457 ξυν-

349 1460 599 1515 διαβάντων,
648 1465 820 1517 itemque
858 1464 1010 1517 Ioseph.

347 1521 444 1559 Hist.
467 1522 542 1558 Vit.
568 1525 618 1563 18
640 1523 727 1559 coll.
747 1521 933 1560 Abresch.
962 1522 1013 1560 ad

348 1575 530 1628 Aeschyl.
551 1579 656 1615 Pers.
676 1581 773 1619 736.
806 1578 868 1616 Ad
894 1580 1012 1616 verba

349 1632 391 1681 ἐς
408 1630 482 1684 τήν
502 1632 663 1675 ἑωυτῶν
682 1635 783 1671 conf.
794 1634 930 1673 Matth.
943 1636 1010 1673 Gr.

348 1690 416 1727 Gr.
429 1703 517 1742 pag.
538 1692 635 1732 571.

569 1793 662 1844 Cap.
686 1792 790 1831 XVI.

391 1855 551 1898 ‘'060th
571 1859 613 1899 δὲ
631 1862 713 1900 τῶν
726 1861 838 1899 Χίων
859 1876 894 1899 κ.
909 1876 942 1898 τ.
955 1861 1009 1909 λ.]

347 1916 484 1952 Attulit
504 1913 543 1952 h.
556 1916 580 1955 l.
602 1918 886 1954 Werfer.Actt.
902 1916 1011 1968 phill.

346 1973 522 2010 Monacc.
550 1974 569 2009 I
589 1987 678 2025 pag.
701 1975 770 2021 93,
803 1973 849 2010 de
870 1986 916 2011 eo
938 1987 1011 2011 usu

347 2030 620 2079 particularum
653 2028 726 2082 μὲν
756 2037 792 2067 et
823 2027 865 2069 δὲ
887 2044 1010 2082 expo-

347 2096 456 2132 nens,
480 2098 555 2137 quo
569 2100 690 2138 quum
710 2094 872 2139 utraque
893 2088 1014 2138 parti-

348 2141 436 2178 cula
454 2142 496 2177 in
522 2149 684 2195 utraque
704 2144 883 2190 orationis
905 2151 1011 2195 parte

351 2204 540 2248 ponatur,
599 2199 762 2236 subinde
800 2207 931 2237 tamen
970 2201 1011 2237 in

352 2255 469 2304 priori
489 2257 745 2305 propositione
764 2270 822 2293 res
843 2270 921 2294 uno
939 2256 1012 2308 μὲν

349 2310 579 2348 absolvatur.
647 2313 781 2364 Itaque
819 2311 892 2350 hoc
925 2314 1012 2351 loco

348 2367 400 2402 ita
420 2364 901 2437 distinguaslicetpriorem
920 2383 1014 2422 pro-

349 2423 600 2473 positionem.
644 2420 775 2465 ὅσοισι
805 2422 896 2476 μὲν
932 2442 1012 2466 των

351 2479 463 2518 Χίων
515 2479 651 2520 λοιπαὶ
688 2494 792 2533 ησαυ
831 2481 874 2520 αἱ
911 2481 1010 2532 νέες,

349 2529 462 2575 οὗτοι
474 2552 528 2604 μ
542 2533 593 2575 ὲν
630 2532 923 2606 ἀποφεύγουσι.
953 2561 1010 2567 —

348 2592 442 2628 Mox
463 2584 568 2642 ἦσαν
591 2591 679 2630 dedi
700 2606 768 2645 pro
801 2589 904 2633 ἐ’.σαν
951 2596 1009 2632 De

350 2661 444 2685 voce
464 2648 602 2699 τρῶμα
624 2649 703 2688 dixi
735 2649 783 2687 ad
804 2649 849 2697 V,
875 2653 948 2691 121
975 2659 1011 2688 et

350 2704 398 2741 de
419 2705 612 2742 locutione
642 2701 771 2746 αυτοῦ
791 2702 912 2758 ταύτῃ
933 2708 1010 2745 vid.

350 2767 445 2799 nott.
468 2761 517 2798 ad
536 2762 600 2811 IV,
624 2763 716 2805 135.
738 2761 838 2801 Add.
859 2763 922 2810 VI,
944 2765 1009 2803 30.

350 2816 432 2863 VH.
455 2820 550 2859 227.

1125 1350 1428 1400 ἐποκείλαντες]
1470 1351 1498 1387 i.
1518 1362 1553 1386 e.
1583 1349 1734 1387 navibus

1067 1408 1118 1446 ad
1154 1407 1240 1446 litus
1279 1408 1398 1445 eiectis
1414 1436 1424 1455 ,
1464 1408 1651 1457 impactis,
1690 1412 1734 1443 ut

1067 1467 1148 1514 VII,
1182 1467 1275 1506 182.
1312 1462 1399 1501 Vid.
1420 1464 1654 1513 Wesseling.
1684 1461 1735 1500 ad

1067 1521 1227 1559 Diodor.
1249 1521 1327 1559 Sic.
1347 1522 1377 1569 Ι,
1400 1523 1467 1561 31.
1487 1542 1544 1547 -—
1571 1522 1615 1556 In
1625 1532 1734 1572 seqq.

1068 1581 1166 1632 πεζῇ
1187 1578 1360 1615 consulto
1382 1575 1534 1614 videtur
1544 1575 1734 1614 addidisse

1067 1636 1226 1682 Noster,
1269 1646 1359 1671 cum
1388 1635 1551 1671 verbum
1580 1633 1735 1684 κομίζε-

1070 1695 1168 1732 σθαι
1190 1690 1237 1727 de
1256 1690 1423 1727 terrestri
1454 1703 1576 1742 aeque
1607 1702 1651 1726 ac
1685 1688 1734 1726 de

1068 1748 1261 1785 maritimo
1311 1748 1447 1784 itinere
1492 1745 1733 1783 adhibeatur.

1071 1805 1183 1842 Conf.
1203 1811 1300 1841 nott.
1323 1803 1372 1840 ad
1391 1805 1421 1850 I,
1436 1801 1527 1851 185,
1548 1815 1597 1839 ne
1609 1803 1733 1854 plura.

1126 1860 1442 1912 θεσμοφορίων]
1477 1859 1576 1897 Satis
1597 1860 1727 1910 cogni—

1067 1925 1154 1955 tum
1173 1924 1249 1965 est,
1278 1929 1347 1968 per
1367 1928 1500 1954 omnes
1520 1916 1600 1953 fere
1611 1917 1735 1953 Grae-

1067 1975 1149 2012 ciae
1178 1975 1367 2022 civitates,
1396 1974 1544 2010 Ionicas
1563 1986 1738 2024 praeser-

1068 2033 1160 2079 tim,
1208 2029 1520 2082 Thesmophoria
1554 2029 1737 2067 celebrari

1068 2088 1178 2126 solita
1207 2087 1343 2135 fuisse,
1382 2093 1426 2124 ut
1454 2100 1546 2124 sane
1574 2087 1738 2123 minime

1068 2146 1214 2181 mirum
1234 2144 1280 2181 ab
1301 2142 1474 2194 Ephesiis
1486 2155 1653 2196 quoque,
1668 2143 1735 2195 qui

1066 2203 1208 2238 Ionum
1237 2207 1345 2236 erant
1374 2201 1510 2250 stirpis,
1542 2211 1586 2236 ea
1608 2211 1731 2251 aeque

1071 2257 1254 2294 celebrari
1284 2263 1398 2308 atque
1419 2257 1468 2292 ab
1486 2254 1736 2293 Atheniensi-

1068 2315 1153 2351 bus.
1193 2314 1251 2350 De
1272 2311 1345 2350 hoc
1366 2312 1461 2349 festo
1482 2314 1592 2364 plura
1612 2313 1735 2350 Creu-

1069 2369 1437 2422 zer.SJ1nb.1Vp
1449 2367 1527 2410 441
1551 2382 1631 2421 seq.
1661 2369 1735 2406 At-

1070 2438 1144 2479 que
1173 2425 1252 2463 iam
1277 2427 1465 2463 Meursius
1493 2426 1535 2462 in
1574 2426 1734 2463 Graecia

1067 2484 1201 2520 seriata
1216 2480 1384 2520 indicem
1400 2481 1624 2519 exhibuerat
1635 2495 1734 2532 gen-

1066 2541 1187 2587 tium,
1223 2539 1326 2591 apud
1348 2551 1440 2592 quas
1461 2537 1735 2590 Thesmopho-

1067 2595 1122 2633 ria
1144 2597 1333 2633 celebrata
1354 2609 1432 2633 esse
1447 2603 1672 2642 narrantum
1692 2595 1733 2632 in

1071 2666 1147 2705 quo
1163 2660 1292 2690 tamen
1321 2651 1448 2691 indice
1477 2659 1514 2689 et
1532 2650 1732 2703 Ephesios,

1069 2708 1116 2746 de
1147 2710 1283 2761 quibus
1313 2708 1530 2747 Herodotus
1566 2707 1605 2747 h.
1637 2709 1664 2745 l.
1693 2714 1731 2745 et

1068 2766 1363 2816 Agrigentinos,
1414 2764 1462 2803 de
1493 2765 1629 2818 quibus
1649 2766 1730 2802 Po-

1068 2822 1195 2873 lyaen.
1215 2823 1260 2871 V,
1286 2826 1320 2872 1,
1347 2826 1365 2863 1
1390 2823 1546 2860 omissos
1567 2834 1645 2859 esse
1655 2833 1729 2858 no-
