1789 3213
427 132 883 172 POLYMNIA
940 137 1062 175 VII.

1292 141 1375 182 687

119 239 198 284 τὸν
223 239 466 285 τελευταῖόν
494 251 576 297 σφι
596 241 722 287 τόνδε
749 243 945 300 ἐξέφαινε
965 243 1122 302 λόγον·
1155 241 1233 297 „³520
1265 247 1374 299 ξεῖνε

89 312 410 365 2,,Σπαρτιῆτα,
436 308 615 354 ὀνείδεα
643 311 849 356 κατιόντα
887 311 1109 371 ἀνθρώπῳ
1159 314 1296 370 φιλέει
1335 315 1373 360 ἐ-

116 375 354 432 ,,πανοίγειν
371 375 450 421 τόν
467 377 627 433 θυμόν.
658 380 713 424 σὺ
742 380 890 437 μέντοι
909 379 1229 439 ἀποδεξάμενος
1249 381 1373 440 ὑβρί-

115 455 283 499 ,,σματα
319 445 366 488 ἐν
401 434 468 502 τςῖ
493 446 635 502 λόγῳ,
687 447 742 492 οὔ
769 465 822 505 με
863 449 1033 501 ἔπεισας
1072 449 1300 506 ἀσχήμονα
1329 451 1428 496 ἐν5ο

84 515 196 569 3,,τῇ
225 511 387 570 ἀμοιβῇ
417 515 633 569 γενέσθαι.
665 515 774 560 ὅκου
804 517 850 561 δὲ
879 514 1002 573 ὑμεῖς
1032 517 1149 561 οὕτω
1180 519 1370 576 περιέχε-

111 585 218 632 ,,σθε
252 585 328 637 τῆς
368 579 619 640 ἡγεμονίης,
665 584 784 635 οἰκὸς
826 585 895 628 καὶ
928 584 1000 639 ἐμὲ
1029 589 1196 640 μᾶλλον
1224 587 1373 643 ὑμέων

110 646 423 704 ,,περιὲχεσθαι,
456 655 660 708 στρατιῆς
687 668 732 695 τε
770 651 898 695 ἐόντα
927 656 1250 710 πολλαπλασίης
1277 654 1369 711 ἡγε-

83 715 270 770 4,,μόνα,
300 718 373 760 καὶ
393 723 513 774 νηῶν
541 719 656 763 πολὺ
685 719 897 765 πλεύνων.
937 719 1039 764 Ἀλλ’
1071 722 1161 766 ἐπεί
1190 739 1234 767 τε
1262 723 1370 779 ὑμῖν

108 779 160 833 ,,ὁ
181 781 309 838 λόγος
321 784 437 830 οὕτω
466 786 718 844 προσάντης
746 791 995 833 κατίσταται
1043 788 1165 847 ἡμεῖς
1176 808 1217 835 τι
1245 790 1368 836 ὑπεί-
1380 799 1424 834 55

0 883 17 904 2«
70 849 264 905 5,,ξομεν
294 856 374 897 τοῦ
404 852 586 910 ἀρχαίου
626 857 775 912 λόγου.
835 859 871 901 εἰ
910 861 990 901 τοῦ
1028 859 1108 914 μὲν
1146 865 1278 914 πεζοῦ
1320 860 1368 904 ὑ-

2 911 3 914 '
105 923 222 972 ,,μεΐς
251 917 476 976 ἡγέοισθε,
517 928 599 968 τοῦ
638 925 684 968 δὲ
721 930 934 970 ναυτικοῦ
964 925 1072 982 ἐγώ·
1121 930 1158 972 εἰ
1187 929 1232 973 δὲ
1260 927 1367 984 ὑμῖν

105 984 269 1043 ,,ἡδονὴ
299 993 378 1033 τοῦ
406 991 517 1035 κατὰ
546 992 777 1037 θάλασσαν
805 994 1098 1051 ἡγεμονεύειν,
1127 1000 1208 1040 τοῦ
1236 1000 1367 1051 πεζοῦ

76 1053 216 1109 6,,ἐγώ
244 1056 374 1101 θέλω,
433 1060 508 1103 καὶ
537 1060 565 1116 ἢ
604 1060 801 1106 τούτοισι
829 1061 963 1119 ὑμέας
990 1063 1132 1120 χρεών
1154 1065 1244 1109 ἐστι
1272 1064 1365 1122 ἀρέ-

101 1264 135 1310 <3
153 1272 256 1319 ξεῖνε
277 1277 510 1328 Σπαρτιῆτα
529 1293 563 1318 κ.
585 1294 618 1321 τ.
634 1281 699 1330 λ.]

43 1327 141 1365 citat
152 1327 245 1367 haec
257 1332 443 1371 Stobaeus
454 1335 579 1373 Serm.
590 1338 698 1385 XIX,

45 1387 95 1425 19
116 1399 154 1435 p·
179 1389 251 1428 171
280 1389 356 1438 (Τ.
372 1392 390 1427 I
409 1394 540 1442 p-379
562 1395 698 1444 Gaisf.)

40 1447 78 1477 et
96 1443 186 1489 XX,
205 1443 257 1485 45
269 1459 308 1496 p.
329 1449 406 1488 173
430 1448 499 1498 (T.
520 1450 539 1485 Ι
564 1464 601 1501 p.
615 1453 697 1492 386

41 1498 194 1550 Gaisf.).
259 1501 323 1539 Ad
363 1506 481 1542 verba
539 1501 698 1547 ὀνείδεα

39 1552 225 1595 κατιόντα
256 1556 468 1615 ἀνθρώπῳ
498 1562 625 1610 φιλέει
655 1563 697 1604 ἐ·-

37 1608 231 1665 πανάγειν
249 1613 320 1655 τὸν
343 1617 481 1668 θυμόν
510 1619 694 1658 Valcken.

38 1669 236 1707 conferens
255 1673 284 1720 I,
306 1675 390 1714 212
411 1674 514 1724 (ubi:
537 1674 691 1716 κατιόν-

35 1739 103 1772 τος
121 1729 194 1766 τοῦ
212 1727 326 1768 οἴνου
348 1729 387 1776 ἐς
406 1729 452 1771 τό
473 1734 601 1782 σῶμα)
624 1735 697 1771 ob-

34 1790 157 1820 servat
168 1782 340 1833 dativum
350 1782 374 1824 ἀ
381 1784 695 1842 νθρώπῳ((]ιιειιι

33 1850 103 1888 pro
120 1837 159 1885 ἐς
189 1836 414 1893 ἄνθρωπον
444 1847 633 1896 accipias)
653 1848 694 1884 in

35 1894 164 1932 medio
183 1899 351 1947 positum
371 1912 492 1952 aeque
504 1904 693 1952 pertinere

34 1949 84 1987 ad
104 1949 319 2005 ἐπανάγειν
340 1962 454 2009 atque
470 1958 518 1994 ad
538 1955 693 1999 κατιόν-

32 2021 101 2054 τα,
133 2021 260 2061 neque
288 2011 379 2048 inde
408 2027 448 2050 se
478 2016 607 2053 mirari
627 2018 689 2065 ait,

31 2064 63 2100 si
90 2066 152 2100 oui
177 2068 324 2116 placeat
353 2065 609 2122 ἀνθρώπων,
647 2081 691 2111 ut

31 2122 202 2159 convicia
221 2137 290 2174 per
310 2138 418 2164 aures
439 2129 607 2166 immissa
628 2129 688 2167 di-

27 2183 165 2215 *cantur
206 2177 392 2222 κατιόντα
429 2185 470 2220 in
496 2193 627 2237 pectus
657 2201 688 2225 s.

30 2231 70 2280 ἐς
97 2230 167 2274 τόν
197 2234 357 2290 θυμόν,
398 2254 488 2278 cum
517 2244 614 2280 iram
644 2245 685 2281 iu

7 2296 205 2342 pectore,
265 2295 514 2346 cupiditatem
559 2301 688 2338 subter

0 2347 3 2353 ’
25 2347 249 2397 praecordia
266 2351 400 2392 locarit
419 2356 542 2394 Plato.
590 2357 687 2395 Mihi

26 2400 122 2440 haec
161 2407 364 2456 speciosius
408 2424 525 2463 quam
562 2416 686 2453 verius

28 2458 216 2511 disputata
252 2463 430 2504 videntur
476 2471 686 2525 malimque

25 2516 66 2553 iu
86 2518 241 2568 vulgata
261 2524 500 2573 acquiescere
516 2527 614 2565 bene
632 2531 684 2567 sic

25 2572 173 2611 reddita
227 2588 249 2612 a
295 2577 682 2632 Schweighaeusero:

26 2632 272 2670 contumeliosa
288 2636 414 2684 verba,
445 2651 534 2687 quae
555 2643 592 2678 in
613 2643 684 2679 ali-

25 2698 123 2736 quem
164 2691 397 2729 coniiciuntur
424 2698 462 2731 et
494 2698 532 2732 in
559 2702 683 2746 pectus

25 2744 98 2783 eius
119 2744 343 2796 descendunt,
374 2750 485 2788 solent
508 2755 599 2791 iram
620 2754 681 2792 ho-

756 1284 862 1320 minis
881 1286 1048 1323 excitare.
1105 1287 1183 1324 Pro
1204 1285 1419 1342 ἐπανάγειν

755 1340 965 1378 Max-claud.
997 1341 1046 1379 ad
1073 1345 1246 1396 Euripid.
1279 1349 1417 1400 Suppl-

756 1398 781 1436 7
786 1398 810 1436 9
839 1400 986 1435 mavult
1006 1398 1231 1453 ἒπενάγειν,
1251 1405 1291 1441 iu
1313 1405 1418 1457 quod

754 1452 859 1489 idem
877 1455 1062 1493 inciderat
1079 1458 1290 1499 Larcherus
1311 1475 1417 1499 com-

753 1522 891 1559 parans
925 1514 1086 1551 verbum
1115 1512 1296 1568 ε’νάγειν,
1337 1533 1414 1571 quo

751 1567 887 1604 Noster
906 1570 1024 1606 utitur
1052 1574 1258 1623 excitandi,
1290 1578 1414 1614 stimu-

753 1623 860 1661 landi
878 1628 1048 1675 notione,
1080 1636 1123 1666 ut
1141 1631 1204 1678 IV,
1227 1635 1294 1673 79.
1319 1632 1412 1676 145.

748 1679 793 1726 V,
818 1680 884 1722 49.
908 1692 960 1711 -s
990 1683 1054 1721 Ad
1072 1699 1233 1738 sequens
1251 1690 1413 1728 verbum

750 1737 1001 1789 περιέχεσθαι
1033 1743 1136 1781 conf.
1168 1746 1234 1793 III,
1267 1745 1335 1787 53.
1364 1747 1410 1796 V,

806 1848 892 1888 ἐπεί
912 1865 954 1891 τε
982 1850 1080 1904 ὑμῖν
1115 1853 1140 1894 ὅ
1164 1852 1280 1908 λόγος
1304 1854 1408 1898 οὕτω

749 1904 980 1957 προσάντης
1010 1911 1261 1962 κατίσταται]
1300 1916 1408 1953 Bene

750 1961 1154 2015 Schweighaeuserus:
1168 1969 1408 2022 Quandoqui-

749 2019 824 2057 dem
853 2021 909 2059 laic
934 2035 1042 2061 sermo
1073 2039 1103 2062 s.
1135 2026 1220 2065 haec
1254 2031 1407 2068 conditio

747 2077 842 2114 vobis
852 2079 903 2128 fit
924 2083 997 2118 tam
1009 2081 1204 2122 ανιΙιια.ῃ
1224 2084 1285 2122 Ad
1296 2100 1403 2139 seqq.

745 2131 782 2171 εἰ
807 2131 850 2172 δὲ
868 2134 966 2186 ν”μῖν
977 2136 1106 2191 ἡδονὴ
1123 2142 1224 2179 conf.
1244 2144 1307 2192 IV,
1325 2147 1402 2185 139

745 2196 782 2227 et
800 2191 880 2239 VII,
907 2192 1084 2235 15.101.

799 2245 925 2300 χρεών
944 2249 1023 2290 ἐστι
1038 2247 1295 2305 ἀρέσκεσθαι]
1311 2257 1401 2308 ’χρε-

744 2300 803 2343 ω“ν
842 2303 905 2343 hic
943 2309 1080 2362 reliqui
1127 2312 1176 2347 ob
1215 2313 1399 2350 librorum

744 2374 987 2406 consensum.
1067 2368 1244 2419 Namque
1299 2383 1398 2408 unus

743 2417 860 2456 modo
896 2421 1086 2460 Sancrofti
1123 2425 1220 2462 liber
1269 2426 1397 2477 χρέον.

741 2474 828 2512 Vid.
847 2484 944 2514 nott.
965 2478 1013 2515 ad
1044 2481 1089 2529 V,
1112 2479 1178 2520 49.
1235 2484 1311 2519 Pro
1349 2478 1397 2522 ἀ-

743 2530 956 2583 ρέσκεσθαι
996 2534 1072 2573 duo
1113 2536 1225 2575 codd.
1256 2535 1395 2587 ἀρκέε-

743 2592 867 2640 σθαι,
900 2590 1005 2641 quod
1035 2593 1143 2630 Valla
1173 2595 1225 2630 sic
1265 2597 1390 2633 vertit:

739 2644 825 2683 haec
863 2647 958 2684 vobis
991 2653 1120 2697 oportet
1146 2650 1290 2699 placeat
1311 2665 1392 2689 con-

739 2701 842 2740 ditio.
914 2704 1090 2741 Eandem
1128 2708 1391 2746 confusionem

738 2770 760 2793 e
780 2759 946 2797 Stobaeo
981 2761 1010 2808 I,
1047 2764 1098 2802 10
1124 2776 1163 2813 p.
1186 2761 1223 2812 4,
1244 2768 1298 2806 27
1319 2766 1389 2815 (T.
