1897 3249
395 207 1048 248 TERPSICHORE.
1105 207 1151 243 V.
1350 206 1405 246 17

117 320 354 376 Βούδεμιῆς
379 318 655 375 προσέχρῃζε·
687 315 816 358 αἰτέει
845 316 892 359 δὲ
916 314 1153 373 Μύρκινον
1180 311 1740 381 τήνἨδω-Ιῦζξέζῇῗῑέῗίοῐῇῗξζ

143 391 255 437 νίδα,
286 385 559 444 βουλόμενος
597 385 643 428 ἐν
674 382 786 440 αὐτῇ
815 382 944 426 πόλιν
973 385 1128 426 κτίσαι.
1170 378 1299 433 οὗτος
1329 382 1408 438 μὲν
1464 381 1582 408 meum
1597 380 1722 408 ‘¹⁰¹¹affl·

144 454 198 511 δή
227 454 390 509 ταύτην
423 452 626 508 αἱρέεται.
677 450 701 494 ὁ
734 450 780 493 δὲ
808 450 958 506 Κώης,
991 449 1062 495 οἶά
1093 467 1138 494 τε
1168 448 1222 493 οὐ
1253 448 1407 504 τύραν-

140 539 220 574 νος
250 520 440 578 δημότης
467 537 512 564 τε
536 519 632 572 ἐών,
664 517 795 562 αἰτέει
820 518 1079 576 Μυτιλήνης
1100 522 1407 574 τυραννεῦσαι.

140 591 434 634 τελεωθέντων
464 588 509 632 δὲ
541 586 840 644 ἀμφοτέροισι,
875 581 996 630 οὗτοι
1024 587 1102 642 μὲν
1131 587 1242 630 κατα
1271 585 1324 629 τοὶ
1354 587 1408 630 εἴ-

26 657 86 702 12
143 663 271 703 λοντο
300 656 554 711 ἐτράποντο.
612 661 807 709 Δαρεῖον
846 655 892 699 δὲ
932 655 1181 711 συνήνεικε,
1228 657 1406 709 πρῆγμα

141 725 313 771 τοιόνδε
343 723 571 780 ἰδόμενον,
605 723 876 780 ἐπιθυμῆσαι
907 722 1180 766 ἐντείλασθαι
1199 720 1403 779 Μεγαβά-

142 799 220 853 ζῳ,
262 795 459 844 Παίονας
496 790 650 835 ἑλόντα
697 790 1003 840 ἀνασπάστους
1032 793 1211 845 ποιῆσαι
1251 790 1297 832 ἐκ
1330 793 1406 845 τῆς

1465 648 1534 682 Qua
1551 657 1585 676 re
1608 652 1706 677 motus

1463 683 1667 718 Megabazum

1417 717 1603 760 ooPaeones
1623 726 1658 745 ex
1677 716 1740 744 Eu-

1415 749 1437 761 *
1462 760 1539 787 ropa
1549 752 1580 778 vi
1596 751 1739 778 abductos

1462 785 1494 812 in
1517 785 1618 812 Asiam
1642 789 1741 812 trans-

1464 818 1550 846 ferre
1571 819 1705 846 iusserit.

86 982 153 1020 ges
175 982 250 1017 eos,
282 970 348 1021 qui
368 969 465 1005 bene
488 967 534 1004 de
553 967 643 1018 ipsis
654 980 747 1018 pro-

84 1028 211 1063 meriti
232 1033 373 1073 essent,
404 1025 543 1061 eximie
563 1037 746 1060 remune-

83 1090 269 1120 rarentur.
343 1083 494 1119 Monuit
531 1082 746 1117 Brissonius

82 1141 141 1176 De
168 1152 248 1189 reg.
270 1141 373 1178 Pers.
404 1140 526 1189 princ.
558 1139 578 1173 I
601 1138 640 1183 §.
665 1140 744 1178 138

85 1197 171 1234 coll.
198 1203 295 1233 nott.
327 1195 376 1233 ad
395 1193 538 1232 Herod.
558 1196 624 1241 ΠΙ,
651 1193 744 1235 140.

152 1293 370 1350 Μύρκινον
409 1293 485 1348 τήν
517 1291 744 1345 Ἠδωνίδα]

85 1354 187 1392 Olim
206 1358 286 1394 τῶν
297 1354 506 1393 Ἠδωνῶν.
537 1353 648 1390 Conf.
666 1355 748 1389 He-

83 1411 219 1459 rod-V,
235 1411 326 1452 124.
356 1410 467 1456 Quod
485 1424 589 1447 nuuc
610 1424 630 1447 e
649 1409 749 1447 duo-

84 1469 154 1506 bus
187 1467 300 1505 codd.
333 1475 529 1519 receptum
553 1474 626 1504 est:
673 1464 749 1518 τήν

89 1520 297 1572 Ἡδωνίδα,
318 1524 500 1576 Aeschyli
512 1525 597 1561 loco
616 1524 749 1561 firma-

93 1588 156 1619 tur
175 1583 216 1618 iu
231 1583 335 1618 Pers.
356 1581 451 1629 495,
471 1582 537 1618 ubi
553 1577 749 1620 Ἠδωνίδα

85 1634 192 1686 αἶαν,
210 1639 296 1676 coll.
313 1639 448 1675 Tzetz.
464 1637 561 1675 Chil.
572 1639 639 1686 III,
651 1637 747 1679 508.

82 1696 152 1743 IX,
174 1698 269 1743 221,
289 1695 357 1732 ubi
384 1698 601 1745 Μυρκῖνος
625 1693 745 1734 Ἠδω-

83 1747 174 1799 νόςι
215 1751 262 1789 de
292 1764 370 1804 quo
400 1752 500 1789 conf.
530 1750 678 1789 Duker.
707 1759 744 1789 et

83 1810 220 1859 Poppo
242 1807 291 1845 ad
310 1807 533 1860 Thucydid.
564 1809 629 1856 IV,
664 1811 744 1849 102

84 1878 173 1916 pag.
195 1865 275 1906 625
298 1864 357 1902 ed.
375 1866 530 1902 Gerv'm.
559 1867 638 1902 Nec
654 1877 744 1901 saue

87 1920 299 1972 quidquam
327 1922 469 1968 obstat,
510 1934 586 1973 quo
615 1922 744 1957 miuus

86 1976 326 2013 Herodotum
353 1984 518 2028 utroque
547 1977 664 2014 modo
685 1977 747 2013 lo-

86 2041 220 2071 cutum
255 2047 333 2070 esse
362 2041 554 2084 putemus.
612 2035 746 2085 Itaque

83 2089 125 2127 id
164 2091 379 2141 sequimur,
429 2089 534 2141 quod
560 2091 746 2127 librorum

85 2153 321 2184 vetustorum
342 2148 564 2183 auctoritate
574 2148 746 2183 maxime

83 2205 226 2241 nititur.
256 2202 372 2254 Apud
389 2202 663 2255 Thucydidem
682 2204 747 2252 IV,

87 2262 165 2301 107
184 2261 323 2311 legitur
336 2256 547 2312 Μύρκινος
560 2262 630 2310 (ita
642 2261 745 2296 euim

85 2317 329 2354 scribendum
351 2330 429 2354 esse
449 2330 518 2367 pro
529 2320 747 2369 Μνρκῖνος

86 2372 226 2411 docent
267 2375 517 2424 interpretes)
548 2369 743 2424 Ἠδωνικὴ

85 2425 218 2478 πόλις,
260 2437 297 2467 et
325 2429 428 2481 apud
447 2430 603 2468 Diodor.
625 2431 745 2468 Sicul.

84 2487 172 2534 XII,
205 2488 258 2527 68
294 2481 513 2527 Ἠδωνικόν
552 2483 746 2537 πολισμά-

85 2558 181 2582 τιον.
242 2543 468 2580 Teuuerunt
499 2543 640 2581 Edones
673 2557 745 2594 po-

85 2600 275 2637 tissimum
294 2600 379 2636 loca
398 2601 591 2637 maritima
602 2601 648 2637 ab
666 2601 750 2641 ori-,

86 2663 172 2693 ente
186 2657 401 2708 Strymonis
421 2657 525 2694 fluvii
547 2656 614 2706 (ad
628 2670 745 2709 quem

85 2713 212 2763 ipsum
247 2712 437 2764 IlIyrcinus
458 2721 645 2750 exstructa
674 2714 745 2751 fuit

85 2768 192 2806 haud
215 2770 330 2819 longe
360 2770 406 2806 ab
438 2769 663 2821 Amphipoli
681 2783 744 2807 se-

87 2827 345 2876 ptentrionem
356 2827 515 2877 versus),
536 2828 636 2864 intus
650 2839 743 2878 por-

145 2883 365 2920 Hmzono‘r.
395 2885 461 2920 ΠΙ.

804 974 905 1003 recta
926 965 975 1003 ad
995 966 1178 1002 Orbehun
1209 978 1330 1017 usque
1350 965 1467 1001 mo'n-

802 1031 895 1060 tem.
955 1022 1067 1060 Couf.
1089 1023 1262 1058 Gatterer
1281 1023 1307 1058 l.
1328 1022 1354 1057 l.
1375 1034 1465 1071 pag.

803 1082 1011 1121 99—101
1035 1079 1121 1116 coll.
1141 1091 1230 1129 pag.
1254 1081 1320 1119 67.
1350 1079 1466 1114 Man-

801 1144 898 1174 nert.
921 1138 1061 1186 Geogr.
1082 1136 1152 1172 VII
1180 1149 1220 1185 p.
1250 1132 1345 1175 240.
1403 1133 1466 1171 Ad

801 1206 939 1231 vocem
961 1190 1140 1243 δημότης
1159 1194 1201 1228 iu
1232 1204 1340 1243 seqq.
1362 1191 1465 1228 conf.

801 1252 848 1299 ΙΙ,
874 1253 924 1292 17
928 1254 954 1291 2
972 1251 1101 1302 ibique
1121 1255 1219 1285 nott.

859 1350 1135 1391 τελεωθέντων
1157 1347 1200 1389 δὲ
1221 1345 1464 1403 ἀμφοτέροι-

806 1410 872 1458 σι]
902 1410 928 1446 i.
951 1423 984 1446 e.
1008 1408 1094 1446 Cum
1115 1420 1179 1445 rex
1197 1409 1381 1457 utriusque
1405 1419 1465 1444 vo-

806 1469 854 1504 tis
874 1468 1076 1513 annuisset,
1107 1477 1184 1502 cum
1211 1466 1351 1514 utrique
1389 1461 1464 1515 (ea,

807 1537 905 1575 quae
928 1524 1087 1575 quisque
1121 1522 1308 1573 petierat)
1339 1534 1363 1558 a
1383 1533 1466 1570 rege

806 1593 967 1618 concessa
987 1593 1017 1617 s.
1033 1578 1192 1630 perfecta
1203 1581 1324 1615 essent.
1356 1576 1466 1614 Idem

804 1638 967 1674 verbtun
1003 1637 1118 1688 paulo
1155 1636 1262 1672 aliter
1289 1636 1356 1683 111,
1387 1637 1461 1692 βὸ.

805 1695 911 1740 Quae
931 1700 1144 1745 sequuntur
1169 1693 1314 1729 verba:
1353 1693 1466 1730 οὑτοι

802 1750 874 1803 μὲν
888 1748 987 1790 nocto}
1008 1747 1056 1789 τοέ
1082 1750 1233 1789 εἵλοντο
1247 1745 1465 1799 ἐτράποντο

802 1809 853 1857 (i.
883 1822 916 1844 e.
944 1808 1067 1858 prouti
1110 1806 1308 1854 elegerant,
1355 1817 1393 1841 eo
1430 1817 1465 1840 se

801 1867 1037 1902 converterunt
1058 1859 1233 1912 quisque),
1246 1862 1285 1896 in
1296 1862 1339 1897 iis
1352 1861 1466 1897 Stru-

800 1922 863 1958 vio
891 1922 932 1957 in
954 1921 1106 1965 Quaest.
1129 1918 1175 1955 de
1203 1916 1353 1954 dialect.
1383 1918 1465 1953 He-

802 1977 884 2014 rod.
900 1977 1013 2027 Spec.
1024 1976 1042 2011 I
1056 1989 1094 2025 p.
1108 1977 1161 2015 36
1184 1975 1322 2025 placet,
1336 1973 1465 2011 delere

803 2034 1006 2070 articulum
1027 2028 1088 2078 τοὶ,
1111 2044 1201 2067 cum
1222 2027 1322 2069 κατοὶ
1364 2028 1464 2081 (pro

802 2088 932 2140 καθά)
954 2089 1122 2140 positum
1141 2088 1188 2124 sit
1217 2100 1286 2139 pro
1307 2084 1401 2126 καθ’
1426 2084 1463 2135 ἃ,

804 2160 875 2183 nec
911 2146 1069 2183 01m1ino
1100 2145 1329 2195 praepositio
1363 2141 1463 2183 κατά

803 2202 906 2254 apud
934 2200 1175 2239 Herodotum
1205 2214 1291 2238 eam
1322 2199 1465 2237 admit-

801 2267 855 2297 tat
867 2261 1011 2297 relativi
1021 2259 1199 2305 formam,
1223 2270 1321 2309 quae
1337 2271 1358 2294 a
1369 2271 1465 2295 con-

801 2324 961 2354 sonante
997 2316 1165 2365 incipiat.
1224 2317 1300 2352 Nos
1332 2322 1463 2352 contra

802 2373 914 2411 codd.
947 2371 1043 2409 nihil
1079 2374 1117 2407 in
1149 2372 1285 2410 talibus
1316 2373 1464 2408 immu-

801 2437 881 2467 tare
902 2431 982 2468 ausi
1002 2442 1145 2467 sumus.

1030 2520 1123 2570 Cap.
1145 2519 1232 2555 XII.

861 2600 1041 2645 Παίονας
1088 2593 1228 2637 ἑλόντα
1276 2590 1461 2634 ἀνασπά-

801 2668 918 2703 στους
937 2655 1128 2707 ποιῆσαι]
1162 2656 1219 2691 De
1250 2652 1321 2689 hac
1351 2652 1461 2687 locu-

798 2715 904 2750 tione
941 2714 1161 2749 monuimus
1193 2709 1241 2747 ad
1271 2709 1335 2755 IV,
1365 2706 1460 2748 204.

799 2769 985 2807 Videntur
1007 2768 1162 2806 Paeones
1183 2764 1368 2802 Herodoti
1392 2776 1458 2799 ae-

798 2833 875 2864 tate
913 2838 1071 2864 omnem
1104 2824 1267 2860 tenuisse
1296 2827 1459 2858 tractum

1158 2882 1184 2919 2
