1834 3258
588 234 889 271 ERATO.
949 235 1020 272 VI.

1352 239 1436 278 363

172 345 372 401 γενεέων,
405 341 570 398 ἐγένετο
601 342 718 386 πλέω
758 342 871 387 κακοὶ
912 348 963 401 τῇ
997 342 1166 387 Ἑλλάδι
1204 343 1231 400 ἦ
1269 344 1337 388 ἐπὶ
1377 347 1435 388 εἴ-

172 423 268 456 κοσι
295 411 425 461 ἄλλοις
454 408 603 465 γενεὰς
631 409 708 461 τὰς
737 411 822 465 πρὸ
853 413 1050 464 Δαρείου
1078 412 1339 467 γενομένας·

1381 412 1491 455 τοὶ15

171 480 260 536 μὲν,
290 477 377 522 ἆπὸ
407 483 495 522 τῶν
526 478 735 531 Περσέων
765 478 876 536 αὐτῇ
905 479 1142 536 γευόμενα,
1173 479 1224 523 τὰ
1256 482 1321 532 δὲ,
1353 479 1434 524 ἀπ’

170 546 315 591 αὐτῶν
343 550 433 590 τῶν
462 548 748 602 κορυφαίων,

141 618 275 658 4των.

791 548 888 602 περὶ
925 552 1001 604 τῆς
1031 545 1165 603 ἀρχῆς
1201 548 1436 604 πολεμεόν-

325 614 439 657 οὕτω
471 612 602 657 οὐδὲν
639 609 696 671 ἦν
739 613 878 666 ἀεικὲς
913 620 1150 672 κινηθῆναι
1181 620 1352 672 Δῆλον,
1382 617 1432 660 τό

166 684 271 736 πρὶν
314 683 475 726 ἐοῦσαν
516 682 734 738 ἀκίνητον.
776 684 849 727 καὶ
880 683 926 726 ἐν
956 685 1133 739 χρησμῷ
1164 679 1219 739 ἦν
1249 702 1434 742 γεγραμ-

168 751 302 807 μένον
331 751 426 804 περὶ
454 750 590 807 αὐτῆς
618 746 723 794 ὧδε·

331 829 480 875 Κινήσω
503 830 566 865 καὶ
589 832 737 880 Δῆλον,
761 829 938 876 ἀκίνητόν
961 843 1029 876 περ
1054 829 1200 866 ἐοῦσαν.
1445 835 1490 868 20

111 1026 159 1065 de
197 1025 310 1065 huius
349 1031 518 1067 nominis
548 1031 695 1067 ratione
727 1044 771 1069 ac

108 1091 294 1137 potestate
345 1087 594 1138 proferemus.
672 1089 771 1125 Cae-

108 1150 233 1179 terum
267 1146 420 1194 egregie
439 1145 566 1183 valere
586 1142 690 1182 hunc
710 1146 771 1182 lo-

108 1212 199 1236 cum
229 1199 278 1237 ad
297 1199 475 1238 historiae
506 1201 553 1238 ab
573 1201 770 1240 Herodoto

107 1259 342 1309 conscriptae
361 1265 532 1310 tempora
554 1257 771 1297 definienda

107 1327 224 1352 nemo
239 1328 320 1352 nou
336 1315 453 1353 videt.
511 1317 689 1368 Namque
710 1324 770 1354 et-

107 1374 186 1409 iam
212 1373 302 1409 belli
321 1373 637 1424 Peloponnesiaci
666 1374 770 1410 mala

109 1437 147 1466 et
167 1429 396 1467 calamitates
415 1429 479 1467 hic
490 1428 661 1478 indicari,
678 1431 768 1467 nul-

106 1487 190 1523 lum
216 1485 390 1525 dubium.
449 1487 508 1524 Cf.
531 1485 765 1524 Dahlmann.

105 1544 146 1581 in
166 1543 351 1581 Herodot.
352 1558 419 1612 ,ΣΡ
431 1543 499 1584 42.
521 1564 574 1572 ·—-
604 1546 765 1612 Inseqq

107 1599 196 1639 dedi
225 1595 288 1639 ἄπ’
309 1596 443 1640 αυτῶν
480 1601 567 1652 (pro
589 1596 765 1656 αυτέων)

103 1672 187 1697 των
215 1658 464 1709 κορυφαίων.
522 1658 624 1696 Sunt
652 1670 766 1696 vero:

107 1714 148 1755 οἱ
180 1719 400 1766 κορυφαῖοι
448 1716 549 1753 cives
599 1718 770 1767 pri'marzi

102 1773 276 1822 principes
294 1774 335 1808 in
355 1773 512 1822 singulis
539 1773 765 1822 civitatibus,

104 1835 148 1866 ut
173 1829 236 1875 VI,
266 1832 333 1875 23,
362 1830 430 1866 ubi
448 1827 527 1869 vid.

164 1880 258 1924 ου’δὲ
262 1900 284 1923 ν
309 1880 363 1934 ἧν
386 1881 543 1934 οἷεικὲς]
590 1887 618 1923 i.
644 1899 679 1926 e.
712 1887 766 1923 ita

105 1942 196 1980 mhil
225 1943 350 1979 mirum
375 1945 476 1987 erat,
523 1954 591 1979 non
622 1946 766 1992 praeter

105 2001 274 2036 rationem
300 1997 492 2036 accidebat.
552 1998 663 2037 Conf.
698 2000 765 2045 ΙΠ,

106 2058 172 2096 33.
221 2054 332 2100 Quod
361 2056 530 2107 sequitur
560 2050 763 2105 ἀκίνητον,

105 2114 281 2150 immotam
300 2110 443 2149 indicat
461 2113 649 2160 insulam,
679 2113 705 2150 i.
729 2126 763 2149 e.

102 2169 341 2207 nulloterrae
385 2176 497 2206 motu
536 2181 763 2221 conquassa-

102 2232 206 2274 tam,
235 2227 307 2262 nisi
327 2224 400 2263 hac
419 2238 535 2275 voce,
553 2237 652 2278 quae
675 2238 764 2263 ora—

102 2283 180 2320 culi
199 2284 239 2319 in
267 2295 380 2320 versu
407 2282 534 2320 denuo
556 2284 762 2332 invenitur,

102 2340 216 2376 simul
243 2339 292 2376 ad
311 2352 399 2377 eam
426 2339 672 2377 traditionem
697 2353 762 2376 re-

102 2397 194 2446 spici
226 2403 356 2448 putes,
397 2395 501 2448 quod
520 2398 641 2434 insula
670 2398 761 2434 olim

102 2465 198 2503 vaga
214 2483 224 2502 ,
255 2452 344 2489 dein
365 2453 536 2491 consedit
555 2467 586 2491 S.
608 2450 760 2505 ἐστήρι-

102 2524 202 2548 κται.
258 2511 316 2546 De
338 2521 414 2561 quo
429 2511 532 2548 conf.
548 2511 759 2548 Gottleber.

104 2566 152 2603 ad
179 2564 400 2618 Thucydid.
438 2569 486 2615 Π,
528 2570 568 2609 8.
644 2567 760 2619 Apud

102 2622 342 2661 Herodotum
369 2627 571 2662 κινεῖσθαι
600 2626 665 2662 vix
686 2624 762 2662 dif-

102 2680 172 2717 fert
204 2693 226 2717 a
259 2682 483 2731 σεισθῆναι,
522 2683 634 2718 terme
669 2684 762 2720 ηιοία

103 2740 249 2776 concuti.

160 2791 328 2846 Κινήσω
353 2792 415 2832 καὶ
450 2796 585 2845 Δῆλον
602 2808 638 2832 κ.
651 2809 683 2832 τ.
704 2796 759 2844 λ.]

103 2849 263 2888 Versum
273 2849 388 2888 habet
408 2849 578 2888 Eustath.
597 2849 643 2888 ad
665 2852 760 2889 Dio-

827 1042 910 1081 nys.
933 1029 1030 1070 525.
1088 1031 1213 1076 Quem
1233 1029 1400 1067 eundem
1411 1044 1488 1067 una

827 1099 917 1123 cum
930 1087 1053 1124 verbis
1066 1086 1397 1125 antecedentibus:
1421 1087 1490 1127 καὶ

828 1141 871 1182 ἕν
905 1146 1073 1212 χρησμῷ
1105 1137 1168 1194 ἦν
1216 1143 1489 1196 γεγραμμένον

827 1198 918 1251 περὶ
951 1195 1077 1251 αὐτῆς
1111 1196 1190 1240 ὦδε
1218 1215 1286 1252 pro
1308 1203 1488 1252 suspectis

826 1255 959 1294 habuit
977 1258 1269 1308 Wesselingius,
1301 1272 1415 1310 quem
1426 1272 1488 1295 se—

827 1321 935 1351 cutus
962 1313 1145 1352 Matthiae
1172 1317 1280 1352 uncis
1309 1314 1405 1352 haec
1425 1317 1487 1352 iu—

825 1371 958 1419 clusit,
991 1372 1128 1424 quibus
1149 1385 1221 1422 ego
1239 1371 1366 1410 denuo
1388 1372 1487 1409 libe-

825 1429 924 1477 ravi,
981 1442 1071 1465 cum
1118 1431 1226 1466 nulla
1263 1430 1486 1480 suspicionis

825 1498 938 1522 causa
956 1486 1054 1523 iusta
1072 1485 1169 1523 mihi
1198 1494 1408 1538 appareret.
1430 1509 1487 1514 --

825 1541 938 1588 Quod
965 1555 1055 1580 vero
1086 1543 1190 1595 apud
1208 1543 1388 1581 historiae
1415 1557 1487 1595 pa-

823 1606 923 1636 trem
944 1601 1108 1649 oracula,
1129 1608 1316 1653 portenta‚
1327 1603 1487 1648 somnia,

826 1657 899 1694 alia
927 1656 967 1694 id
986 1670 1127 1708 genus,
1159 1671 1258 1711 quae
1281 1656 1486 1709 Thucydi-

826 1712 892 1751 des
920 1715 982 1752 vel
1014 1728 1167 1766 prorsus
1195 1717 1314 1753 tacuit
1341 1716 1403 1752 vel
1422 1728 1486 1752 ra-

823 1772 902 1808 rius
931 1778 1032 1809 certe
1075 1771 1268 1820 adhibuit,
1308 1771 1486 1809 historiae

823 1829 1008 1878 gravitate
1027 1828 1188 1879 indigna
1211 1830 1302 1866 talia
1323 1842 1401 1866 esse
1421 1841 1486 1866 ra-

823 1891 899 1933 tus,
919 1885 1156 1937 frequentius
1173 1898 1485 1923 commemoran-

821 1948 907 1989 tur,
936 1940 978 1978 id
999 1941 1197 1979 Herodoto
1218 1944 1309 1980 vitio
1337 1950 1486 1980 vertere

821 1998 1002 2036 nolumus
1032 2010 1160 2051 neque
1197 2001 1370 2050 scriptori
1398 1999 1486 2037 dili-

821 2055 1043 2105 gentissimo
1064 2063 1178 2108 atque
1191 2058 1406 2094 cautissimo
1418 2070 1484 2094 su-

820 2113 1049 2162 perstitionis
1089 2112 1368 2151 credulitatisve
1409 2128 1484 2151 no-

819 2175 900 2205 tam
919 2171 1092 2208 inurere:
1114 2169 1155 2207 id
1184 2170 1290 2222 quod
1310 2171 1484 2208 fecerunt

820 2226 1074 2279 alii.Namque
1083 2234 1126 2264 ut
1138 2226 1331 2265 diversum
1341 2230 1483 2266 utrius-

820 2295 896 2335 que
930 2285 1122 2335 scriptoris
1150 2291 1300 2322 taceam
1329 2287 1483 2323 incon-

818 2340 1018 2377 scribenda
1065 2339 1223 2379 historia
1278 2343 1480 2380 consilium

817 2396 1000 2449 idemque
1010 2399 1211 2448 ingenium
1221 2400 1390 2436 maxime
1403 2399 1481 2436 dis—

817 2466 886 2504 par
906 2454 974 2502 (de
994 2468 1072 2507 quo
1090 2456 1200 2506 plura
1226 2456 1309 2507 ipse
1339 2458 1480 2494 excitat

816 2510 1044 2562 Valcken.),
1074 2512 1290 2550 Herodotus
1317 2526 1387 2564 pro
1419 2526 1474 2559 ea,

817 2580 916 2620 quae
934 2570 1050 2606 totius
1070 2571 1194 2620 operis
1214 2570 1286 2607 fuit
1309 2582 1474 2616 summa,

819 2638 937 2677 quam
963 2627 1133 2663 maxime
1161 2639 1313 2664 necesse
1343 2624 1476 2663 habuit

818 2683 907 2719 talia
936 2682 1098 2731 referre,
1131 2696 1151 2719 e
1180 2684 1315 2734 quibus
1347 2683 1475 2735 aliquo

818 2746 919 2776 certe
937 2739 1055 2777 modo
1084 2739 1202 2776 divini
1230 2740 1399 2777 numinis
1428 2739 1476 2777 ad

818 2807 952 2833 omnes
969 2809 1026 2834 res
1047 2794 1233 2833 humanas
1253 2796 1310 2834 vis
1330 2797 1476 2848 perspi-

816 2860 974 2890 ceretur.
