1834 3258
437 208 915 247 POLYMNIA.
974 209 1080 247 VII.

105 334 288 379 ,,σχομαι
335 317 426 370 οἷός
471 334 516 362 τε
567 317 679 363 εἶναι
729 317 969 375 μάχεσθαι,

1281 209 1364 248 591

1034 317 1136 363 οὔτε
1193 319 1338 362 δυοῖσι
1351 330 1361 340 ·

77 389 250 444 4,,ἕκαίν
278 404 322 431 τε
346 386 458 431 εἶναι
487 385 583 431 οὐδ’
612 387 669 431 ἂν
694 387 1052 444 μουνομαχέοιμι.
1111 388 1148 430 εἰ
1186 386 1231 430 δὲ
1261 383 1366 428 ἀνα·

104 458 261 514 ,,γκαίη
290 458 367 513 εἴη,
400 455 426 510 ἢ
456 456 587 511 μέγας
615 472 678 507 τις
708 455 731 500 ὁ
762 455 1018 510 ἐποτρύνων
1054 453 1186 511 ἀγών,
1217 454 1362 509 μαχοί-
1375 457 1418 493 55

104 542 215 583 ,,μην
258 525 314 568 ἂν
359 523 535 567 πάντων
572 523 729 581 ἥδιστα
757 523 821 567 ἐνὶ
860 523 1028 567 τούτων
1055 526 1146 566 τῶν
1175 520 1365 578 ἀνδρῶν,

103 597 173 647 ,,οἳ
209 590 428 650 Ἑλλήνων
468 591 648 644 ἕκαστός
676 604 786 650 φησι
813 593 952 647 τρι-ὦν
981 591 1102 643 ἄξιος
1123 588 1247 635 εἶναι.
1307 589 1366 641 ὥς

102 663 174 715 ,,δὲ
213 662 285 705 καὶ
323 660 691 716 Λακεδαιμόνιοι,
733 659 843 704 κατὰ
876 661 956 716 μὲν
986 659 1063 703 ἕνα
1092 659 1363 716 μαχεόμενοι,

101 730 338 785 ,,ούδαμῶν
368 729 447 773 εἰσὶ
477 730 676 780 κακίονες
707 728 902 784 ἀνδρῶν·
943 727 1062 779 ἁλέες
1093 728 1164 780 δὲ,
1196 727 1367 782 ἄριστοι

73 797 314 853 5,,οἷνδρῶν
345 796 562 841 ἁπάντων.
591 795 844 852 Ἐλεύθεροι
871 795 955 851 γάρ
987 795 1141 849 ἐόντες,
1173 794 1229 839 οὐ
1258 792 1367 838 ποίν-

100 884 180 919 ,,τα
211 865 434 921 ἐλεύθεροί
463 868 568 909 εἰσι·
626 865 768 910 ἔπεστι
794 864 880 922 γάρ
911 875 990 920 σφι
1019 863 1249 920 δεσπότης,
1287 859 1424 905 νό-60

100 952 219 991 ,,μος,
253 932 331 977 τὸν
370 933 734 990 ὑποδειμαίνουσι
772 935 917 991 πολλῷ
947 933 1006 975 ἔτι
1036 935 1224 988 μᾶλλον,
1264 929 1294 986 ἢ
1324 929 1368 972 οἱ

70 1003 202 1055 6,,σοὶ
233 1001 292 1046 σέ.
350 1004 524 1046 ποιεῦσι
552 1006 644 1058 γῶν
673 1002 728 1046 τοὶ
759 1002 815 1046 ἂν
844 1001 1008 1051 ἐκεῖνος
1038 999 1210 1057 ἀνώγῃ·
1243 995 1365 1042 οἰνώ-

99 1086 191 1126 ,,γει
220 1070 266 1114 δὲ
295 1068 434 1114 τώυτό
466 1071 562 1122 αἰεὶ,
592 1070 676 1114 οὐκ
705 1072 791 1115 ἐῶν
819 1067 999 1127 φεύγειν
1029 1067 1161 1112 οὐδὲν
1197 1070 1367 1123 πλῆθος

99 1136 378 1194 »ἀνθρώπων
415 1138 463 1183 ἐκ
505 1139 665 1196 μάχης,
703 1137 810 1182 ἀλλὰ
839 1137 1052 1196 μένοντας
1081 1138 1128 1181 ἐν
1156 1141 1209 1195 τῇ
1237 1134 1367 1188 τάξει,

45 1206 396 1263 ,7,,έπικρατέειν
443 1205 473 1265 ἢ
520 1205 808 1252 ἀπόλλυσθαι.
868 1207 939 1251 σοὶ
990 1208 1037 1251 δὲ
1075 1207 1112 1250 εἰ
1152 1206 1422 1262 φαίνομαι65

101 1416 157 1460 οἳ,
179 1411 381 1467 Ἑλλήνων
418 1412 576 1464 ἓᾎιαστὸς
604 1428 706 1467 φησι

43 1475 162 1525 τριῶν
187 1469 298 1520 ἅξιος
327 1469 455 1522 εἶναι]
489 1474 590 1512 Cave
611 1475 707 1510 scri-

43 1530 109 1567 bas
154 1530 257 1579 φασί
304 1543 373 1581 pro
414 1531 527 1582 φησί.
617 1529 704 1568 Vid.

40 1584 178 1624 Matth.
200 1587 267 1624 Gr.
289 1588 355 1627 Gr.
385 1588 421 1633 ξ.
445 1590 525 1628 302
547 1600 586 1638 p.
608 1590 704 1636 602,

42 1644 109 1696 qui
127 1642 232 1680 idem
251 1657 338 1695 pag.
364 1645 469 1685 1228
500 1644 706 1681 consulen-

41 1699 112 1738 dus
132 1699 181 1738 ad
200 1713 313 1738 voces
335 1698 446 1748 ἄξιος
467 1698 704 1752 (quodidem

41 1755 81 1794 h.
103 1758 130 1795 l.
149 1758 252 1796 valet
271 1765 385 1810 atque
408 1753 620 1808 ἀντάξιος)
647 1754 707 1797 εἷ·-

41 1829 109 1854 νοιι
129 1813 265 1865 θῆρες.
289 1813 397 1855 1154
413 1815 452 1860 §.
469 1815 548 1856 581
572 1814 620 1852 ad
630 1827 705 1852 vo-

42 1884 103 1908 ces
124 1869 246 1909 κατοὶ
267 1868 340 1922 μὲν
363 1870 432 1909 ἕνα
452 1866 703 1922 μαχεόμενοι.

40 1926 103 1964 Ad
122 1926 222 1964 hanc
242 1940 333 1966 vero
352 1929 491 1964 Xerxis
509 1929 704 1978 magnilo-

41 1985 239 2036 quentiam
259 1991 345 2035 apte
361 1984 508 2021 confert
516 1983 705 2022 Valcken.

39 2042 250 2078 Pausaniae¹
276 2042 340 2087 VI,
362 2040 386 2082 5
409 2042 445 2086 ξ.
469 2043 494 2081 3
515 2042 706 2078 narratio-

40 2110 132 2134 nem
183 2097 231 2135 de
271 2096 553 2150 Polydamante
576 2128 586 2146 ,
636 2099 704 2150 qui

38 2168 138 2192 unus
158 2167 248 2192 cum
267 2155 386 2192 tribus
406 2155 530 2192 Persis
551 2168 601 2192 ex
620 2157 703 2192 lm-

38 2212 260 2249 mortalium
280 2210 437 2250 cohorte
450 2218 596 2249 certans
608 2225 703 2264 pro-

41 2270 172 2308 stravit
187 2269 284 2308 illos.

99 2379 231 2420 ἕπεστι
239 2376 315 2434 γάρ
328 2393 402 2432 σφι
412 2378 619 2433 δεσπότης,
631 2378 703 2423 νό-

42 2437 133 2488 μος]
146 2438 361 2475 Articulum
372 2437 408 2487 ὅ,
424 2452 541 2492 quem
552 2438 701 2478 Sohae-

41 2494 110 2532 ser.
131 2495 218 2531 voci
229 2491 351 2545 νόμος
365 2498 593 2548 praeposuit,
613 2498 702 2534 libri

41 2551 180 2602 scripti,
202 2563 296 2603 quos
315 2559 462 2590 secutus
470 2567 568 2601 sum,
588 2555 704 2604 igno-

42 2615 141 2645 rant.
217 2606 279 2644 Ad
318 2608 441 2658 ipsam
476 2612 704 2648 sententiam

42 2663 117 2704 vid.
139 2670 235 2702 nott.
260 2662 309 2701 ad
326 2665 392 2713 ΙΙΙ,
411 2668 479 2706 38.
498 2667 580 2714 VII,
608 2670 703 2708 102.

44 2722 140 2761 209.
189 2722 468 2772 Wesselingius
504 2721 600 2759 haec
631 2722 703 2760 ad—

42 2777 260 2829 scripserat:
292 2780 543 2827 „Demaratus
559 2774 702 2819 δεσπό-

44 2846 130 2886 την,
151 2835 339 2886 dominum,
351 2836 498 2886 maluit,
511 2836 559 2875 ob
568 2849 700 2888 aspera

759 1417 856 1468 legis
886 1417 1048 1468 imperia
1068 1423 1106 1454 et
1124 1415 1364 1453 sanctionem
1382 1415 1425 1451 in

760 1473 972 1525 τρέσαντας
1003 1486 1093 1511 sane
1113 1487 1254 1522 acrem,
1272 1472 1342 1509 inf.
1353 1473 1423 1520 IX,

763 1530 816 1572 55
839 1538 876 1568 et
891 1534 959 1572 71.
982 1531 1092 1569 Conf.
1107 1531 1290 1582 Cragium
1308 1531 1422 1579 Resp.

761 1587 991 1625 Lacedaem.
1011 1589 1065 1624 III
1084 1601 1172 1639 pag.
1195 1589 1322 1628 361.“
1377 1587 1425 1623 In

761 1647 938 1696 proxime
957 1658 1062 1697 seqq.
1086 1658 1177 1682 cum
1197 1643 1363 1682 dictione
1385 1642 1428 1683 οἱ

762 1701 825 1742 σοὶ
856 1702 971 1753 (tui)
1001 1715 1169 1753 compar.
1196 1702 1278 1750 VII,
1311 1703 1375 1748 10,
1397 1702 1424 1741 8

761 1759 855 1807 (ubi
889 1759 931 1799 οἱ
962 1758 1050 1810 ἐμοὶ
1083 1759 1223 1805 παῖδες
1252 1765 1290 1795 et
1308 1757 1423 1808 paulo

759 1823 846 1866 post
866 1816 908 1856 οἵ
927 1816 1032 1865 σοί).
1089 1817 1143 1853 At
1170 1817 1251 1863 VII,
1276 1817 1354 1855 193
1387 1818 1425 1851 Θῒ

760 1874 860 1920 VIII,
893 1875 959 1913 16.
990 1873 1059 1920 ΙΧ,
1093 1874 1159 1912 68.
1189 1874 1242 1912 99
1265 1870 1307 1911 οἱ
1327 1868 1425 1924 Ξέρ-

763 1930 850 1977 ξεω.
909 1927 990 1967 Sed
1018 1929 1127 1978 VIII,
1161 1930 1242 1970 102
1281 1927 1324 1968 οἱ
1360 1925 1425 1968 σοὶ

763 1986 915 2026 δοῦλοι.

817 2094 894 2138 ούκ
912 2097 990 2139 §aiv
1007 2093 1174 2151 φεύγειν
1190 2093 1312 2138 οὐδὲν
1337 2113 1374 2138 κ.
1388 2111 1422 2138 τ.

758 2156 812 2205 λ.]
842 2158 900 2192 De
911 2163 1098 2194 structura
1113 2155 1273 2195 locivid.
1285 2153 1423 2193 Matth.

759 2214 825 2251 Gr.
856 2215 922 2251 Gr.
950 2215 987 2259 §.
1025 2212 1120 2261 634,
1141 2215 1165 2252 3
1186 2226 1275 2264 pag.
1299 2214 1423 2254 1306.

757 2269 1054 2308 Valckenaerius
1083 2271 1223 2307 similia
1259 2269 1309 2307 ad
1335 2267 1374 2306 h.
1395 2270 1424 2307 l.

758 2328 882 2365 attulit
927 2341 976 2365 ex
1006 2329 1112 2366 Isaeo
1142 2340 1230 2378 pag.
1261 2330 1327 2374 80,
1367 2323 1422 2366 44

759 2385 823 2436 [p.
843 2386 923 2425 261
946 2386 1024 2434 R.]
1052 2382 1302 2422 Demosthen.
1331 2395 1422 2434 pag.

760 2440 838 2481 143
859 2443 902 2479 F.
933 2440 1116 2492 Xenoph.
1147 2442 1299 2480 Hellen.
1329 2440 1363 2477 V
1381 2453 1422 2490 p.

761 2500 857 2546 230,
882 2498 934 2539 35
958 2499 1022 2547 [V,
1048 2502 1067 2539 1
1093 2499 1131 2544 §.
1158 2499 1229 2547 18]
1246 2495 1421 2547 Euripid.

760 2552 957 2592 Phoeniss.
981 2557 1087 2596 1223
1109 2555 1195 2592 coll.
1223 2557 1422 2591 Hemster-

759 2609 843 2649 hus.
868 2610 917 2648 ad
946 2613 1105 2649 Lucian.
1135 2611 1350 2661 Contempl.
1378 2612 1420 2650 2.

761 2667 836 2716 (Τ.
864 2669 901 2705 11
920 2681 958 2719 p.
981 2671 1062 2709 376
1088 2681 1167 2720 seq.
1195 2666 1333 2718 Bip.)‚
1355 2666 1421 2702 ubi

761 2725 876 2761 etiam
897 2724 944 2762 de
962 2725 1189 2762 Latinorum
1209 2736 1280 2761 usu
1308 2724 1348 2759 in
1359 2728 1421 2759 ta-

758 2780 856 2819 libus
875 2787 1067 2819 monetur.
1120 2782 1187 2819 Tu
1205 2779 1283 2820 vid.
1304 2780 1420 2818 etiam

758 2837 942 2878 Herodot.
962 2839 1032 2887 IX,
1057 2841 1094 2879 1.
