1834 3258
409 184 885 223 POLYMNIA.
943 185 1048 223 VII.
1284 185 1370 225 513

1273 293 1365 336 ἐπεί
1422 294 1499 322 tium
1532 295 1701 324 multitudi-

1425 338 1512 364 nem,
1538 329 1624 364 aquis
1649 330 1702 358 de-

1426 349 1539 390 fectus.
1559 365 1676 391 Xerxes

1425 397 1634 431 Pergamum*
1626 407 1672 424 m-

1425 418 1507 458 xisit.
1545 433 1641 460 Sacra
1655 432 1702 459 sa-

1427 468 1477 492 cta
1493 465 1609 493 Minerx
1598 474 1656 492 vae

92 298 173 339 τοῦ
202 294 269 338 ἐπὶ
298 294 374 338 τὸν
403 294 728 350 Σκάμανδρον·
760 292 808 344 ὃς
827 297 1001 346 πρῶτος
1020 295 1245 347 ποταμοῖν,

92 379 136 407 τε
164 362 211 406 ἐκ
239 364 448 415 Σαρδίων
477 360 740 418 ὁρμηθέντες
759 362 1039 419 ἐπεχείρησαν
1059 365 1112 418 τῇ
1142 360 1245 418 ὁδῷ,
1276 361 1366 404 ἐπέ-

81 434 188 474 ελιπε
225 430 274 473 τό
313 430 523 485 ῥέεθρον,
556 429 648 474 οὐδ’
678 430 890 485 ἀπέχρησε
927 434 981 487 τῇ
1012 431 1192 484 στρατιῇ
1221 443 1266 471 τε
1294 428 1367 471 καὶ

94 501 208 540 τοῖσι
252 497 424 552 κτήνεσι
462 497 718 551 πινόμενος·
750 498 818 541 ἐπὶ
847 501 1008 541 τοῦτον
1042 498 1095 553 δη
1126 499 1205 541 τόν
1233 504 1420 541 ποτα-35
1401 499 1703 571 οέξῑζέθὸἷξξξὲἱὺὲἓζ

93 565 180 619 μὸν
219 562 276 616 ὡς
308 564 485 608 απίκετο
518 565 697 622 Ξέρξης,
737 567 779 618 ἐς
809 566 857 609 τὸ
889 565 1097 620 Πριάμου
1128 565 1365 622 Πέργαμον
1423 575 1519 595 ¹¹¹⁰¹¹⁵·

65 631 253 689 ἓοξνὲβη,
290 633 443 688 ι’μερον
473 634 581 689 ἔχων
609 634 868 691 θεήσασθαι.
898 631 1172 688 θεησάμενος
1203 632 1260 685 δὲ,
1291 634 1366 676 καὶ
1423 637 1499 680 531

93 699 344 756 πυθόμενος
376 703 533 745 κείνων
553 701 735 756 ἕκαστα,
775 706 828 760 τῇ
864 699 1076 757 Ἀθηναίῃ
1116 704 1170 758 τῇ
1211 699 1362 745 Ἰλιάδι

36 877 172 930 iusque
204 891 304 931 aqua
323 891 402 915 non
423 877 614 916 suffecerit
634 892 702 916 co-

36 935 107 985 piis
128 942 242 987 atque
259 937 452 972 iumentis.
485 936 543 972 Cf.
565 938 702 987 Heyne

35 992 63 1028 l.
92 992 118 1030 l.
150 1005 240 1042 pag.
263 993 330 1034 57.
373 993 435 1028 Ex
460 991 534 1029 hoc
573 999 703 1029 autem

35 1048 122 1084 loco
152 1049 315 1098 intellioi
342 1056 450 1098 putat
483 1050 541 1085 vir
569 1048 701 1086 doctus

36 1103 701 1156 inEphemeridd.Gotting.1820

36 1173 96 1198 nr
119 1164 196 1203 191
239 1164 474 1213 pag.1907
505 1176 585 1213 seq.
616 1160 702 1211 (ci-

36 1224 141 1254 tante
165 1218 234 1256 Cr.
238 1220 269 1268 )‚
294 1221 372 1254 iam
402 1218 587 1256 Herodoti
607 1231 701 1256 aevo

38 1275 190 1312 Simoin
209 1275 370 1312 fluvium
391 1277 671 1312 Homericum
661 1289 702 1312 m

39 1331 322 1368 Scamandrum
333 1332 446 1369 fuisse
460 1346 702 1370 conversum.

35 1387 99 1424 Ad
137 1389 375 1425 locutionem
414 1388 572 1428 ἐπέλιπε
617 1389 703 1437 (ubi

35 1444 138 1480 male
163 1444 251 1482 edd.
273 1452 419 1482 veteres
442 1441 637 1495 ἐπέλιπε)
659 1443 703 1485 τὸ

36 1499 206 1554 ῥέεθρον
228 1503 329 1539 conf.
349 1502 517 1541 Werfer.
540 1504 579 1539 in
599 1504 702 1540 Actt.

35 1556 143 1610 phill.
173 1560 346 1597 Monacc.
376 1561 394 1595 Ι
422 1572 509 1610 pag.
533 1561 600 1599 81.
620 1562 703 1596 He-

36 1613 121 1652 rod.
153 1616 235 1663 VII,
268 1616 334 1656 58.
375 1618 464 1657 108.
523 1615 586 1653 Ad
613 1630 703 1653 ver-

34 1671 130 1708 bum
160 1668 355 1723 ἀπέχρησε
385 1673 487 1709 conf.
518 1674 547 1720 Ι,
582 1676 635 1714 66
665 1680 703 1710 et

37 1729 118 1776 VH,
145 1731 234 1770 196.
267 1730 389 1765 Paulo
406 1731 513 1766 aliter
539 1729 703 1766 eandem

37 1786 172 1822 Noster
182 1787 362 1836 expressit
377 1788 606 1824 sententiam
620 1788 702 1836 VII,

41 1843 134 1882 109.

95 1896 135 1943 ἐς
161 1893 206 1936 τὸ
238 1892 428 1948 Πριάμου
466 1896 703 1950 Πέργαμον]

37 1952 154 2004 Apud
184 1955 397 1991 Homerum
426 1961 520 1991 teste
554 1954 706 2006 Spohn.

37 2011 95 2046 De
123 2023 214 2060 agro
243 2011 402 2047 Troian.
439 2024 528 2062 pag.
565 2015 705 2053 11.12

37 2080 189 2118 semper
209 2068 402 2104 invenitur
422 2067 450 2119 ἦ
478 2066 701 2120 Πέργαμος,

37 2123 90 2160 ita
118 2130 161 2160 ut
195 2126 420 2174 posteriores
442 2131 593 2161 tantum
609 2126 703 2162 scri-

37 2187 164 2232 ptores
176 2179 314 2218 dixisse
324 2180 526 2219 videantur
537 2179 581 2220 to*
594 2181 704 2233 Πέρ-

38 2251 180 2290 γαμον.
228 2239 458 2289 Intelligitur
479 2240 583 2275 enim
605 2240 703 2275 Per-

38 2306 172 2344 gamus
201 2295 343 2331 Troiae
373 2308 442 2332 arx
469 2309 499 2333 s·
529 2291 703 2347 ἀκρόπο-

38 2353 111 2397 λις,
133 2351 241 2387 altior
270 2352 415 2403 reliquii
436 2352 569 2400 Troia,
592 2354 700 2403 rupi-

39 2407 110 2444 bus
145 2414 401 2458 superstructa
433 2416 470 2445 et
508 2411 699 2446 inaccessa

39 2463 141 2511 fere,
181 2465 222 2500 iu
248 2477 323 2515 qua
345 2464 505 2502 deorum
542 2467 698 2516 templa,

39 2520 184 2557 Priami
220 2521 380 2571 palatia,
421 2523 519 2570 alia,
563 2524 700 2574 quibus

41 2577 279 2614 sanctitatem
301 2577 495 2628 quandam
523 2580 587 2615 illa
607 2579 701 2616 ade-

41 2639 105 2684 pta
126 2647 205 2670 esse
224 2634 354 2670 fertur.
414 2636 525 2671 Nunc
554 2636 629 2672 illic
646 2637 703 2672 ia-

44 2696 103 2726 cet
125 2691 230 2727 vicus
250 2689 547 2729 Bunar-Bascln’.
614 2691 703 2730 Vid.

43 2744 320 2784 Lechevalierl.
332 2748 355 2783 l.
368 2760 454 2798 pag.
471 2750 562 2788 172.
592 2747 704 2793 Quod

45 2814 134 2840 vero
170 2802 355 2841 Herodoti
398 2811 520 2842 aetate
558 2805 704 2855 Perga-

102 2861 323 2900 Ηειὶοιιοτ.
342 2862 410 2899 111.

759 890 882 926 mum,
903 877 1009 914 cuius
1029 876 1251 914 Alexander
1264 877 1425 916 Macedo

758 935 881 971 nullas
902 935 1068 985 reperire
1089 936 1212 985 potuit
1233 936 1423 988 reliquias,

759 990 885 1028 adhuc
904 992 1048 1027 stetisse
1068 990 1142 1027 hoc
1159 1005 1207 1028 ex
1222 993 1307 1028 loco
1329 1005 1426 1029 con-

758 1050 836 1085 iicit
847 1050 968 1084 Kruse
980 1048 1107 1083 Ueber
1126 1048 1315 1085 Herodots
1322 1050 1427 1086 Aus-

758 1117 939 1154 messung
960 1103 999 1140 d.
1024 1105 1137 1143 Pont.
1162 1113 1234 1142 etc.
1255 1119 1344 1156 pag.
1358 1107 1426 1153 67,

759 1174 894 1198 vereor
915 1159 1093 1212 equidem
1112 1191 1121 1208 ,
1143 1168 1187 1198 ut
1207 1169 1308 1198 recte
1330 1175 1427 1199 con-

758 1219 900 1256 iecerit.
946 1219 1047 1254 Nam
1065 1219 1171 1254 locus
1192 1225 1343 1255 tantum
1363 1217 1426 1255 hic

758 1274 970 1322 indicatur,
1008 1275 1047 1310 iu
1070 1287 1187 1326 quem
1215 1274 1427 1312 escenderit

757 1333 964 1368 Persarum
983 1344 1053 1367 rex
1062 1359 1078 1376 ,
1106 1345 1178 1368 nec
1199 1333 1278 1368 ullo
1307 1331 1426 1368 modo

759 1390 975 1440 quaeritur,
1025 1401 1123 1424 num
1171 1387 1309 1425 rudera
1356 1388 1427 1425 ad-

758 1445 834 1482 huc
867 1446 1047 1497 antiquae
1088 1446 1182 1483 arcis
1214 1447 1428 1484 exstiterint

758 1516 898 1540 necne.

814 1561 866 1614 τῇ
877 1555 1077 1613 Ἀθηναίῃ
1096 1560 1147 1613 τῇ
1169 1554 1314 1598 Ἰλιάδι
1327 1558 1427 1598 ἔθυ-

759 1628 802 1655 σε
842 1617 942 1668 βοῦς
983 1617 1138 1667 χιλίας]
1191 1616 1262 1652 Cui
1299 1615 1426 1653 eidem

760 1672 877 1721 deae,
921 1673 1146 1711 observante
1175 1674 1424 1723 VVesseling„

759 1729 980 1767 Alexander
1000 1743 1155 1782 quoque
1175 1729 1336 1767 Macedo
1359 1731 1428 1766 Ili-

759 1800 828 1823 um
841 1786 986 1824 delatus
1018 1799 1123 1824 sacra
1142 1786 1245 1833 fecit,
1268 1787 1426 1823 testibus

759 1845 923 1880 Arriano
944 1845 974 1891 Ι,
998 1846 1047 1883 11
1073 1850 1109 1879 et
1123 1842 1282 1879 Diodor.
1303 1844 1426 1891 XVII,

764 1902 829 1941 18.
888 1901 954 1936 Tu
985 1898 1073 1938 add.
1114 1898 1296 1949 Xenoph.
1331 1900 1428 1936 Hel-

759 1957 838 1992 len.
858 1957 888 2003 1,
914 1959 933 1995 1
959 1956 997 2001 ξ.
1019 1954 1046 1994 4
1067 1962 1104 1992 et
1141 1969 1240 2008 quae
1271 1954 1319 1992 de
1335 1955 1427 1993 Pal-

762 2012 843 2049 lade
871 2011 992 2051 Iliaca
1019 2011 1150 2049 laudat
1179 2013 1358 2050 Creuzer.
1385 2014 1427 2049 in

760 2070 906 2106 Melett.
927 2070 945 2105 I
964 2083 1002 2119 p.
1033 2072 1086 2111 23
1103 2082 1113 2117 3
1136 2069 1311 2120 Symbol.
1329 2071 1366 2106 II
1385 2084 1426 2121 p.

761 2127 855 2166 689.
913 2125 1046 2177 Ipstun
1085 2126 1313 2163 sacrificium
1334 2128 1427 2163 mil—

759 2183 795 2218 le
809 2183 929 2219 boum
949 2183 996 2219 ab
1017 2181 1218 2220 Eustathio
1238 2183 1425 2234 l.supra1.

759 2246 918 2276 vocatur
936 2235 1138 2291 χιλιόμβη.
1160 2241 1342 2277 observat
1356 2254 1427 2277 au-

759 2303 840 2333 tem
858 2295 1043 2337 Kleuker,
1056 2295 1235 2348 Append.
1257 2295 1306 2334 ad
1319 2299 1426 2334 Zen-

761 2352 905 2391 davest.
925 2353 979 2390 IlI
994 2366 1082 2404 pag.
1094 2356 1162 2399 23,
1183 2355 1215 2390 si
1235 2367 1322 2391 vera
1336 2355 1427 2402 sint,

757 2422 856 2462 quae
879 2409 926 2447 de
946 2411 1077 2447 Xerxe
1107 2410 1300 2448 Minervae
1331 2411 1425 2449 Ilia-

757 2480 819 2504 cae
837 2467 1073 2504 sacrificante
1093 2466 1311 2504 Herodotus
1344 2475 1424 2504 tra-

759 2523 866 2571 didit,
887 2525 1060 2560 Xerxem
1083 2525 1329 2574 probabiliter
1356 2536 1425 2561 co-

759 2580 895 2630 gitasse
917 2579 965 2617 de
993 2581 1189 2629 Anaitz'cle,
1221 2581 1425 2617 Persarum

761 2636 844 2684 dest,
867 2649 986 2690 quam
1006 2650 1074 2688 pro
1096 2638 1332 2673 Graecorum
1342 2635 1426 2673 Ma·-

759 2705 866 2730 nerva
906 2692 1065 2745 quidam
1099 2694 1314 2742 accipiunt,
1352 2693 1411 2729 nis

760 2751 884 2799 potius
917 2751 1116 2800 peregrino
1157 2749 1309 2785 numini
1337 2747 1426 2786 ideo

760 2806 986 2843 sacrificasse
1021 2807 1194 2842 Xerxem
1221 2805 1414 2844 existimes

1094 2864 1146 2902 33
