1789 3213
477 182 929 223 POLYMNIA
987 181 1086 218 VII.

1322 179 1406 219 783

155 297 309 355 τήσασι
346 296 376 353 ἢ
415 294 503 339 ὑπὸ
543 294 769 338 Λεωνίδεω
798 290 1163 346 ἀποπεμφθέντας
1198 287 1407 342 οἴχεσθαι,

153 366 458 423 ἐπιγέγραπται
485 362 714 419 γράμματα
743 359 925 416 λέγοντα
953 358 1077 402 τάδε·

122 459 145 492 2
322 451 512 499 Μυριάσιν
536 450 625 487 ποτε
648 452 735 498 τῇδε
757 448 982 495 τριηκοσίαις
1006 446 1184 492 ἐμάχοντο

417 508 456 545 ἐκ
479 507 766 546 Πελοποννάσου
788 505 946 552 χιλιάδες
971 504 1128 550 τέτορες.

1421 502 1466 536 60

128 593 298 634 3ταῦτα
336 589 417 645 μὲν
456 588 510 645 δὴ
548 594 663 634 τοῖσι
696 590 804 632 πᾶσι
839 586 1167 642 ἐπιγέγραπται·
1208 586 1321 626 τοῖσι
1364 580 1411 625 δὲ

157 658 458 716 Σπαρτιήτῃσι
487 658 576 714 ἰδίῃ
589 670 601 682 ·

120 748 144 786 4
319 742 364 783 ἷΩ
386 744 484 791 ξεῖν’,
509 744 690 791 ἀγγέλλειν
712 744 1034 788 Λακεδαιμονίοις,
1058 739 1116 777 ὅτι
1137 741 1226 787 τῇδε

418 805 586 848 κείμεθα,
609 807 687 844 τοῖς
709 803 840 838 κείνων
864 800 1002 847 ῥήμασι
1028 799 1258 844 πειθόμενοι.

126 885 542 942 5Λακεδαιμονίοισι
600 883 680 940 μὲν
736 882 788 941 δὴ
834 886 995 927 τοῦτο·
1052 883 1115 940 τῷ
1172 879 1218 924 δὲ
1265 878 1408 936 μάντι,

155 952 280 998 τόδε·

157 1125 438 1179 ἐπιγέγραπται
456 1121 666 1178 γράμματα
699 1122 760 1165 λέ-

100 1198 220 1238 γοντα
239 1180 350 1233 τάδε]
372 1185 405 1220 Ε
427 1184 557 1230 tribus,
580 1196 678 1235 quae
697 1196 759 1220 se-

100 1247 283 1293 quuntur,
294 1241 576 1291 epigrammatis
592 1239 667 1276 duo
678 1240 760 1290 pri-

102 1310 168 1335 ora
187 1298 368 1347 leguntur
388 1296 490 1348 apud
508 1295 667 1333 Diodor.
688 1297 757 1343 XI,

102 1357 168 1402 33,
181 1355 221 1389 in
231 1352 439 1404 Antholog.
450 1355 515 1400 111,
528 1353 552 1393 5
571 1351 758 1402 [Brunck.

49 1408 52 1410 ’
99 1411 292 1448 Analectt.
312 1411 330 1446 I
348 1424 388 1461 p.
411 1412 524 1459 131],
547 1410 630 1458 (ubi
649 1410 760 1460 plura

102 1468 176 1504 alia
206 1473 355 1503 exstant
373 1467 533 1515 similia)
556 1473 593 1502 et
610 1467 651 1502 in
671 1467 762 1502 Ari-

101 1523 190 1565 stid.
219 1522 381 1561 Scholiis
410 1537 448 1574 p.
480 1523 533 1563 58
553 1523 760 1559 Frommel.

101 1580 353 1631 Magnificum
379 1578 588 1617 Simonidis
608 1592 763 1616 carmen

103 1636 153 1674 ad
182 1638 308 1689 lyram
336 1638 480 1674 cantari
508 1636 664 1673 solitum
683 1650 764 1673 ser-

102 1695 205 1732 vavit
224 1693 415 1731 Diodorus
435 1694 586 1731 Siculus
605 1693 674 1740 XI,
698 1695 764 1732 11.

104 1749 293 1802 (Brunck.
313 1751 504 1788 Analectt.
535 1751 661 1800 I-pag.
684 1751 764 1789 123

104 1821 164 1846 nr.
196 1807 304 1858 XV).
361 1808 434 1845 Cui
463 1805 589 1843 eidem
630 1812 766 1857 poetae

103 1865 274 1923 primum
293 1865 542 1916 epigramma,
562 1861 665 1915 quod
687 1863 768 1899 sine

105 1923 268 1959 auctoris
288 1923 446 1958 nomine
468 1920 610 1972 profert
641 1921 768 1956 Hero—

107 1977 218 2016 dotus
259 1992 350 2015 cum
379 1979 555 2029 reliquis,
599 1975 768 2015 vindicat

109 2034 241 2072 Schol.
262 2036 376 2072 Arist.
394 2036 431 2071 II
450 2048 488 2084 p.
514 2036 607 2074 380.
637 2034 766 2085 Atque

110 2092 226 2128 etiam
245 2092 395 2128 alterius
407 2091 689 2142 epigrammatis
701 2103 772 2126 au-

110 2154 192 2184 ctor
209 2160 290 2184 non
316 2148 390 2184 nisi
408 2149 449 2184 in
469 2146 565 2184 eod.
586 2148 770 2184 Vaticano

111 2210 150 2241 et
180 2203 283 2255 apud
314 2204 541 2242 Ciceronem
562 2204 772 2254 appellatur

111 2260 344 2298 Simonides.
383 2262 441 2297 De
463 2273 538 2313 quo
558 2261 639 2311 ipso
660 2266 773 2311 poeta

111 2318 360 2356 celeberrimo
382 2331 425 2355 ac
447 2318 644 2355 notissimo
664 2318 773 2369 plura

1426 952 1471 988 65

816 1125 951 1164 afferre
978 1138 1057 1162 non
1087 1129 1209 1161 vacat.
1273 1123 1391 1159 Natus
1418 1127 1473 1158 est

817 1185 970 1235 Olymp.
1030 1181 1104 1229 55,
1149 1184 1175 1222 3
1223 1185 1473 1230 mortuusque

815 1240 970 1292 Olymp.
991 1241 1059 1279 78.

871 1316 1143 1370 τριηκοσίαις]
1174 1313 1290 1367 Apud
1328 1313 1476 1352 Diodo-

814 1388 903 1412 rum
924 1381 979 1411 est
1009 1373 1233 1424 διηκοσίαςς
1266 1373 1393 1409 minus
1414 1385 1478 1408 re-

817 1439 889 1480 cte,
907 1438 950 1468 ut
969 1429 1139 1478 videtur3
1160 1430 1191 1467 si
1212 1428 1369 1481 quidem
1389 1442 1479 1465 cum

818 1487 1014 1525 Herodoto
1040 1488 1155 1523 etiam
1176 1487 1352 1536 congruit
1390 1485 1478 1522 Sui-

819 1545 884 1582 das
913 1558 943 1582 s.
975 1558 1012 1581 v.
1034 1543 1244 1593 Λεωνίδης
1272 1544 1308 1578 II
1335 1556 1374 1592 p.
1395 1541 1478 1581 428

821 1609 858 1639 et
877 1599 1087 1650 Antholog.
1135 1598 1253 1650 Apud
1272 1597 1480 1635 Aristidem

818 1660 855 1695 H
887 1672 924 1709 p.
957 1659 1037 1698 380
1070 1663 1124 1693 est
1161 1655 1402 1708 τριηκοσίῃς.
1423 1676 1481 1681 -

821 1717 914 1751 Mox
937 1710 1254 1753 Πελοποννάσου
1285 1711 1482 1749 Mediceus

821 1773 916 1809 liber
936 1784 1025 1808 cum
1047 1770 1140 1807 aliis.
1196 1771 1242 1806 In
1260 1769 1482 1806 Florentino

823 1829 980 1881 aliisque
1001 1822 1333 1878 Πελοποννήσου.

881 1914 1108 1971 ἀγγέλλειν]
1149 1917 1250 1954 Male
1288 1917 1381 1954 olim
1412 1912 1484 1968 t'x'y-

822 1978 973 2030 γειλον,
1017 1975 1191 2027 quamvis
1224 1972 1299 2011 hoc
1331 1975 1371 2010 in
1391 1974 1486 2009 Dio-

827 2032 920 2070 doro
962 2038 999 2068 et
1032 2033 1073 2068 in
1114 2028 1324 2081 Antholog.
1365 2035 1486 2066 exstet

827 2091 914 2127 coll.
947 2089 1073 2126 Strab.
1093 2089 1151 2124 IX
1178 2101 1216 2138 p.
1239 2088 1318 2127 656
1339 2100 1369 2127 s.
1390 2085 1488 2127 429·

827 2148 994 2198 Lycurg.
1024 2147 1064 2182 in
1093 2146 1265 2181 Leocrat.
1300 2145 1336 2189 §.
1365 2145 1419 2182 28
1446 2155 1487 2192 p.

828 2203 909 2244 215
930 2205 989 2250 R„
1010 2202 1078 2239 ubi
1096 2200 1201 2239 idem
1219 2200 1413 2238 invenitur
1442 2211 1486 2234 e-

827 2261 1062 2310 pigramma,
1090 2271 1111 2295 a
1133 2259 1315 2295 Cicerone
1344 2257 1486 2293 Tusco.

827 2318 857 2365 I,
877 2316 932 2357 42
954 2317 990 2362 ξ.
1016 2318 1093 2357 101
1115 2316 1167 2352 sic
1186 2313 1403 2352 redditum:

293 2396 390 2440 „Dic
412 2397 533 2441 hospes
558 2397 710 2441 Spartae
732 2404 792 2428 nos
820 2394 866 2427 Te
888 2393 1014 2427 vidisse
1041 2393 1192 2426 iacentes

328 2454 419 2487 Dum
441 2454 570 2488 sanctis
589 2453 732 2498 patriae
756 2452 886 2498 legibus
910 2452 1160 2496 obsequimur.“

172 2525 256 2570 τοῖς
283 2523 429 2564 κείνων
456 2519 609 2575 ῥήμασι
639 2518 778 2564 πειθό-

119 2580 258 2631 μενοι]
287 2579 404 2631 Apud
430 2580 666 2629 Diodorum,
695 2583 778 2633 Ly-

118 2649 281 2687 curgum
292 2667 302 2684 ,
337 2637 567 2674 Strabonem
585 2639 778 2676 invenitur

121 2696 205 2740 τοῖς
224 2693 370 2732 κείνων
391 2689 630 2744 πειθόμενοι
659 2694 777 2746 νομί-

122 2764 234 2801 μοις,
272 2749 376 2802 quod
402 2763 450 2787 ex
470 2751 777 2801 interpretatione

123 2806 276 2845 fluxisse
287 2806 448 2857 videtur,
469 2808 500 2845 si
515 2806 672 2861 quidem
681 2820 777 2848 voce

835 2520 985 2574 ῥήμασι
1018 2528 1132 2573 poeta
1163 2528 1320 2570 tangere
1340 2517 1490 2556 videtur

833 2578 903 2627 τοὶς
925 2577 1171 2629 καλουμένας
1183 2575 1234 2629 ρή
1241 2592 1332 2628 τρας
1343 2578 1493 2626 Lycur-

833 2638 886 2687 gi.
898 2637 1006 2672 —In
1021 2648 1197 2688 seqq.pr0
1213 2637 1348 2685 μνῆμα
1360 2630 1493 2670 Schol.

832 2692 1041 2742 Antholog.
1093 2705 1183 2743 pag.
1221 2693 1299 2732 291
1339 2687 1493 2726 exhibet

833 2752 985 2801 μνᾶμα.
1004 2751 1081 2786 Pro
1102 2751 1274 2788 κλεινοῖο
1292 2748 1330 2783 in
1343 2746 1492 2783 duobus

833 2805 947 2846 codd.
958 2808 1125 2846 κλειτοῖο
1136 2818 1149 2856 ;
1177 2812 1219 2843 tu
1230 2804 1279 2842 cf.
1293 2805 1395 2852 V‚92
1406 2804 1442 2848 ξ.
1453 2800 1493 2841 5.

1474 734 1554 774 613
