1789 3213
448 189 928 228 POLYMNIA.
985 190 1095 227 VII.

1295 191 1375 232 771

121 305 216 354 λου,
247 299 307 351 ὥς
334 298 452 350 οἰκὸς
480 292 550 354 ἦν,
580 297 760 356 φύλλων
788 297 1128 355 ὑποκεχυμένων
1148 298 1235 343 ὑπὸ
1264 302 1378 342 τοῖσι
1392 305 1436 339 10

121 369 248 421 ποσὶ,
287 366 369 411 ἀνά
396 383 441 411 τε
470 367 661 424 ἔδραμον
690 368 733 412 οἱ
765 365 946 419 Φωκέες,
971 367 1046 411 καὶ
1074 367 1227 411 ἔδυντο
1257 365 1310 409 τὰ
1337 364 1379 409 ὅ·

89 441 232 482 Ξπλα·
259 435 333 481 καὶ
362 433 519 479 αὐτίκα
550 436 594 479 οἵ
621 434 843 492 βάρβαροι
871 438 1086 491 παρῆσαν.
1146 434 1205 487 ὦς
1244 434 1292 479 δὲ
1320 430 1379 478 εἷ-

120 506 201 549 δον
229 502 393 558 ἄνδρας
421 501 711 559 ἐνδυομένους
741 501 867 556 ὅπλα,
895 502 944 547 ἐν
971 502 1178 559 θωύματι
1207 501 1379 558 ἐγένον-

119 588 190 616 το·
220 571 452 628 ἐλπόμενοι
479 573 564 628 γὰρ
593 571 725 617 οὐδέν
753 582 834 627 σφι
859 569 1137 627 φανήσεσθαι
1167 569 1381 623 ἀντίξοον,

93 639 388 697 3ἐνεκύρησαν
425 643 606 699 στρατῷ.

671 639 887 684 Ἐνθαῦτα
918 637 1134 696 Ὑδάρνης
1161 638 1383 694 καταρῤω-
1396 641 1438 679 15

118 707 253 764 δήσας
279 706 339 764 μή
370 709 414 752 οἱ
444 709 612 761 Φωκέες
642 709 745 753 ἔωσι
759 706 1113 764 Λακεδαιμόνιοι,
1144 709 1281 762 εἴρετο
1303 704 1382 749 τὸν

112 773 340 819 Ἐπιάλτεα
384 777 583 827 ποδαπὸς
620 778 684 832 εἰἠ
714 774 737 820 ὁ
779 772 985 831 στρατός·
1039 774 1293 830 πυθόμενος
1337 772 1385 816 δὲ

90 840 346 898 4ἀτρεκέως,
377 843 571 888 διέτασσε
601 844 709 897 τούς
743 844 918 900 Πέρσας
948 841 1006 894 ὥς
1029 843 1072 894 ἐς
1091 842 1244 900 μάχην.
1273 842 1318 884 οἱ
1336 839 1383 884 δὲ

120 910 316 963 Φωκέες,
348 910 408 963 ὣς
439 910 676 967 ἐβάλλοντο
707 917 824 956 τοῖσι
854 909 1089 966 τοξεύμασι
1116 909 1317 954 πολλοῖσί
1345 913 1441 951 τεΞο

115 979 193 1022 καὶ
219 984 440 1032 πυκνοῖσι,
473 981 646 1036 οἴχοντο
676 979 914 1038 φεύγοντες
943 980 1012 1023 ἐπὶ
1029 982 1111 1023 τοῦ
1129 977 1287 1032 οὔρεος
1304 973 1384 1020 τόν

116 1046 367 1104 κόρυμβον,
412 1048 689 1105 ἐπιστάμενοι
732 1046 791 1101 ὥς
831 1047 902 1092 ἐπὶ
939 1045 1076 1103 σφέας
1106 1045 1383 1104 ὡρμήθησαν

117 1213 199 1259 οἶνοί
230 1234 272 1259 τε
299 1218 505 1273 ἔδραμον]
548 1216 723 1272 ἀναδρα-

61 1279 153 1326 μεῖν
166 1274 251 1314 eth.
262 1278 288 1315 l.
310 1284 347 1314 et
365 1279 431 1326 111,
448 1280 500 1319 78
524 1291 602 1315 esse
624 1273 723 1316 α’να-

61 1335 207 1384 στῆναι
237 1332 308 1372 καὶ
341 1334 506 1386 δραμεῖν
523 1335 585 1372 vel
597 1344 724 1386 προσ-

46 1389 243 1440 κδραμεΐν,
278 1403 422 1439 surgere
448 1397 484 1427 et
513 1392 721 1436 adcurrere,

60 1447 191 1495 raptim
202 1459 357 1496 surgere,
370 1454 527 1485 annotat
539 1446 722 1498 Schwgh.

59 1503 221 1555 Inseqq.
243 1517 263 1540 e
283 1504 503 1541 Florentino
524 1511 722 1555 receptum

60 1558 204 1599 ἕδνντο
216 1589 226 1608 ,
264 1561 331 1597 ubi
360 1561 424 1597 alii
454 1560 618 1609 ἔδυνον,
659 1561 724 1597 alii

60 1614 262 1656 ἐνέδυνον.
312 1618 408 1654 Mox
426 1619 561 1654 Noster
581 1617 722 1656 ἐνδυο-

59 1670 207 1724 μένους
240 1668 343 1712 ’όπλα
373 1673 501 1723 (armis
537 1670 723 1725 indutos),

58 1729 129 1781 qui
147 1735 279 1766 tamen
305 1731 421 1767 etiam
446 1731 528 1778 VII,
555 1732 638 1771 229
661 1729 723 1766 di-

59 1786 119 1823 xit
139 1782 188 1824 τοέ
210 1782 313 1826 ὅπλα
338 1786 388 1827 ἐν
402 1782 462 1826 δύ
474 1801 528 1825 ντ
540 1802 578 1825 α.
637 1787 724 1836 Ipsa

59 1842 203 1880 locutio
222 1844 438 1881 Homerum
467 1841 626 1880 redolet.
664 1842 724 1879 Cf.

58 1900 239 1940 Dunoau.
263 1900 397 1938 Lexic.
424 1912 514 1950 pag.
547 1901 630 1940 307
662 1897 724 1936 ed.

59 1957 164 1993 Rost.
193 1977 251 1984 —
299 1957 376 1994 Pro
395 1952 558 2008 θώματι
577 1955 724 1993 restitui

61 2009 264 2064 θωύματι.

118 2065 332 2120 ἐλπόμενοι
353 2065 456 2121 γάρ]
486 2068 513 2106 i.
535 2081 569 2106 e.
591 2069 723 2105 existi-

60 2129 196 2162 mantes
208 2154 219 2174 ,
261 2129 440 2176 putantes.
511 2125 725 2176 Aliquoties

59 2182 140 2218 iam
160 2180 208 2218 de
226 2179 341 2219 hujus
361 2181 469 2218 verbi
483 2194 554 2218 usu
567 2181 725 2217 monui-

61 2250 148 2275 mus
165 2251 292 2289 supra.
347 2240 408 2275 De
427 2250 522 2274 voce
543 2232 726 2285 οἶντίξοος

63 2294 164 2335 conf.
198 2296 278 2332 citt.
312 2293 362 2332 ad
394 2295 475 2342 VII,
499 2296 578 2335 192
612 2300 649 2330 et
676 2292 725 2330 ad

62 2363 177 2388 voces
198 2349 452 2404 ..ἐνεκύρησαν
476 2352 629 2404 στρατῷ
649 2349 726 2400 (ιή-

65 2407 225 2444 ciderunt
264 2410 304 2446 in
332 2410 536 2456 exercitum)
558 2413 653 2444 nott.
675 2405 724 2443 ad

63 2464 146 2512 VII,
175 2465 272 2506 208.
327 2466 372 2501 In
391 2477 497 2516 seqq.
520 2462 568 2500 ad
587 2476 724 2500 vocem

64 2517 246 2566 ποδαπός
266 2521 366 2558 conf.
387 2519 560 2558 Thomas
573 2521 722 2571 Magist.

63 2589 153 2628 pag.
193 2575 276 2616 724
319 2589 397 2628 seq.
434 2577 529 2629 ibiq.
575 2577 724 2614 Sallier.

65 2633 273 2671 Schaesero
293 2631 495 2683 (Apparat.
516 2631 565 2669 ad
578 2635 726 2670 Demo-

64 2689 189 2728 sthen.
207 2690 244 2725 ΙΙ
263 2703 301 2740 p.
318 2689 418 2737 564)
438 2688 501 2726 hic
519 2690 644 2739 placet
663 2703 726 2726 re-

65 2747 228 2784 scribere
249 2743 466 2793 ὁποδαπός,
499 2745 603 2797 quod
624 2746 726 2783 San-

66 2803 177 2841 orofti
186 2803 281 2842 liber
293 2816 384 2841 cum
395 2803 468 2840 alio
484 2803 601 2840 Paris.
613 2815 725 2855 prae-

779 1222 854 1259 bet.
911 1220 976 1258 Ad
1014 1233 1128 1258 voces
1153 1217 1208 1266 ὥς
1236 1218 1278 1265 ἐς
1308 1214 1439 1269 μάχην

782 1279 831 1315 cf.
843 1276 980 1316 Matth.
997 1278 1064 1314 Gr.
1085 1278 1153 1315 Gr.
1174 1278 1211 1323 ξ.
1243 1277 1337 1325 628,
1356 1278 1379 1316 3
1400 1288 1442 1326 P·

785 1333 904 1376 1284.

836 1389 903 1430 ἐπὶ
929 1391 1004 1429 τοῦ
1034 1385 1177 1440 οὔρεος
1196 1383 1268 1427 τόν
1287 1382 1442 1438 κόρυμ-

779 1447 881 1499 βον]
911 1446 1048 1496 Attigit
1080 1443 1255 1482 Eustath.
1277 1443 1326 1481 ad
1344 1445 1442 1480 Dio-

779 1517 865 1555 nys.
894 1504 1047 1552 Perieg.
1076 1502 1160 1542 566
1193 1500 1241 1537 ad
1269 1499 1378 1537 Iliad.
1401 1513 1443 1550 p.

781 1560 878 1607 750,
900 1559 952 1600 35
979 1572 1009 1596 s.
1031 1558 1125 1605 650,
1151 1560 1215 1606 12,
1236 1557 1304 1593 ubi
1324 1569 1441 1593 mon-

780 1622 872 1653 strat
891 1611 1094 1666 κόρυμβον
1117 1611 1194 1649 dici
1219 1612 1285 1652 ἐπὶ
1306 1611 1445 1662 ἐξοχῆς

781 1667 950 1723 ὀρεινῆς,
975 1671 1018 1708 de
1048 1681 1176 1706 summo
1204 1671 1333 1706 montis
1365 1681 1445 1706 ver-

779 1732 848 1766 tzce
865 1742 895 1765 s.
913 1728 1101 1773 cacumine,
1114 1724 1445 1778 quemadmodum

780 1783 993 1835 Aeschylus
1036 1784 1144 1820 Pers.
1192 1784 1270 1823 661
1323 1782 1340 1831 (
1362 1780 1444 1822 664

779 1841 941 1890 Blomf.)
969 1851 1165 1877 summam
1192 1839 1334 1875 tumuli
1352 1851 1444 1889 par-

778 1905 860 1936 tem
890 1896 986 1934 dixit
1013 1893 1138 1944 ἄκρον
1164 1891 1374 1946 κόρυμβον
1397 1891 1444 1934 ὅ-

779 1959 884 2007 χθου
898 1983 908 2002 ,
938 1954 1006 1990 ubi
1025 1950 1244 1989 Blomfield.
1267 1953 1308 1987 in
1330 1951 1444 1988 Glos-

778 2025 848 2049 sar.
872 2009 920 2047 ad
949 2009 987 2046 h.
1008 2009 1033 2047 l.
1055 2016 1092 2046 et
1113 2008 1162 2045 ad
1190 2006 1273 2048 417
1303 2008 1442 2044 excitat

780 2065 1017 2119 Hesychium
1036 2066 1121 2116 Hp.
1143 2063 1238 2111 324,
1258 2065 1325 2101 ubi
1344 2065 1443 2101 inter

782 2126 855 2161 alia
874 2123 948 2160 hoc
979 2135 1133 2174 quoque
1153 2122 1339 2170 legimus:
1368 2135 1442 2159 κα-

781 2177 909 2220 θόλου
936 2176 1069 2218 πάντα
1102 2173 1150 2216 τοέ
1181 2175 1355 2229 μετέωρα
1374 2175 1442 2216 καὶ

784 2237 840 2284 εἰς
869 2232 979 2286 ὕψος
1011 2231 1270 2274 ἀνατείνοντα
1292 2230 1442 2286 κορύμ-

783 2295 881 2346 βους
917 2291 1086 2344 λέγουσι.
1164 2291 1298 2342 Itaque
1340 2297 1443 2326 recte

780 2349 895 2388 tradit
915 2348 1082 2386 Schoen.
1103 2348 1145 2383 in
1166 2348 1384 2384 Comment.
1395 2345 1443 2383 de

780 2420 958 2460 personu,
978 2407 1018 2442 in
1038 2403 1214 2454 Euripid.
1236 2403 1379 2440 Bacch.
1403 2417 1442 2454 p.

783 2467 859 2505 101
873 2460 1076 2515 κόρυμβον
1098 2460 1171 2497 dici
1191 2459 1238 2497 de
1259 2473 1316 2508 eo,
1335 2459 1444 2512 quid-

781 2519 875 2573 quid
894 2521 935 2556 in
964 2531 1032 2556 sua
1066 2531 1107 2554 re
1127 2517 1342 2568 promineat
1363 2517 1442 2553 cel-

779 2590 914 2615 sumve
953 2576 1013 2612 sit.
1070 2575 1136 2611 Tu
1174 2573 1252 2611 vid.
1289 2585 1443 2625 quoque

781 2634 958 2672 Perizon.
989 2629 1037 2668 ad
1055 2631 1205 2667 Aelian.
1238 2630 1284 2669 V.
1307 2631 1355 2667 H.
1376 2629 1439 2675 IV,

782 2694 849 2738 22,
879 2700 996 2741 quem
1020 2686 1168 2723 dudum
1190 2686 1351 2724 conferri
1371 2697 1442 2723 vo-

781 2748 904 2784 luerat
922 2743 1172 2782 Valckenaer.

840 2796 1120 2853 ἐπισταμενοι]
1135 2799 1263 2878 *Valla
1290 2795 1414 2836 reddit
1429 2808 1440 2834 ε
