1870 3249
392 200 1052 240 TERPSICHORE.
1112 204 1157 240 V.

1324 206 1407 245 107

150 309 383 364 Φαληρέων
427 308 476 352 τὸ
526 310 701 361 πεδίον,
750 310 824 353 καὶ
865 310 1105 368 ἱππάσιμον
1144 311 1407 369 ποιήσαντες

143 380 300 420 τοῦτον
328 375 407 420 τόν
435 382 603 433 χῶρον,
641 376 808 432 ἐπῆκαν
835 382 897 436 τῷ
927 379 1203 437 στρατοπέδῳ
1234 380 1313 437 τήν
1340 383 1404 425 ἴπ-

141 458 247 488 πον·
289 444 539 500 ἐμπεσοῦσα
579 445 625 488 δὲ
666 445 887 501 διέφθειρε
934 445 1093 499 ἄλλους
1136 464 1180 492 τε
1217 449 1464 500 πολλούςδο

141 516 229 556 τῶν
258 514 642 569 Λακεδαιμονίων,
688 514 760 557 καὶ
803 513 855 570 δὴ
896 515 966 558 καὶ
1005 517 1084 559 τὸν
1119 515 1405 573 Ἀγχιμόλιον·

139 580 243 632 τούς
274 581 319 625 δὲ
356 580 720 638 περιγενομένους
760 581 907 626 αὐτῶν
940 583 982 635 ἐς
1021 585 1098 635 τας
1126 586 1227 636 νέας
1254 585 1405 637 κατέρ-

113 654 135 687 6
145 649 235 700 ξαν.

286 647 337 692 Ὁ
365 648 444 704 μὲν
486 648 538 706 δή
582 654 755 703 πρῶτος
798 649 951 702 στόλος
990 651 1036 694 ἐκ
1077 654 1405 708 Λακεδαίμονος

140 716 255 760 οὕτω
286 715 520 773 ἀπήλλαξε·
551 719 624 762 καὶ
649 717 923 775 Ἀγχιμολίου
954 721 1034 763 εἰσὶ
1063 721 1199 774 ταφαὶ
1229 724 1302 776 τῆς
1318 719 1404 763 Ἀτ-

138 788 261 839 τικῆς
293 783 578 844 Ἀλωπεκῆσι,
633 785 770 843 ἀγχοῦ
810 791 894 831 τοῦ
927 785 1193 845 Ἡρακληΐου
1233 791 1312 833 τοῦ
1353 788 1400 833 ἐν
1415 795 1460 830 85

81 977 195 1008 natur
223 969 337 1020 εἀτο,
365 985 581 1025 numquam
609 980 740 1010 tamen

81 1063 151 1102 pro
193 1065 304 1091 εοντο
343 1052 499 1103 reperiri
538 1053 590 1088 ait
638 1065 740 1098 εατο,

82 1107 414 1160 quemadmodum
443 1107 517 1145 hoc
536 1109 622 1145 loco
645 1107 742 1158 ε’μη-

80 1162 244 1216 χανὲατο
264 1179 334 1216 pro
350 1163 626 1216 ἐμηχανέοντο
646 1163 743 1200 Mihi

35 1268 43 1273 l
81 1221 143 1258 vel
179 1224 301 1273 magis
341 1221 513 1273 displicet
554 1221 742 1273 ε’μεμηχοι-

82 1275 196 1318 νέοιτο
216 1291 336 1332 aeque
345 1287 459 1332 atque
471 1275 742 1331 ἔμηχανωατο

86 1356 136 1362 -
158 1335 281 1373 Verba
310 1338 485 1388 proxime
516 1349 622 1388 seqq.
641 1335 742 1387 ε’πῆ-

84 1404 160 1430 καν
178 1406 232 1446 τῳ
253 1392 499 1446 στρατοπέδῳ
520 1390 595 1444 τὴν
614 1392 740 1432 ἵππον

84 1448 238 1486 valent:
269 1443 398 1500 equites
426 1452 464 1487 in
493 1454 612 1487 castra
633 1449 741 1502 (qui-

84 1503 152 1541 bus
170 1506 371 1544 Laconum
390 1506 535 1558 pedites
555 1520 594 1544 se
616 1507 742 1544 conti-

81 1561 254 1614 nebant)
276 1565 503 1601 immiserunt.
560 1565 626 1601 Tu
646 1577 742 1601 con-

80 1617 138 1654 fer
153 1619 229 1664 IX,
250 1618 304 1660 49
316 1649 326 1669 ‚
357 1621 423 1658 ubi
444 1620 581 1657 eodem
599 1620 742 1658 modo:

81 1671 205 1722 ἐπῆκε
224 1672 298 1728 τήν
319 1677 446 1717 ἵππον
462 1675 526 1718 ἐπὶ
546 1674 743 1725 τοϋςἝλ-

80 1732 218 1781 ληνας.

137 1784 232 1835 τούς
251 1786 294 1827 δὲ
316 1788 646 1842 περιγενομένους
671 1785 747 1829 ocv'-

80 1845 161 1883 τῶν
182 1844 221 1893 ἐς
244 1843 315 1892 τοὶς
335 1845 427 1893 νέας
452 1846 672 1898 κατέρξαν]
716 1847 744 1884 i·

83 1912 118 1937 e.
143 1913 220 1950 eos,
257 1903 319 1952 qui
345 1916 363 1940 e
389 1904 523 1953 proelio
543 1905 745 1953 superstites

77 1955 181 2007 fuere
201 1964 424 1996 coercuerunt
453 1975 481 1996 s.
506 1960 743 2010 compulerunt

81 2014 260 2062 inmanes,
291 2022 332 2052 ut
360 2029 410 2051 ne
442 2018 480 2052 iu
512 2023 653 2052 terram
673 2015 744 2053 de-

79 2070 261 2108 scendere
281 2080 446 2123 possent.
486 2073 560 2109 Ubi
578 2086 647 2123 pro
669 2088 742 2111 κα-

79 2125 220 2174 τὲρξαν
238 2130 399 2165 minime
421 2143 513 2180 opus
526 2130 652 2180 legere
672 2145 740 2168 κα-

78 2180 272 2234 τήραξαν;
312 2185 416 2238 quod
438 2187 600 2223 verbum
629 2187 668 2223 in
689 2187 742 2223 si-

78 2241 160 2277 mili
191 2255 231 2278 re
253 2241 424 2280 adhiberi
445 2256 466 2280 a
494 2245 618 2280 Dione
639 2245 740 2280 Cass.

77 2298 219 2334 XLVII
237 2313 275 2349 p.
298 2302 390 2340 396.
414 2301 524 2351 [cap.
545 2303 612 2340 30·
643 2299 739 2349 34.·]

79 2355 239 2391 XLVIII
271 2357 361 2404 [13]
394 2370 432 2407 p.
455 2356 535 2397 416
557 2358 643 2394 coll.
661 2359 741 2393 He-

80 2409 161 2447 rod.
174 2412 219 2459 V,
231 2414 322 2460 106,
335 2415 739 2464 annotatWesseling.‚

80 2466 185 2504 idem
203 2475 332 2505 tamen
353 2478 454 2507 recte
471 2484 624 2522 quoque
635 2473 740 2507 Pau-

80 2526 225 2561 saniam
256 2526 373 2564 citans
406 2529 435 2575 Ι,
468 2529 522 2567 32
555 2527 601 2565 de.
623 2528 738 2564 verbo

81 2581 309 2633 κατείργειν,
320 2584 410 2631 sive,
423 2592 465 2621 ut
475 2585 613 2621 Ionum
634 2597 740 2621 more

79 2638 215 2675 Noster
234 2639 402 2690 loquitur
421 2639 635 2692 κατέργειν.
676 2643 739 2677 Tu

80 2694 182 2731 conf.
213 2696 258 2742 V,
291 2695 357 2736 57.
388 2696 453 2737 (54.
484 2698 545 2743 Vl,
572 2700 664 2738 102·
685 2719 740 2725 ·—

80 2751 155 2787 Pro
186 2747 338 2790 αὐτέων
371 2752 460 2790 dedi
499 2749 646 2792 ατῗτῶν.
686 2776 741 2782 ——-

81 2802 185 2846 οὕτω
201 2803 406 2859 ἀπήλλαξε
420 2811 653 2848 intransitive
674 2824 741 2848 ac—

797 974 1041 1026 cipiendum:
1085 977 1140 1012 ita
1170 974 1331 1014 discessit
1350 988 1389 1014 re
1404 977 1462 1014 in-

792 1031 921 1083 fecta,
941 1039 984 1069 ut
997 1033 1030 1081 I,
1053 1034 1118 1073 16.
1192 1032 1194 1034 ’

856 1097 933 1139 εἰσὶ
961 1099 1116 1148 ταφαὶ]
1160 1100 1259 1137 Cum
1281 1099 1328 1137 de
1356 1102 1461 1138 unius

797 1163 949 1193 tantum
969 1155 1134 1194 hominis
1154 1159 1348 1208 sepultura
1369 1170 1462 1207 aga-

797 1221 872 1261 tur,
893 1214 1048 1265 pluralis
1059 1227 1242 1251 numerus
1263 1215 1314 1251 ita
1336 1214 1462 1251 offen-

798 1269 913 1308 debat
930 1270 1262 1319 Valckenaerium,
1276 1278 1318 1308 ut
1336 1273 1463 1322 ipsum

795 1328 927 1365 locum
946 1330 998 1366 sic
1009 1335 1204 1365 mutatum
1219 1329 1357 1366 vellet:
1381 1331 1463 1367 τῶν

798 1382 841 1424 δὲ
863 1385 1202 1437 Λακεδαιμονίων
1225 1386 1287 1422 vel
1315 1387 1395 1424 τῶν
1418 1383 1462 1426 δὲ

798 1439 928 1480 ἄλλων
968 1441 1038 1481 καὶ
1076 1438 1333 1494 Ἀγχιμολίου
1383 1440 1461 1481 εἰσὶ

797 1497 923 1548 ταφαὶ
947 1514 983 1538 κ.
1005 1515 1037 1537 τ.
1059 1501 1092 1538 λ.
1131 1501 1265 1536 Malim
1281 1498 1463 1551 equidem

797 1556 924 1593 facere
963 1569 1055 1593 cum
1081 1555 1461 1607 Schweighaeusem,

800 1614 867 1665 qui
896 1612 945 1650 ad
974 1612 1013 1650 h.
1055 1613 1082 1651 l.
1110 1613 1207 1651 haec
1239 1613 1459 1664 adscripsit:

801 1669 1011 1720 Sepulcrum
1039 1671 1184 1708 Graece
1210 1671 1366 1722 ‚proprie
1394 1665 1464 1709 τοῖ-

803 1741 882 1776 φος
922 1734 994 1775 est3
1033 1724 1144 1777 ταφή
1173 1728 1379 1778 sepultura,
1419 1733 1464 1764 ut

803 1782 908 1833 apud
925 1786 1107 1820 Nostrum
1126 1785 1157 1832 I,
1179 1783 1246 1824 24.
1270 1787 1362 1824 112.
1393 1784 1463 1820 Vi-

801 1838 974 1876 dendum
992 1841 1128 1890 igitur,
1157 1854 1208 1877 ne
1237 1840 1362 1877 eidem
1381 1841 1464 1876 No-

799 1903 876 1933 stro
899 1895 943 1934 αἷ
953 1910 1078 1946 ταφαι
1091 1897 1208 1947 (plur.
1218 1910 1327 1934 num.
1330 1896 1463 1946 >idem

800 1953 952 1990 valeant.
981 1965 1024 1989 ac
1054 1950 1074 1992 ὁ
1111 1968 1241 2001 ταφος
1269 1955 1308 1989 iu
1328 1955 1463 2004 singu—

798 2009 880 2048 lari.
938 2007 983 2045 Id
1002 2010 1033 2046 si
1051 2010 1179 2047 minus
1199 2011 1334 2061 placet,
1355 2011 1462 2048 nullo

799 2072 900 2103 certe
929 2065 1177 2103 incommodo
1217 2066 1260 2105 αἱ
1284 2062 1464 2119 Ἀγχιμο-

798 2123 887 2161 λίου
919 2121 1070 2169 ταφαὶ,
1110 2124 1218 2160 nullo
1241 2124 1356 2160 etiam
1388 2124 1463 2162 alio

797 2179 914 2216 verbo
935 2178 1082 2216 adiecto
1102 2181 1264 2231 intelligi
1282 2194 1391 2231 posse
1402 2182 1465 2219 vi-

800 2234 938 2273 dentur
963 2237 1162 2274 Anclzimoli
1183 2241 1216 2274 et
1233 2250 1345 2275 eorum
1360 2267 1369 2284 ‚
1401 2240 1465 2289 qui

799 2306 876 2330 cum
910 2293 972 2330 illo
1012 2294 1212 2331 ceciderunt
1252 2295 1425 2345 sepulcra.
1438 2296 1462 2316 “

798 2350 937 2386 Attulit
955 2351 1100 2388 Iacobs.
1121 2353 1160 2387 in
1181 2352 1297 2388 Attio.
1318 2366 1356 2401 p.
1380 2351 1462 2392 335

796 2406 987 2457 Euripidis
999 2408 1128 2444 locum
1138 2409 1177 2444 in
1190 2409 1325 2445 Helen.
1340 2410 1460 2448 1069:

798 2463 834 2502 εἰ
853 2463 976 2517 χέρσῳ
996 2462 1128 2513 ταφοῖς
1139 2469 1275 2503 θεῖναι
1296 2460 1460 2511 κελεύει,

796 2520 862 2556 ubi
897 2519 944 2556 de
975 2534 1053 2558 uno
1083 2522 1248 2558 Menelai
1288 2522 1461 2572 sepulcro

799 2583 853 2613 est
873 2590 1010 2614 sermo.

852 2640 1111 2699 Ἀλωπεκῇσι,
1127 2640 1258 2709 ἀγχοῦ
1262 2645 1336 2683 τοῦ
1344 2642 1459 2692 Ἡρα-

798 2701 939 2748 κληΐου
952 2716 1023 2740 του
1039 2701 1080 2739 ἐν
1096 2696 1329 2751 Κυνοσαργε
1333 2701 1366 2748 t]
1382 2702 1459 2752 Cy—

797 2770 976 2808 110sa1ges
1014 2756 1328 2809 philosophorum
1382 2764 1460 2794 erat

797 2786 932 2850 ludusz³
921 2821 1026 2851 extra
1043 2815 1177 2851 urbem
1192 2813 1241 2851 ud
1255 2814 1458 2859 orientem,
