1806 3181
80 270 241 305 Leonidas,

77 306 214 331 tanorum
232 312 293 331 rex.

77 337 151 363 Eius
170 342 297 365 stemma.

79 379 174 405 usque
192 372 227 398 ab
246 371 324 398 Her-

78 406 145 433 cule
176 405 349 441 repetitum.

77 1016 144 1049 Qua
159 1016 280 1043 ratione
298 1024 345 1043 re-

75 1058 167 1084 gnum
186 1050 317 1084 Spartae

77 1086 201 1118 praeter
218 1091 300 1119 spem

77 1119 192 1145 uectus.

255 270 347 305 Spar-

404 166 489 207 754

815 166 1265 205 HERODOTI

405 272 484 330 μέν
512 288 594 315 νυν
623 273 696 315 καὶ
723 272 848 317 ἄλλοι
876 275 1108 331 στρατηγοὶ
1135 276 1244 320 κατά
1272 276 1425 329 πόλιας
1455 277 1657 322 ἑκάστων·

410 340 433 384 ὁ
457 341 501 383 δὲ
520 337 859 395 θωυμαζόμενος
877 340 1072 396 μάλιστα,
1094 343 1165 386 καὶ
1183 344 1344 396 παντὸς
1361 348 1442 390 τοῦ
1456 345 1657 399 στρατεύ-

408 424 542 463 ματος
579 405 836 463 ἡγεόμενος,
885 409 1232 466 Λακεδαιμόνιος
1277 410 1332 468 ἦν
1372 416 1602 469 Λεωνίδης,
1632 411 1656 456 ὁ

403 475 763 529 Ἀναξανδρίδεω,
823 480 904 520 τοῦ
933 480 1144 532 Λέοντος,
1195 483 1275 523 τοῦ
1304 479 1659 535 Εὐρυκρατίδεω,

405 548 485 588 τοῦ
515 541 832 599 Ἀναξάνδρου,
869 548 949 588 τοῦ
987 544 1312 601 Εὐρυκράτεος,
1341 551 1420 591 τοῦ
1450 546 1660 591 Πολυδώ-

406 628 504 667 ρου,
532 614 613 655 τοῦ
640 609 939 669 Ἀλκαμένεος,,
967 616 1047 656 τοῦ
1082 614 1310 670 Τηλέκλου,
1339 617 1419 658 τοῦ
1443 613 1658 671 Ἀρχέλεω,
1673 621 1716 656 15

404 684 484 724 τοῦ
509 678 765 736 Ἡγησίλεω,
795 682 877 723 τοῦ
903 679 1163 736 Δορύσσου,
1192 684 1271 725 τοῦ
1305 681 1548 738 Λεωβότεω,
1576 686 1658 726 τοῦ

398 747 691 804 Ἐχεστράτου,
712 751 792 791 τοῦ
809 747 976 803 ’Ήγιος,
1005 751 1086 792 τοῦ
1106 748 1426 803 Εὐρυσθένεος,
1455 748 1664 805 τοῦ,Ἀρι-

405 815 631 873 στοδήμου
643 849 654 866 ,

703 819 782 859 τοῦ
807 813 1144 872 Ἀριστομάχου,
1183 820 1264 860 τοῦ
1295 819 1555 868 Κλεοδαίου,
1583 820 1664 860 τοῦ

391 883 576 933 ““’Τλλου,
622 886 704 926 τοῦ
737 881 994 937 Ἡρακλέος·
1041 885 1308 940 κτησάμενος
1327 884 1406 939 τὴν
1435 885 1719 940 βασιληίηνΞΟ

245 952 343 996 205
401 951 448 994 ἐν
476 950 660 1007 Σπάρτῃ
691 951 732 1002 ἐξ·
754 950 1103 1008 ἀπροσδοκήτου.
1134 953 1281 1003 Διξῶν
1310 950 1393 1007 γάρ
1427 953 1470 994 οἰ
1499 950 1663 994 ἐόντων

403 1019 706 1076 πρεσβυτέρων
736 1016 972 1074 ἀδελφεῶν,
1003 1018 1272 1074 Κλεομένεός
1300 1035 1343 1062 τε
1364 1019 1437 1062 καὶ
1455 1017 1663 1072 Δωριέος,

377 1085 655 1143 Ξάπελήλατο
684 1089 760 1142 τῆς
795 1088 1032 1141 φροντίδος
1060 1088 1161 1142 περὶ
1190 1090 1265 1140 τῆς
1292 1089 1527 1142 βασιληίης.
1557 1083 1663 1129 ἀπο-

403 1155 625 1205 θανόντος
665 1152 710 1196 δὲ
748 1155 1017 1209 Κλεομένεος
1056 1154 1246 1205 ἄπαιδος
1297 1155 1474 1208 ἔρσενος
1512 1151 1664 1208 γόνου,

403 1223 599 1277 Δωριέος
627 1236 672 1263 τε
712 1218 856 1264 ου’κέτι
885 1222 1063 1274 ἐόντος,
1094 1222 1202 1265 ἀλλά
1231 1220 1564 1277 τελευτήσαντος
1591 1219 1720 1264 καὶ25

403 1289 565 1334 τούτου
595 1289 642 1332 ἐν
671 1289 866 1344 Σικελίῃ,
897 1289 1011 1333 οὕτω
1041 1289 1094 1345 δή
1134 1289 1176 1340 ἐς
1206 1291 1430 1344 Λεωνίδην
1458 1287 1662 1343 ἀνέβαινε

404 1356 684 1423 βὴασιληίη·
713 1356 787 1399 καὶ
819 1354 930 1400 διότι
958 1355 1168 1411 πρότερος
1197 1356 1387 1412 ἐγεγόνεε
1411 1353 1662 1411 Κλεομβρό-

406 1440 501 1474 του,
536 1418 684 1475 (οὗτος
712 1424 795 1479 γάρ
826 1418 881 1479 ἦν
909 1423 1123 1474 νεώτατος
1147 1423 1489 1479 Ἀναξανδρίδεω
1519 1423 1663 1474 παῖς),

377 1491 482 1534 3καὶ
519 1490 571 1546 δὴ
615 1490 689 1534 καὶ
726 1488 808 1547 εἶχε
844 1492 1110 1549 Κλεομένεος
1153 1491 1387 1548 θυγατέρα.

350 1709 438 1748 pag.
461 1695 568 1737 1134
598 1695 675 1735 vid.
695 1696 744 1734 ad
774 1697 1008 1735 locutionem

351 1753 390 1801 ἐξ
412 1749 717 1806 ἀπροσδοκήτου
747 1766 790 1791 ex
814 1756 1008 1805 inopinato.

352 1810 463 1847 Conf.
495 1809 578 1857 Vll,
612 1810 694 1850 205
726 1809 768 1849 ἐκ
787 1813 860 1850 τοῦ
879 1810 1009 1863 ἐμφα-

353 1865 442 1914 νέος
462 1866 489 1903 ἰ.
510 1879 543 1904 e.
564 1870 693 1916 aperte,
718 1867 855 1918 palam.

566 1955 660 2007 cap.
681 1955 791 1994 CCV.

390 2030 611 2084 ἀπελήλατο
622 2037 692 2085 τῆς
704 2034 935 2085 φροντίδος]
951 2048 1008 2072 re-

353 2095 463 2128 motus
487 2095 573 2138 emt,
605 2091 707 2140 longe
727 2092 850 2129 aberat
869 2105 892 2128 α
910 2094 1008 2140 cogi-

353 2149 486 2184 tatione
531 2147 572 2183 de
612 2147 837 2198 adipiscendo
887 2161 1010 2197 regno.

353 2204 409 2239 lta
429 2201 648 2251 Schweigh.
674 2205 715 2239 in
741 2207 837 2241 Lex.
866 2203 1010 2242 Herod.

353 2278 409 2286 --—
441 2258 504 2296 Ad
524 2271 635 2295 voces
661 2257 830 2306 ἄπαιδος
853 2259 1010 2312 ἔρσενος

354 2312 478 2367 γόνου
495 2313 573 2352 vid.
594 2316 675 2362 VII,
709 2317 759 2355 61
792 2323 828 2352 et
859 2316 905 2352 de
934 2317 1010 2353 Do-

355 2374 425 2409 rieo
454 2372 493 2407 in
522 2371 650 2408 Sicilia
679 2378 829 2408 mortuo
857 2371 934 2410 vid.
962 2373 1008 2420 V,

355 2428 410 2467 42
435 2440 539 2478 seqq.
588 2428 756 2464 Verbum
777 2423 1010 2480 ἀναβαίνειν

356 2484 460 2533 attigi
480 2483 528 2519 ad
548 2484 628 2529 Vll,
647 2483 686 2524 4.

402 2536 476 2586 “Ος
492 2534 579 2578 τότε
607 2537 673 2590 ’ἤϊε
691 2538 729 2586 ἐς
753 2534 1009 2590 Θερμοπύλας

357 2609 393 2634 κ.
416 2609 451 2633 τ.
472 2596 536 2643 λ.]
587 2598 645 2632 De
675 2608 747 2633 usu
776 2597 1011 2647 pronominis

358 2652 503 2693 relativi
530 2651 603 2689 vid.
625 2651 759 2689 Matth.
786 2654 853 2690 Gr.
884 2654 948 2689 Gr.
973 2654 1010 2698 ξ.

356 2705 450 2755 477,
472 2721 506 2745 a.
526 2721 564 2758 p.
587 2710 681 2749 892.
738 2711 814 2746 Pro
835 2706 1013 2756 ἐπιλεξά-

358 2777 474 2811 ιιενος
513 2765 618 2814 (sibi
654 2765 834 2816 elegerat)
868 2767 1013 2804 Isocra-

1443 1488 1524 1542 Ὃς
1567 1487 1664 1533 τότε

1062 1704 1118 1735 tes
1147 1697 1335 1748 Panegyr.
1365 1709 1449 1747 cap.
1471 1695 1524 1737 25
1546 1695 1583 1741 §.
1604 1695 1658 1736 90
1673 1706 1718 1732 a-

1063 1754 1163 1791 ctivo
1173 1755 1289 1789 utitur
1302 1754 1418 1790 verbo
1430 1753 1609 1790 scribens:
1628 1754 1718 1790 Λα-

1064 1806 1303 1860 κεδαιμόνιοι
1325 1806 1396 1860 μὲν
1425 1809 1481 1856 εἰς
1508 1802 1719 1860 Θερμοπύ-

1064 1869 1134 1913 λας
1153 1863 1253 1917 πρός
1266 1861 1308 1905 τὸ
1328 1862 1459 1914 πεζόν,
1483 1865 1632 1916 χιλίους
1649 1861 1719 1903 αὖ·

1064 1925 1143 1961 τῶν
1181 1921 1423 1969 ἐπιλέξαντες
1437 1920 1504 1960 καὶ
1523 1923 1602 1960 τῶν
1623 1932 1720 1971 συμ-

1063 1976 1200 2030 μάχων
1231 1974 1384 2030 ὀλίγους
1416 1973 1719 2029 παραλαβόντες,

1063 2036 1137 2072 Ubi
1157 2034 1262 2087 quod
1283 2038 1509 2072 trecentorum
1527 2034 1612 2071 loco
1624 2033 1719 2070 mille

1064 2099 1174 2130 vocat
1206 2093 1404 2139 Isocrates,
1447 2089 1550 2128 huuc
1573 2089 1719 2127 dissen-

1064 2161 1151 2185 sum
1183 2148 1235 2185 ita
1268 2148 1448 2198 componi
1473 2159 1582 2198 posse
1611 2150 1719 2196 putat

1064 2206 1207 2253 Morus,
1228 2211 1282 2252 ut,
1314 2203 1467 2255 quando
1483 2204 1629 2239 trecenti
1658 2200 1719 2237 di-

1064 2268 1208 2309 cantur,
1228 2261 1487 2309 intelligantur
1515 2265 1638 2309 patres
1658 2256 1718 2294 fa-

1062 2318 1204 2364 milias,
1239 2317 1336 2353 cives
1363 2315 1542 2366 Spartani
1575 2327 1596 2350 e
1637 2320 1718 2350 toto

1062 2373 1204 2424 populo
1236 2370 1390 2419 delecti,
1417 2372 1521 2408 mille
1539 2383 1629 2409 vero
1652 2370 1719 2406 ubi

1064 2429 1268 2476 vocentur&
1297 2427 1433 2465 adiecti
1464 2427 1522 2465 his
1541 2426 1718 2464 trecentis

1065 2485 1278 2534 cogitentur
1304 2486 1462 2521 Helotae
1478 2511 1495 2530 ,
1534 2485 1600 2535 qui
1638 2483 1717 2520 bini

1066 2542 1291 2593 plerumque
1307 2542 1368 2579 vel
1386 2542 1474 2578 trini
1487 2540 1642 2590 singulis
1661 2539 1717 2576 ci-

1064 2598 1173 2636 vibus
1193 2598 1330 2635 fuerint
1350 2596 1479 2636 additi.
1508 2598 1607 2634 Hinc
1619 2607 1717 2647 quo-

1067 2667 1141 2705 que
1160 2654 1348 2692 Diodorus
1366 2655 1434 2702 XI,
1446 2653 1472 2693 4
1491 2653 1585 2691 mille
1602 2652 1715 2689 fuisse

1067 2717 1221 2748 testatur
1248 2711 1560 2749 Lacedaemonios.
1568 2715 1606 2745 et
1624 2719 1714 2745 cum

1067 2768 1111 2804 iis
1131 2771 1294 2805 trecentos
1315 2767 1512 2820 Spartanos
1530 2777 1606 2802 una
1625 2776 1715 2802 cum

1718 1363 1796 1404 601
