1815 3181
430 181 514 220 10⁰

831 176 1290 213 HERODOTI

402 291 601 337 ΞΣκαῖος
632 282 674 328 δ’
707 285 764 327 ἂν
794 286 858 341 εἴη
890 283 912 328 ὁ
939 283 1279 335 Ἱπποκόωντος·
1321 285 1357 328 εἰ
1398 284 1451 340 δὴ
1487 280 1619 333 οὗτός
1646 280 1689 338 γ’

430 355 518 399 ἐστὶ
549 354 573 397 ὁ
605 351 810 402 ἀναθεὶς,
845 353 918 395 καὶ
958 352 1016 409 μή
1046 351 1178 404 ἄλλος
1208 351 1349 395 τώυτὸ
1385 351 1559 405 οὔνομα
1590 351 1749 405 ἔχων25
1791 362 1802 385 2·

429 427 492 480 τῷ
507 419 844 470 Ἱπποκόωντος·
876 418 1049 477 ἡλικίην
1069 420 1178 464 κατὰ
1204 423 1417 464 Οἰδίπουν
1438 419 1515 462 τὸν
1536 420 1691 461 Λαΐου.

304 491 368 536 61
435 491 592 546 Τρίτος
623 487 669 531 δὲ
700 489 881 541 τρίπους
909 489 1021 543 λέγει
1052 488 1125 532 καὶ
1156 483 1285 539 οὗτος
1323 489 1370 532 ἐν
1402 487 1635 544 ἑξαμέτρῳ·

592 565 801 611 Λαοδάμας
822 565 975 611 τρίποδ’
999 564 1117 602 αὐτὸν
1142 565 1311 614 ἐϋσκόπῳ
1337 565 1535 602 Ἀπόλλωνι

592 624 834 669 μουναρχέων
858 621 1022 668 οἷνέθηκε
1041 624 1119 658 τείν
1142 622 1354 669 περικαλλὲς
1379 621 1534 669 ἄγαλμα.

399 690 523 735 ΞἘπὶ
551 708 711 736 τουτου
756 692 810 748 δὴ
849 696 931 735 τοῦ
978 690 1297 748 Λαοδάμαντος
1336 697 1416 736 τοῦ
1451 688 1691 740 Ἐτεοκλέος
1706 696 1750 729 30

426 759 782 816 μουναρχέοντος
811 759 1103 812 ἐξανιστέαται
1124 762 1339 815 Καδμεῖοι
1367 759 1446 803 υπ’
1474 759 1692 814 Ἀργείων,

401 829 509 872 δοιαὶ
537 828 772 883 τρέπονται
802 827 845 878 ἐς
874 827 979 879 τούς
1001 826 1232 884 Ἐγχέλεας.
1281 830 1326 871 οί
1355 830 1401 872 δὲ
1439 830 1691 883 Γεφυραῖοι,

370 1024 440 1061 bus
461 1025 509 1061 ob
532 1023 716 1060 eximiam
738 1023 818 1059 scil.
839 1020 1033 1059 iaculandi

372 1088 505 1129 artem,
528 1079 604 1133 qua
625 1092 776 1130 semper
794 1092 954 1130 scopum
973 1085 1036 1115 at-*

371 1139 537 1189 tingunt,
556 1135 690 1188 Odyss.
710 1138 741 1182 1,
755 1138 821 1177 38.
842 1138 923 1183 HI,
940 1137 1031 1175 137.

369 1195 438 1242 XI,
470 1196 562 1234 197.
582 1194 627 1229 Il.
647 1192 790 1239 XXIV,
815 1195 907 1232 109.
953 1192 1034 1227 Vo-

371 1264 457 1288 cem
474 1247 631 1302 ὄίγαλμα
652 1248 698 1287 de
720 1248 882 1285 donariis
903 1249 1035 1284 numi„

372 1308 414 1343 ni
445 1307 557 1343 alicui
588 1306 815 1343 consecratis
858 1307 1036 1342 usitatam

373 1363 573 1400 illustravit
592 1361 802 1399 Ruhnken.
820 1361 868 1398 ad
885 1362 1037 1398 Timaei

372 1421 470 1457 Lex.
491 1419 589 1456 Plat.
609 1431 698 1470 pag.
721 1420 760 1458 6.

432 1478 583 1522 Σκαῖος
614 1471 656 1514 δ’
689 1470 742 1514 ἂν
776 1472 837 1523 εἰή
869 1488 903 1512 κ.
923 1488 956 1511 τ.
981 1473 1033 1520 λ.]

372 1527 550 1582 „Sca'eus‚
580 1531 854 1583 HippocoontIS
875 1531 906 1566 si
924 1529 1037 1566 fuerit

373 1589 495 1637 filius,
528 1589 625 1625 vixit
647 1585 852 1638 Oedipodis
880 1592 1034 1636 tempo-

374 1659 416 1681 re
428 1675 438 1692 ,
485 1645 626 1697 quippe
645 1657 724 1680 una
753 1656 842 1680 cum
861 1649 966 1693 patre
986 1643 1033 1678 ab

371 1702 540 1739 Hercule
560 1707 767 1752 peremtus.
818 1701 886 1735 Est
906 1706 1035 1735 autem

374 1758 517 1795 Scaeus
537 1758 607 1794 iste
636 1758 677 1793 in
695 1755 919 1808 Apollodor.
949 1756 1034 1792 Lib.

371 1815 511 1862 11,10
541 1827 580 1864 p.
619 1815 729 1853 200ιι
771 1811 1034 1860 Wesseling.

376 1868 733 1919 Schweighaeuser.
755 1868 919 1905 conferri
932 1869 1038 1904 iubet

376 1929 503 1978 Heyn.
533 1925 585 1962 ad
613 1925 838 1977 Apollodor.
865 1926 913 1972 Π,
937 1927 975 1972 7,
998 1927 1036 1965 3.

375 2004 432 2011 --
452 1984 546 2019 Mox
573 1983 711 2018 retinui
731 1984 796 2036 τῷ
826 1977 1038 2031 (ου’νόματι

376 2040 475 2089 scil.)
505 2024 803 2086 Ἱπποκόωντος,
832 2039 897 2074 ubi
926 2037 1038 2074 Aldi-

378 2108 429 2132 na
442 2107 643 2146 perperam
655 2109 724 2133 του
739 2091 1037 2142 Ἱπποκόωντος.

603 2183 696 2234 cap.
726 2184 830 2220 LXL

362 2301 365 2308 ‹
436 2259 661 2312 Λαοδάμας
691 2257 853 2312 τρίποδ’
883 2257 1036 2300 αὐτὸν

379 2314 565 2371 ἕῦσκόπῳ
598 2313 832 2366 Ἀπόλλωνι]
863 2319 939 2354 Pro
961 2313 1037 2356 αὕ-

378 2371 450 2414 τὸν
486 2373 835 2424 Schweighaeuser.
877 2375 1038 2410 coniecit

379 2425 443 2469 αυ’
452 2428 506 2470 τό
518 2445 556 2482 ς,
580 2429 684 2482 quod
702 2431 787 2466 libri
806 2431 934 2482 scripti
954 2431 1037 2467 vel-

378 2487 458 2524 lem
476 2487 703 2537 probarent,
736 2487 876 2538 quippe
897 2485 945 2523 ad
963 2487 1039 2524 loci

378 2544 608 2580 sententiam
642 2543 878 2594 aptissimum
917 2555 1038 2594 aeque

380 2612 424 2637 ac
453 2611 614 2652 sequens
638 2598 913 2650 μουναρχέωντ
959 2612 1034 2651 quo

381 2663 542 2708 utroque
572 2654 613 2692 id
650 2662 799 2706 tempus
833 2655 1037 2705 significari

383 2713 549 2760 credam,
572 2724 648 2764 quo
668 2710 880 2748 Laodamas
900 2713 979 2762 ipse
993 2724 1036 2748 ae

382 2769 482 2806 solus
501 2769 695 2820 regnabat,
717 2768 870 2805 Creonis
899 2769 1038 2805 tutelae

1089 1035 1168 1058 non
1190 1023 1352 1073 amplius
1370 1023 1592 1059 submissus.
1649 1021 1750 1057 Nam

1088 1078 1302 1116 Laodamas
1316 1080 1480 1115 Eteoclis
1494 1079 1606 1125 filius,
1627 1079 1750 1113 inter-

1090 1136 1177 1172 fecti
1193 1138 1232 1172 in
1245 1137 1450 1172 certamine
1464 1135 1646 1185 singulari
1661 1145 1752 1170 cum

1090 1193 1204 1228 fratre
1233 1193 1418 1244 Polynice
1447 1204 1547 1228 anuo
1569 1193 1686 1237 1317,
1707 1196 1751 1225 ut

1090 1251 1199 1300 ponit
1224 1249 1402 1285 Larcher.
1463 1249 1546 1293 Quo
1577 1254 1751 1296 tempore

1093 1319 1215 1357 quum
1243 1307 1372 1342 minor
1399 1312 1493 1341 esset
1524 1302 1750 1349 Laodamas,

1093 1364 1217 1399 Creon
1236 1370 1340 1399 tutor
1366 1363 1475 1412 regni
1494 1359 1752 1411 gubernacula

1100 1421 1220 1469 cepit,
1258 1417 1514 1455 Laodanianti
1544 1416 1592 1453 ad
1611 1417 1752 1453 iustam

1093 1482 1258 1512 aetatem
1287 1488 1408 1527 quum
1427 1475 1670 1525 pervenisset,
1699 1472 1751 1508 il-

1092 1532 1128 1568 la
1170 1533 1466 1569 transmissurus.
1542 1530 1625 1575 Quo
1667 1530 1750 1579 ipso

1090 1588 1351 1625 Leodamante
1371 1594 1455 1638 post
1474 1593 1659 1636 regnante
1673 1586 1751 1622 Ar—

1091 1646 1169 1695 givi
1189 1646 1305 1681 altera
1324 1646 1406 1681 vice
1426 1644 1570 1680 bellum
1590 1641 1750 1679 Theba-

1090 1703 1149 1737 nis
1180 1701 1411 1748 intulerunt,
1453 1712 1553 1736 anno
1587 1701 1694 1739 1307
1715 1710 1750 1734 a.

1093 1757 1181 1794 Chr.
1203 1771 1242 1794 n.
1265 1770 1406 1809 eosque
1426 1757 1619 1806 fugarunt,
1648 1756 1752 1790 Lao-

1096 1813 1275 1851 damante
1287 1813 1537 1864 Cadmeisque
1558 1811 1652 1848 urbe
1672 1811 1752 1847 eie-

1096 1871 1182 1917 ctis,
1219 1883 1336 1922 quam
1366 1867 1612 1906 Thersandro
1632 1868 1754 1918 Poly-

1093 1928 1188 1964 nicis
1218 1928 1295 1963 filio
1325 1927 1580 1963 restituerunt.
1636 1925 1687 1960 Et
1706 1936 1752 1960 eo

1093 1984 1250 2048 respicit
1270 1985 1406 2020 Noster
1433 1983 1473 2018 in
1493 1982 1615 2019 verbis
1645 1993 1752 2032 seqq.

1095 2039 1159 2079 ἐπὶ
1180 2035 1323 2078 τούτου
1343 2037 1393 2089 δη
1410 2053 1481 2077 του
1504 2033 1753 2088 Λαοδάμαν-

1092 2111 1159 2143 τος
1172 2111 1242 2134 του
1228 2091 1468 2140 Ἐτεοκλέος
1489 2091 1752 2160 μουναρχέον-

1094 2167 1161 2198 τος
1181 2150 1444 2199 ἐξανιστέαται
1472 2149 1666 2199 Καδμεῖοι
1682 2143 1752 2188 υπ’

1091 2203 1291 2259 Ἀργείων,
1305 2223 1370 2246 και
1385 2205 1595 2255 τρέπονται
1608 2205 1646 2252 ἐς
1658 2219 1751 2251 τους

1092 2260 1302 2315 Ἐγχέλεας.

1092 2320 1439 2367 Pausan.1,39§-
1464 2321 1499 2358 1
1518 2319 1588 2366 IX,
1606 2318 1690 2363 5§-
1711 2319 1752 2358 6-

1093 2379 1141 2424 73
1182 2383 1219 2413 et
1252 2373 1300 2412 de
1337 2376 1516 2426 Apolline
1567 2369 1750 2427 εὖσκόπῳ

1097 2439 1193 2469 nott.
1216 2431 1264 2469 ad
1283 2433 1328 2479 V,
1362 2434 1428 2473 60.
1461 2454 1512 2459 -
1541 2431 1599 2468 De
1628 2431 1753 2468 forma

1098 2487 1361 2536 ἐξανιστέαται
1391 2487 1492 2525 conf.
1527 2485 1663 2524 Matth.
1685 2487 1752 2525 Gr.

1095 2546 1160 2582 Gr.
1183 2557 1269 2596 pag.
1301 2543 1396 2591 409,
1433 2545 1498 2596 qui
1523 2543 1628 2581 idem
1658 2554 1748 2593 pag.

1097 2601 1204 2641 1185
1253 2599 1504 2638 consulendus
1552 2598 1600 2636 ad
1637 2599 1754 2636 verba

1093 2653 1169 2696 ὑπ’
1197 2653 1382 2710 Ἀργείων
1405 2657 1468 2705 (αὸ
1479 2657 1625 2704 Argivis
1639 2656 1755 2692 coacti

1094 2713 1144 2750 ad
1167 2712 1319 2763 fugam)
1360 2725 1436 2764 quo
1477 2712 1613 2748 eodem
1639 2723 1752 2748 seusu

1096 2782 1190 2807 mox
1234 2771 1396 2807 occurrit
1437 2765 1518 2808 ’ὑπό
1551 2769 1750 2813 Βοιωτῶν,

1378 2264 1443 2299 Tu
1481 2262 1584 2299 conf.
1635 2262 1751 2298 etiam
1792 2276 1795 2277 ⁷
