1815 3181
44 647 244 678 mortalitate,

44 680 145 714 npinio
165 680 200 714 [4,
226 679 292 714 943,

45 713 159 741 Trausi
177 721 284 740 recens

46 751 130 774 natos
157 746 280 781 lugent:

44 784 226 807 mortuorum
258 779 304 805 su-

44 822 99 840 nus
125 813 317 848 gratulabun-

44 846 73 874 di
84 849 315 883 prosequuntur.

373 169 401 207 8
766 159 1225 197 HERODOTI

377 274 457 318 ὅσα
486 289 561 328 μιν
591 274 657 315 δεῖ
682 270 770 313 ἐπεί
798 284 841 312 τε
871 266 1036 323 ἐγένετο
1067 265 1311 321 ἀναπλῆσαι
1340 264 1476 317 κακὰ,
1517 265 1628 323 ἆνη-

374 340 576 396 γεόμενοι
604 337 656 382 τά
688 334 947 391 ἀνθρωπήια
966 332 1110 378 πάντα
1138 331 1307 376 πάθεα·
1337 332 1414 378 τὸν
1443 333 1487 377 δ’
1516 330 1630 378 ἀπο-

374 406 609 464 γενόμενον
633 402 855 457 παίζοντές
883 419 927 446 τε
950 403 1024 446 καὶ
1050 399 1258 458 ἡδόμενοι
1285 404 1342 456 γῇ
1372 400 1628 455 κρύπτουσι,

374 474 637 530 ἐπιλέγοντες
661 471 777 515 ὅσων
795 474 943 514 κακῶν
962 469 1306 525 ἐξαπαλλαχθεὶς,
1337 468 1424 511 ἔστι
1443 468 1489 513 ἐν
1510 467 1627 526 πάσῃ

282 537 314 582 5
372 541 639 597 εὐδαιμονίῃ.

704 540 756 583 Οἱ
778 539 824 582 δὲ
845 536 1091 592 κατύπερθε
1113 537 1438 594 Κρηστωναίων
1455 540 1628 580 ποιεῦσι
1637 542 1684 578 50

45 613 192 641 Getarum
209 612 247 640 ‘¹2
264 612 318 640 im-
375 608 529 652 τοιάδε.
578 608 661 663 ἔχει
697 611 909 661 γυναῖκας
949 605 1129 656 ἕκαστος
1165 602 1345 655 πολλάς·
1394 603 1525 647 ἐπεάν
1563 598 1628 647 ὦν

375 693 439 727 τις
469 675 613 719 αὐτῶν
642 673 870 730 ἀποθάνῃ,
899 674 1038 727 κρίσις
1065 674 1229 728 γίνεται
1257 671 1418 728 μεγάλη
1441 675 1531 715 τῶν
1547 688 1630 728 γυ-

377 747 561 795 ναικῶν,
609 743 682 786 καὶ
732 744 874 797 φίλων
916 741 1106 785 σπουδαὶ
1145 741 1318 796 ἰσχυραὶ
1355 740 1454 794 περὶ
1487 741 1631 789 τοῦδε,

374 811 466 868 ἥτις
496 808 661 854 αὐτέων
700 809 892 865 ἐφιλέετο
933 807 1119 864 μάλιστα
1147 807 1235 852 ὑπὸ
1265 811 1345 852 τοῦ
1377 806 1552 862 άνδρός.
1601 806 1684 864 ἢ55

344 878 421 922 26'
463 877 517 921 ἂν
557 881 693 935 κριθῇ
733 877 806 920 καὶ
847 880 1032 933 τιμηθῇ,
1072 876 1419 931 ἐγκωμιασθεῖσα
1457 873 1546 919 ὑπό
1582 891 1628 919 τε

369 944 547 1001 ἀνδρῶν
575 945 648 989 καὶ
677 948 923 1000 γυναικῶν,
954 943 1162 1001 σφάζεται
1186 944 1230 996 ἐς
1257 942 1336 988 τὸν
1363 943 1510 1000 τάφον
1540 941 1627 987 ’ὑπὸ

1449 1018 1459 1034 ἱ

315 1121 440 1157 Latini
467 1121 656 1157 imitantes
676 1126 835 1156 utuntur
854 1121 970 1157 verbo

315 1177 495 1227 implendi,
516 1178 675 1224 monuit,
697 1175 913 1213 Herodoteo
930 1175 970 1214 h.

316 1235 341 1270 1.
355 1234 479 1280 allato,
490 1232 646 1271 Walch.
660 1232 707 1270 ad
718 1234 843 1270 Tacit.
854 1234 972 1284 Agri-

317 1291 388 1327 col.
419 1289 471 1331 45
501 1303 588 1341 pag.
619 1288 713 1336 415,
746 1303 766 1325 a
798 1289 866 1327 Cr.
899 1304 970 1327 ex-

316 1347 461 1383 citatus

566 1414 656 1464 Cap.
678 1414 724 1450 V.

374 1513 449 1565 ἔχει
475 1518 665 1566 γυναῖκας
690 1513 850 1562 ἕκαστος
868 1518 968 1554 πολ-

317 1566 412 1618 λάς]
443 1570 590 1607 Eadem
610 1571 656 1608 de
677 1573 893 1609 Paeonibus
905 1573 969 1608 in—

316 1627 372 1663 fra
391 1628 435 1673 V,
461 1630 532 1675 163
561 1629 600 1664 in
623 1627 784 1665 eandem
813 1636 970 1666 senten-

316 1684 407 1719 tiam
418 1684 615 1735 Euripides
630 1686 670 1720 in
689 1685 874 1723 Androm.
888 1684 969 1727 215

317 1747 430 1791 atque
468 1741 603 1778 Strabo
633 1742 702 1778 VII
739 1756 778 1793 p.
819 1745 901 1783 297
940 1755 970 1779 s.

316 1796 410 1837 455.
444 1797 484 1844 C,
527 1805 687 1850 uterque
716 1812 737 1835 a
756 1799 971 1836 wesselin-

317 1853 378 1902 gio
408 1852 593 1891 laudatus.
652 1856 746 1892 Mox
778 1854 866 1892 dedi
901 1850 971 1894 αὕ-

316 1910 396 1946 τῶν
425 1922 492 1960 pro
523 1906 688 1951 αὐτέων.
743 1913 883 1961 Κρίσις
916 1917 971 1948 est

318 1964 540 2014 disceptatio,
583 1975 625 2005 ut
662 1969 742 2015 VII7
784 1971 852 2010 26.
924 1970 969 2004 In

319 2033 425 2071 seqq.
455 2021 625 2070 ἐφιλέετο
661 2025 793 2075 optimi
826 2026 969 2077 quique

321 2077 416 2113 libri.
473 2079 572 2114 Male
594 2081 685 2116 olim
705 2080 870 2129 ἐφίλετο.
909 2080 972 2118 Ad

322 2134 436 2169 verba
455 2130 536 2173 ὑπό
566 2150 613 2174 τε
633 2132 792 2187 άνδρῶν
812 2136 878 2176 καὶ
901 2153 973 2189 γυ-

323 2191 472 2227 ναικών
490 2191 589 2227 conf.
598 2193 808 2230 Wellauer.
824 2195 863 2230 in
882 2193 974 2231 Iah-

325 2246 375 2280 nii
389 2258 431 2281 ac
441 2246 594 2283 Sebodji
614 2248 761 2286 Annall.
774 2251 973 2301 Supplem.

327 2302 339 2335 l
371 2301 516 2351 (1852)
548 2317 634 2353 pag.
665 2306 743 2346 385
780 2305 825 2342 de
846 2320 917 2343 usu
938 2314 975 2344 et

327 2358 408 2393 loco
429 2360 632 2407 particulae
653 2375 691 2398 τε
705 2390 714 2408 ,
748 2363 814 2398 ubi
835 2365 976 2400 articu-

326 2414 381 2449 lus
402 2416 547 2450 nomini
567 2430 642 2452 non
658 2416 817 2467 additur,
840 2433 978 2470 quem-

327 2469 534 2506 admodum
565 2474 601 2507 in
633 2474 812 2511 similibus
850 2477 973 2513 Nostri

326 2526 414 2561 locis
435 2528 462 2571 Ι,
487 2529 575 2566 106.
604 2529 691 2568 154.

372 2579 558 2629 σφάζεται
578 2583 615 2629 ἐς
628 2582 694 2621 τόν
707 2581 855 2634 τάφον]
874 2589 972 2624 Male

327 2638 414 2673 olim
437 2637 497 2676 ἐπὶ
524 2637 591 2677 τὸν
613 2636 755 2687 τάφον.
802 2644 973 2695 Namque

328 2694 375 2728 ita
398 2703 580 2731 mactatur
594 2698 739 2743 mulier,
763 2705 801 2733 ut
816 2701 852 2735 in
862 2702 974 2749 ipsum

330 2751 496 2786 tumulum
528 2754 678 2802 sanguis
708 2752 859 2790 delluat.
912 2757 975 2791 Si-

1027 1119 1126 1157 milis
1143 1121 1236 1157 ratio
1249 1121 1312 1167 lv,
1327 1122 1394 1167 62,
1413 1119 1481 1155 ubi
1499 1116 1576 1156 vid.
1587 1123 1686 1155 nott.

1028 1177 1111 1224 VII,
1138 1175 1229 1218 114.
1254 1178 1346 1216 113.
1404 1177 1499 1212 Mox
1520 1174 1608 1212 dedi
1628 1173 1686 1214 οἰ-

1029 1229 1261 1284 κηῖοτάτου
1303 1245 1393 1269 cum
1426 1239 1585 1269 recentt.
1615 1243 1685 1282 pro

1031 1285 1312 1340 οἰκηϊωτάτου
1335 1317 1346 1337 ,
1415 1287 1521 1340 quod
1572 1286 1688 1325 habet

1027 1344 1267 1384 Schaeferus.
1325 1346 1392 1382 Tu
1410 1345 1488 1382 vid.
1513 1346 1617 1381 Nott.
1639 1342 1688 1381 ad

1025 1405 1092 1451 m,
1125 1402 1193 1444 65.
1264 1402 1426 1439 Locutio
1473 1398 1688 1452 συμφορήν

1025 1463 1234 1500 ποιεῖσθαι
1257 1458 1514 1507 (calamitatem
1532 1459 1602 1495 sibi
1621 1458 1687 1496 du-

1027 1529 1099 1555 cere
1135 1515 1293 1566 aliquid,
1357 1515 1576 1553 calamitatis
1610 1514 1684 1551 loco

1026 1573 1167 1623 aliquid
1184 1572 1306 1610 habere
1332 1571 1477 1623 indeque
1498 1571 1618 1621 lugere
1641 1583 1685 1608 ac

1028 1629 1166 1679 dolere)
1207 1628 1403 1666 Herodoto
1432 1627 1536 1665 haud
1564 1628 1686 1664 infre-

1027 1697 1171 1739 quens:
1192 1686 1257 1732 IV,
1278 1687 1331 1725 79
1351 1686 1442 1737 ibiq.
1461 1692 1541 1722 not.
1562 1685 1608 1732 V,
1617 1687 1686 1725 90.

1027 1742 1096 1784 35.
1127 1743 1191 1788 VI,
1213 1744 1280 1782 61.
1301 1743 1354 1783 86
1377 1743 1398 1788 ξ
1421 1744 1460 1782 3.
1485 1743 1567 1789 VII,
1592 1743 1686 1782 118.

1026 1821 1083 1827 —
1113 1800 1298 1836 Getarum
1327 1811 1498 1847 morem,
1540 1810 1616 1850 quo
1645 1798 1687 1833 in

1027 1857 1098 1892 viri
1117 1856 1266 1893 tumulo
1288 1861 1476 1892 mactatur
1506 1867 1605 1891 uxor
1623 1866 1688 1890 re-

1027 1913 1136 1960 licta,
1178 1912 1301 1962 attigit
1332 1924 1486 1964 quoque
1519 1908 1688 1961 Stepha-

1028 1983 1099 2006 nus
1120 1969 1355 2020 Byzantinus
1376 1982 1405 2005 s.
1425 1982 1464 2005 v.
1497 1968 1626 2014 Γετία,
1646 1980 1687 2018 p.

1028 2029 1107 2067 271
1133 2025 1180 2062 de
1196 2025 1414 2070 certamine,
1445 2023 1549 2076 quod
1574 2036 1688 2074 super

1028 2081 1101 2118 hac
1133 2095 1174 2118 re
1203 2081 1334 2118 haberi
1362 2081 1489 2117 scribit
1508 2079 1686 2117 Herodo-

1028 2145 1110 2185 tus,
1139 2145 1281 2174 tacens.
1349 2136 1412 2173 Ad
1446 2136 1686 2174 Herodotum

1031 2195 1207 2246 proxime
1217 2194 1305 2231 facit
1315 2194 1447 2230 Cicero
1460 2194 1500 2230 in
1510 2193 1685 2231 Tuscull.

1029 2252 1081 2296 V,
1092 2253 1159 2299 27,
1179 2251 1245 2287 ubi
1260 2249 1487 2297 vid.Davis.‚
1514 2251 1576 2287 cui
1596 2248 1685 2288 add.

1030 2309 1242 2359 interprett.
1285 2305 1334 2343 ad
1371 2307 1521 2344 Aelian.
1558 2307 1603 2344 V.
1635 2308 1685 2344 H.

1031 2366 1112 2411 VH,
1126 2366 1188 2404 18.
1217 2362 1326 2400 Idem
1347 2362 1448 2414 apud
1466 2362 1580 2401 Indos
1594 2364 1686 2401 olim

1032 2421 1193 2458 valuisse
1229 2434 1249 2456 e
1278 2419 1436 2457 Diodori
1471 2422 1686 2458 narratione

1034 2478 1256 2528 intelligitur
1290 2478 1399 2524 XIX,
1436 2479 1502 2518 33.
1525 2475 1590 2523 34,
1618 2477 1685 2514 ubi

1029 2533 1106 2574 vid.
1127 2534 1386 2584 Wesseling,;
1427 2534 1518 2586 quin
1548 2535 1686 2570 etiam-

1030 2603 1124 2626 num
1156 2591 1280 2627 valere.
1306 2602 1422 2626 nemo
1443 2591 1522 2627 fere
1550 2591 1684 2630 nescit.

1030 2646 1145 2683 Aliud
1195 2648 1429 2684 Graecarum
1483 2647 1685 2684 mulierum

1032 2704 1276 2754 exemplum,
1315 2717 1414 2755 quae
1444 2716 1575 2741 omues
1603 2707 1687 2750 τοῖς

1034 2756 1227 2810 άνδρασιν
1257 2757 1400 2806 ἑαυτάς
1427 2757 1684 2809 ἐπικατέσφα-
