1815 3181
420 218 502 258 164
814 219 1284 258 HERODOTI

417 323 520 380 μήτε
549 323 763 379 κέραμον,
794 323 891 370 ἀλλ’
924 327 970 370 ἐκ
999 330 1214 384 χυτρίδων
1244 330 1512 387 ἐπιχωριέων
1539 331 1734 389 νόμον95

389 391 472 435 3τό
502 391 659 435 λοιπόν
697 391 860 437 αὐτόθι
899 393 1014 439 εἶναι
1040 398 1192 440 πίνειν.
1248 396 1453 453 Ἀργείων
1489 399 1570 455 μέν
1595 417 1681 444 νυν

416 460 490 503 καὶ
519 460 787 514 Αἰγινητέων
817 463 864 504 αἱ
887 468 1093 518 γυναῖκες
1121 464 1168 507 ἔκ
1205 481 1250 509 τε
1290 464 1425 509 τόσου
1453 467 1552 511 κατ’
1583 468 1678 522 ἔριν

416 530 504 570 τῶν
528 525 776 579 Ἀθηναίων
803 528 992 585 περόνας
1010 531 1072 574 ἔτι
1110 531 1184 575 καὶ
1214 533 1256 583 ἐς
1294 532 1365 588 ἐμὲ
1394 532 1582 590 ἐφόρεον
1609 537 1678 592 μέ-

417 598 543 647 ζονας
569 594 600 650 ἢ
632 595 718 650 πρὸ
749 601 841 640 τοῦ.

504 665 591 717 Τῆς
621 663 669 706 δὲ
698 663 858 720 ἔχθρης
892 669 968 721 τῆς
1007 665 1118 720 πρὸς
1147 666 1382 723 Αἰγινήτας
1409 666 1679 724 Ἀθηναίοισι

412 729 657 785 γενομένης
675 729 784 788 ἀρχὴ
815 733 925 776 κατὰ
959 733 1015 776 τὰ
1045 735 1219 788 εἴρηται
1249 734 1427 790 ἐγένετο.
1492 734 1596 780 Τότε
1623 735 1678 794 δὴ

416 798 622 853 Θηβαίων
667 798 1036 855 ἐπικαλεομένων,
1081 802 1321 856 προθύμως
1362 807 1452 846 τῶν
1489 805 1587 858 περὶ
1615 803 1699 848 ‘coil

411 863 638 919 ἀγάλματα
665 868 915 924 γενομένων
951 866 1378 925 ἀναμιμνησκόμενοι
1415 873 1461 914 οἱ
1497 873 1676 928 Αἰγινῆ-
1731 873 1812 913 417

386 940 487 975 Ξται
530 932 742 988 ἐβοήθεον
791 941 904 978 τοῖσι
944 940 1193 981 Βοιωτοῖσι.
1263 940 1492 994 Αἰγινῆταί
1536 954 1581 981 τε
1621 938 1675 994 δή

416 999 573 1056 ἐδῄευν
609 1005 684 1056 τῆς
724 1000 914 1059 Ἀττικῆς
948 1003 1001 1046 τὰ
1038 1004 1401 1060 παραθαλάσσια·
1452 1006 1526 1049 καὶ
1553 1004 1677 1062 Ἀθη-

411 1070 576 1111 ναίοισι
618 1066 933 1125 ὁρμεωμένοισι
973 1071 1043 1115 ἐπ’
1073 1071 1309 1128 Αἰγινήτας
1349 1072 1703 1128 στρατεύεσθαι,5

413 1130 520 1191 ἦλθε
560 1134 774 1192 μαντήϊον
824 1139 870 1181 ἐκ
907 1144 1097 1196 Δελφῶν
1144 1139 1429 1195 ,,έπισχόντας
1467 1139 1553 1184 dud
1593 1144 1675 1184 τοῦ

406 1203 706 1259 .,,Λίγινητέων
746 1205 921 1250 ἀδικίου
967 1205 1198 1262 τριήκοντα
1236 1207 1353 1260 ἔτεα,
1402 1212 1463 1266 τῷ
1503 1208 1566 1252 ἑνὶ
1601 1209 1676 1252 καὶ

288 667 354 712 89

82 731 170 758 Illam
195 731 354 766 Aegineta-

83 773 149 792 rmn
175 762 277 792 innuis
280 766 321 791 io-

83 799 204 832 uem[c.
215 801 257 825 εἰ.
261 798 355 833 [udum

83 832 231 859 Athenien
235 840 295 860 §.es

82 866 194 901 Pythia
222 861 321 893 xindi·

81 906 150 927 ctae
177 900 301 927 dilationi
307 908 353 926 cm

81 934 206 972 triginta
226 942 320 960 anno-

82 976 145 994 rum
173 967 199 994 fi·
195 976 236 993 -ιιιζ
224 972 289 994 tra

81 1010 132 1029 su
130 1003 239 1028 ..dente
252 1000 355 1040 proti-

81 1043 136 1062 nus
157 1034 259 1061 ulcisci
280 1043 333 1070 pa

80 1073 161 1101 rant,

413 1408 510 1462 μήτε
543 1410 737 1464 κέραμον,
770 1408 851 1451 ἀλλ’
882 1412 922 1452 ἐκ
938 1428 1014 1464 χυ-

354 1468 500 1519 τρίδων
540 1483 573 1505 κ.
610 1484 642 1507 τ.
685 1470 747 1517 λ.]
808 1471 1016 1521 Exscripsit

355 1524 574 1561 Athenaeus
602 1526 678 1573 XI,
713 1528 791 1565 107
811 1540 849 1576 p.
867 1527 949 1567 502
971 1527 1012 1563 C·

355 1594 384 1617 s.
415 1584 495 1621 367
535 1582 584 1617 T.
611 1583 664 1619 IV
693 1581 753 1618 ed.
793 1581 1013 1633 Schweigli.

356 1638 442 1674 coll.
473 1639 540 1685 xl,
574 1638 627 1678 64
657 1652 696 1689 p.
727 1637 810 1679 482
839 1641 884 1675 B.
912 1653 942 1676 s.
974 1653 1013 1690 p.

356 1696 437 1735 286
460 1693 679 1745 Schweigh.
701 1696 871 1747 itemque
891 1697 1014 1746 attigit

356 1751 494 1786 Pollux
513 1751 576 1797 VI,
603 1753 694 1797 100,
716 1752 859 1802 ubipro
881 1754 1014 1803 χυτρί-

354 1807 435 1845 δων
454 1808 648 1843 invenitur
665 1809 844 1857 χυτρίων,
867 1808 914 1845 de
936 1822 1012 1860 quo

353 1864 554 1900 conferunt
573 1864 760 1914 Leopard.
772 1864 937 1902 Emend.
949 1867 1013 1913 VI,

355 1922 421 1959 20.
461 1919 631 1970 κέραμος
650 1922 690 1956 in
712 1923 933 1958 uuiversum
952 1923 1016 1957 in-

354 1975 453 2012 dicat
463 1976 733 2029 quodcumque
745 1979 1016 2029 opusfiglinum,

354 2035 574 2083 praesertim
595 2046 658 2070 vas
668 2035 863 2084 figlinumz,
887 2035 1011 2084 cf.111,

356 2091 474 2129 6-96.
496 2089 628 2140 χυτρὶς
649 2098 703 2126 est
722 2091 852 2137 οἰίαίας
876 2092 1013 2129 eodem

354 2157 465 2181 sensu
485 2147 565 2191 VH,
588 2148 667 2186 176
697 2141 854 2198 χύτροι,
895 2161 1012 2200 quem

355 2202 483 2237 locum
528 2203 645 2238 citans
684 2202 901 2240 Eustathins
941 2217 1010 2255 pro

354 2272 399 2308 χι
406 2272 521 2307 τρους
542 2256 724 2294 exhibet
714 2254 857 2310 χύτρας
877 2273 898 2296 a
917 2273 1012 2297 voce

355 2309 504 2364 χύτρα
555 2326 652 2366 quae
683 2315 854 2351 eiusdem
887 2323 942 2353 est
960 2318 1012 2353 si—

356 2370 620 2420 gnificationis.
680 2371 789 2407 Conf.
811 2373 925 2408 etiam
949 2375 1014 2409 Fi-

355 2425 476 2463 scher.
504 2426 553 2462 ad
581 2427 743 2463 Weller.
770 2429 787 2463 1
807 2440 894 2478 pag.
920 2428 1012 2470 154.

356 2483 557 2519 Caeterum
588 2484 686 2519 bene
716 2484 887 2521 observat
918 2486 1013 2521 Val-

356 2537 577 2581 ckenaerius
591 2569 600 2586 ,
640 2540 757 2576 citans
778 2541 944 2577 Macrob.
966 2542 1010 2588 V,

355 2595 422 2642 25,
452 2596 513 2631 vel
542 2594 615 2633 hoc
645 2609 693 2632 ex
712 2597 796 2633 loco
828 2596 1011 2634 Herodoti

357 2663 539 2702 apparere
552 2683 560 2695 ‚
583 2658 725 2689 veteres
745 2653 824 2689 Diis
844 2667 912 2704 pro
930 2655 1010 2704 pri-

356 2720 419 2743 sca
457 2709 695 2759 simplicitate
734 2711 828 2746 vasis
877 2711 1010 2747 libasse

355 2763 543 2802 fictilibus.
566 2788 613 2793 —
636 2766 680 2801 In
700 2778 806 2817 seqq.
827 2765 874 2801 ad
897 2768 1009 2803 verba

357 2818 399 2858 ἔκ
429 2835 469 2859 τε
499 2817 615 2860 τόσου
647 2819 706 2872 (ab
731 2822 792 2858 ilco
821 2822 903 2859 inde
925 2827 1007 2860 tem-

1065 1415 1175 1465 pore)
1209 1417 1309 1453 conf.
1344 1416 1404 1464 VI,
1435 1415 1501 1456 84.
1531 1417 1612 1463 VII,
1635 1416 1730 1456 215.

1072 1474 1154 1508 Hoc
1183 1473 1267 1521 loco
1297 1486 1396 1510 unus
1426 1474 1617 1511 Sancrofti
1637 1474 1731 1510 liber

1072 1543 1114 1567 εκ
1141 1544 1241 1569 τοτε.

1231 1609 1323 1659 cap.
1339 1610 1560 1646 LXXXIX.

1128 1673 1226 1714 κατὰ
1249 1673 1296 1714 τοὶ
1327 1676 1507 1727 εἴρηται]
1539 1679 1596 1714 De
1624 1678 1730 1714 locu-

1070 1733 1174 1768 tione
1197 1729 1293 1770 κατοέ
1322 1731 1369 1771 τοὶ
1391 1735 1535 1770 confer.
1560 1747 1658 1786 quae
1680 1734 1729 1771 ad

1070 1789 1115 1835 V,
1143 1791 1188 1828 11
1213 1790 1324 1825 allata
1343 1797 1443 1828 suut.
1502 1792 1577 1827 Pro
1605 1792 1728 1841 Ἀθη-

1070 1845 1220 1883 ναίοισι
1259 1846 1386 1896 plures
1417 1847 1501 1882 libri
1530 1846 1570 1894 ἐξ
1607 1843 1726 1898 Ἀθη-

1071 1903 1210 1939 ναίων.
1268 1903 1389 1939 Paulo
1410 1904 1507 1939 infra
1527 1902 1680 1940 Sohaef.
1691 1911 1728 1940 et

1068 1957 1204 1995 Matth.
1236 1972 1256 1994 e
1284 1958 1432 1996 duobus
1460 1959 1569 1997 codd.
1608 1959 1728 1997 dede-

1069 2021 1158 2055 runt
1179 2010 1237 2054 ἐπ’
1258 2015 1430 2067 Αἰγίνης
1448 2017 1641 2066 (Aeginam
1647 2029 1727 2053 ver-

1068 2072 1146 2121 sus)
1173 2069 1458 2122 στρατευεσθαι
1478 2086 1546 2123 pro
1574 2068 1633 2112 ἐπ’
1651 2073 1725 2112 Αἰ-

1067 2123 1244 2179 γινήτας,
1275 2128 1379 2180 quod
1409 2142 1499 2165 cum
1527 2129 1643 2166 Gaisf.
1662 2131 1726 2165 iu-

1067 2191 1212 2220 tactum
1231 2186 1378 2236 reliqui,
1402 2197 1491 2222 cum
1504 2184 1609 2221 nulla
1629 2185 1726 2222 adsit

1068 2252 1180 2277 causa
1198 2240 1388 2279 mutandi.
1428 2241 1538 2278 Conf.
1559 2248 1656 2279 nott.
1676 2241 1725 2279 ad

1069 2297 1113 2342 V,
1137 2298 1228 2336 122-

1125 2346 1307 2400 οὶόικίου]
1338 2352 1525 2400 „oraculi
1546 2351 1640 2390 haec
1669 2361 1723 2391 est

1068 2409 1275 2445 sententia:
1315 2409 1386 2457 „ab
1405 2422 1442 2446 eo
1463 2414 1628 2461 tempore,
1657 2423 1724 2461 quo

1068 2465 1259 2513 Aeginetae
1286 2466 1422 2502 iniusta
1451 2479 1550 2504 arma
1566 2468 1604 2504 in
1621 2467 1724 2504 Atti-

1070 2534 1146 2558 cum
1165 2515 1294 2569 agrurn
1312 2521 1443 2572 inferre
1463 2527 1654 2573 coeperant,
1666 2527 1720 2560 to-

1069 2579 1115 2614 tis
1133 2579 1288 2626 lrz'gz'nta
1309 2577 1412 2615 annis
1434 2592 1458 2615 a
1481 2579 1642 2616 vindicta
1658 2580 1722 2617 ab·

1067 2634 1268 2671 stinendum
1291 2635 1399 2673 esse.“
1435 2633 1483 2670 JV
1492 2648 1510 2672 e
1520 2649 1536 2671 s
1545 2649 1562 2672 s
1574 2635 1615 2672 el
1626 2637 1721 2684 ing.

1066 2691 1141 2726 Pro
1173 2685 1332 2729 εἷδικίου
1363 2697 1451 2727 aute
1481 2692 1720 2729 Gronovium

1066 2747 1164 2782 male
1186 2747 1330 2786 αἰκίου.
1368 2748 1432 2784 Tu
1453 2748 1554 2784 conf.
1576 2747 1624 2785 de
1644 2746 1718 2786 hoc

1345 2810 1402 2817 —a

1064 2826 1264 2860 nominum
1276 2825 1313 2860 in
1335 2840 1398 2864 ιον
1411 2828 1633 2864 exeuntiuln
1647 2840 1718 2878 ge·
