1834 3258
409 164 885 222 P'OLYMNIA.
946 185 1046 221 νυ.

1277 183 1359 223 517

92 311 193 349 „90¹⁶
235 293 293 345 ὠς
335 292 504 349 βραχὺς
552 294 616 348 εἴη
656 292 680 336 ὁ
731 296 817 342 πᾶς
858 291 1143 345 ἀνθρώπινος
1172 291 1285 347 βίος,
1321 292 1412 334 ειῖ66

89 359 287 416 ,,τούτων
315 378 376 417 γε,
407 361 571 405 ἐόντων
601 359 840 409 τοσούτων,
872 358 1019 410 οὐδεὶς
1050 359 1092 410 ἐς
1123 356 1358 402 ἑκατοστὸν

61 431 218 482 4,,ἔτος
247 429 505 483 περιέσται-ί*
560 428 609 472 Ὁ
640 429 685 472 δὲ
726 427 924 483 ἀμείβετο
954 426 1115 481 λέγων·

1176 425 1356 479 ,,”Έτερα

86 497 275 550 ,,τούτου
305 496 424 550 παρὰ
447 496 525 553 τήν
557 496 660 552 ζόην
693 494 976 550 πεπόνθαμεν
1009 494 1275 549 οἰκτρότερα.
1308 493 1356 537 ἐν

88 564 195 621 „poio
235 564 350 623 οὕτῳ
380 565 534 620 βραχέῖ
562 566 643 621 βίῳ
678 562 823 615 οὐδεὶς
853 562 968 606 οὕτω
1003 561 1241 616 ἄνθρωπος
1270 561 1357 604 ἐών

87 634 335 689 ,,εὐδαι’μων
364 633 555 688 πέφυκε,
589 632 689 675 οὔτε
719 631 909 681 τούτων,
954 630 1053 674 οὔτε
1083 633 1170 672 τῶν
1202 628 1356 682 ἄλλων,
1369 636 1414 671 70

69 706 178 760 5,,τῷ
217 700 271 744 οὐ
307 699 630 756 παραστήσεται
668 699 879 749 πολλάκις
919 698 993 742 καὶ
1023 696 1121 741 οὐκὶ
1153 696 1266 750 ἅπαξ
1296 714 1357 740 τε-

87 769 279 824 ,,θνάναι
309 768 548 826 βούλεσθαι
578 772 744 824 μᾶλλον
764 766 792 824 ἢ
824 767 957 821 ζώειν.
991 766 1039 809 αἴ
1064 781 1108 808 τε
1137 765 1220 821 γὰρ
1253 778 1355 822 συμ-

26 980 135 1015 initio
157 978 335 1015 orationis
365 978 417 1015 sic
438 978 558 1029 posita
586 979 689 1015 conf.

26 1042 123 1072 nott.
157 1034 207 1072 ad
232 1037 262 1084 Ι,
285 1037 350 1081 30,
371 1035 437 1070 ubi
468 1036 583 1071 etiam
603 1049 690 1072 ver—

25 1092 120 1129 bum
135 1090 287 1142 ἐπῆλθε
308 1091 446 1127 eodem
465 1104 589 1139 sensu,
614 1105 688 1143 quo

25 1147 88 1186 hic
109 1148 269 1198 ἐσῆλθε.
290 1147 390 1184 Illud
406 1147 579 1185 dativum
598 1162 689 1199 per-

25 1203 141 1243 {onae
161 1206 390 1257 plerumque
410 1205 480 1241 sibi
501 1204 686 1256 adiungit,

25 1269 69 1299 ut
97 1264 139 1299 in
173 1264 266 1300 locis
294 1275 316 1298 a
345 1260 531 1299 Valcken.
570 1263 689 1299 allatis

24 1318 170 1359 Herod.
189 1321 220 1368 Ι,
241 1322 308 1360 30.
329 1320 494 1355 Pausau.
517 1319 615 1367 Vm,
639 1322 689 1359 17

26 1378 65 1422 ᾗ.
97 1379 134 1417 3.
164 1378 316 1415 Isocrat.
346 1374 510 1412 Panath.
529 1378 575 1426 'p.
607 1373 688 1415 244

24 1434 74 1470 A.
104 1432 187 1474 252
215 1433 256 1469 C.
287 1433 347 1481 [c.
381 1435 432 1473 18
465 1433 503 1478 ξ.
530 1431 596 1480 55,
623 1432 690 1468 ubi

25 1490 127 1526 male
164 1490 257 1526 olim
295 1487 504 1539 ὑπέρχεται
539 1495 576 1525 et
605 1502 687 1539 cap.

25 1549 78 1587 36
99 1547 135 1592 §.
157 1548 242 1595 96.]
273 1544 522 1583 Demosthen.
542 1559 582 1596 p.
597 1548 687 1593 100,

24 1605 91 1643 39.
115 1602 218 1652 [vid.
239 1602 324 1640 Iud.
347 1604 511 1639 Graecit.
542 1604 688 1638 Demo-

23 1657 144 1697 stheu.
166 1674 204 1711 p.
217 1662 296 1701 336
309 1661 374 1709 R.]
405 1660 530 1696 Verbo
542 1657 688 1710 ἐσῆλθε

25 1718 282 1754 accusativum
327 1719 463 1754 Noster
502 1715 688 1753 adstruxit

23 1774 90 1821 111,
111 1773 166 1814 42
176 1773 260 1821 (ubi
275 1775 377 1814 conf.
401 1774 516 1820 nott.)
538 1775 567 1820 J,
592 1775 687 1813 116.

23 1830 89 1877 Vl,
121 1831 221 1870 125:
265 1832 400 1881 quibus
431 1829 578 1866 addunt
598 1830 688 1865 Plu-

23 1884 144 1923 tat-ch.
175 1887 210 1921 Π
238 1900 276 1935 p.
311 1888 390 1927 109
417 1887 463 1922 Ε.
502 1884 689 1922 Valcken.

26 1941 75 1979 ad
103 1942 275 1993 Euripid.
317 1941 515 1979 Phoeniss.
567 1944 686 1988 1379,

26 2006 139 2051 atque
158 2000 330 2049 inprimis
351 1997 613 2035 Hemsterhus.
639 1997 687 2034 ad

24 2057 184 2093 Luciau.
206 2057 224 2091 Ι
245 2069 283 2106 p.
305 2058 386 2095 905
411 2057 497 2106 Bip.
527 2054 687 2091 Adsen-

23 2126 111 2150 sum
130 2113 228 2150 bene
243 2111 487 2162 Schweigh.2
539 2112 688 2159 „Subiit

26 2183 174 2220 namque
192 2182 243 2206 me
270 2169 459 2206 humanam
478 2173 602 2205 sortem
623 2170 689 2204 mi-

26 2228 150 2276 serari,
174 2230 391 2277 reputantem
408 2257 417 2273 ‚
450 2239 555 2276 quam
575 2226 688 2261 brevis

25 2287 72 2320 sit
92 2285 253 2320 universa
269 2284 415 2320 hominis
435 2285 522 2320 vita.
539 2284 597 2319 De
612 2281 686 2333 qu&

25 2341 212 2378 sententia
232 2340 279 2377 cf.
300 2347 396 2376 nott.
418 2338 467 2376 ad
492 2340 537 2387 V,
560 2337 600 2380 4.
630 2361 686 2365 —

25 2398 119 2433 Mox
140 2392 290 2435 τούτων
312 2395 398 2433 dedi
418 2409 487 2447 pro
502 2393 685 2436 τουτέων.

27 2453 89 2490 Ad
115 2453 230 2489 verba
251 2449 358 2502 πηροὶ
379 2450 453 2503 τήν
485 2448 580 2503 ζόην
602 2451 686 2501 (in-

27 2513 78 2548 ter
97 2511 226 2556 vitam,
247 2511 286 2546 in
303 2507 396 2560 vita)
428 2510 529 2546 conf.
549 2507 685 2547 Matth.

27 2566 94 2605 Gr'.
115 2568 181 2603 Gr.
203 2567 240 2611 ξ.
262 2565 343 2606 588
363 2577 451 2615 pag.
476 2566 597 2607 1175.

82 2636 141 2688 τῷ
193 2628 242 2673 ου’
296 2629 689 2684 παραστήσεται

29 2687 244 2738 πολλάκις]
293 2691 318 2728 i.
355 2703 390 2727 e.
413 2691 472 2726 cui
500 2702 568 2726 non
590 2700 690 2738 saepe

28 2748 66 2784 in
83 2750 225 2785 mentem
251 2748 384 2784 veniat.
437 2745 691 2782 Locutionem

29 2802 224 2849 illustravit
255 2801 517 2841 Hemsterhus.
541 2800 589 2838 ad
613 2801 691 2838 Lu-

748 977 846 1015 cian.
867 976 921 1012 ΠΙ
940 990 978 1026 p.
1001 977 1214 1027 39215eqq„
1232 975 1293 1011 cui
1324 974 1414 1011 add.

745 1034 827 1069 Ast.
850 1031 898 1068 ad
919 1033 1069 1069 Platon.
1087 1030 1301 1082 Phaednp.
1314 1031 1409 1071 240.

745 1087 944 1126 Heindorf.
976 1088 1023 1125 ad
1062 1088 1229 1125 Phaedr.
1261 1101 1350 1139 pag.
1373 1090 1414 1129 9.

744 1144 887 1182 Herod.
910 1146 990 1193 VII,
1016 1146 1106 1185 187.

801 1208 999 1252 τεθνάναι
1021 1189 1240 1262 βοξῖλεσθαι
1262 1213 1412 1261 μᾶλλον

747 1265 776 1319 ἢ
799 1266 936 1318 ζώειν]
971 1265 1085 1316 ζώειν
1115 1268 1207 1306 dant
1240 1269 1413 1319 plerique

745 1327 832 1363 libri
841 1327 991 1377 scripti3
1011 1326 1188 1362 nonnulli
1210 1325 1293 1375 ζῆν,
1314 1338 1413 1361 unus

745 1384 988 1420 Florentinus
1012 1379 1053 1429 ζό
1060 1398 1118 1422 ειν
1133 1413 1142 1430 ,
1166 1381 1270 1434 quod
1301 1382 1414 1418 Gais-

745 1439 889 1477 fordius
910 1442 1074 1490 recepit,
1106 1453 1150 1476 eo
1173 1439 1309 1489 procul
1339 1437 1414 1474 du—

745 1497 808 1534 bio
830 1504 1058 1542 commotus,
1080 1495 1185 1548 quod
1206 1496 1322 1531 etiam
1344 1490 1412 1545 ζόη

743 1567 813 1605 pro
837 1553 915 1604 ζώη
936 1556 976 1590 in
999 1552 1184 1590 Herodoti
1203 1553 1320 1589 Musis
1329 1552 1415 1602 ple—

743 1624 910 1663 rumque
927 1609 1150 1657 exhibetur3
1176 1610 1225 1646 cf.
1246 1615 1342 1646 nott.
1364 1607 1414 1645 ad

741 1669 772 1716 Ι,
786 1670 854 1708 38.
886 1668 986 1704 Cum
1000 1681 1091 1704 vero
1111 1668 1289 1716 nuspiam
1310 1665 1412 1712 alibi,

744 1732 934 1776 quantum
954 1726 1031 1761 scio
1045 1754 1054 1772 ,
1074 1724 1291 1761 inveniatur
1311 1720 1414 1772 apud

743 1780 985 1818 Herodotum
999 1776 1115 1827 ζόειυ,
1136 1781 1334 1829 vulgatam
1354 1779 1412 1814 le-

748 1839 917 1874 ctionem
938 1850 1027 1874 cum
1052 1838 1205 1888 reliquis
1225 1835 1331 1872 editt.
1353 1848 1412 1871 re-

744 1896 840 1946 liquj
868 1896 1065 1931 intactam.
1133 1894 1219 1943 Ipsa
1255 1898 1412 1928 senten-

743 1953 796 1987 tia
817 1950 920 2000 apud
952 1951 1044 1987 alios
1066 1962 1220 2001 quoque
1250 1949 1412 1999 scripto-

744 2021 803 2044 res
825 2009 989 2044 Graecos
1010 2007 1184 2051 occurrit,
1208 2003 1311 2056 apud
1335 2005 1412 2042 So·-

743 2063 872 2115 phocl.
888 2063 982 2101 Oed.
996 2064 1077 2100 Col.
1094 2062 1213 2103 1225.
1233 2060 1413 2113 Bacchy-

743 2120 809 2158 lid.
841 2121 980 2171 fragm.
1012 2122 1050 2160 3.
1084 2117 1305 2169 Theognid.
1328 2118 1409 2160 543

743 2192 822 2230 seq.
847 2177 946 2226 (423
967 2180 1084 2228 seq),
1115 2177 1181 2212 ubi
1202 2177 1273 2212 alia
1302 2176 1412 2212 simi-

743 2236 793 2271 lia
815 2235 994 2272 excitavit
1012 2232 1245 2271 Welckerus
1261 2246 1300 2283 p.
1318 2234 1411 2272 109.

743 2293 794 2329 Et
820 2290 907 2328 vide
936 2292 1063 2342 ipsum
1099 2288 1342 2326 Herodotum
1381 2289 1411 2336 Ι,

743 2351 811 2388 31.
840 2349 1006 2398 Longiu.
1019 2349 1077 2384 De
1097 2347 1279 2384 sublimit.
1292 2346 1350 2382 IX
1372 2345 1410 2390 §.

742 2407 782 2445 7.
805 2400 886 2443 ἀλλ’
899 2403 998 2456 ἡμῖν
1009 2401 1080 2455 μὲν
1096 2403 1411 2454 δυσδαιμονοῦσι

745 2457 951 2500 ἆποκεῖται
969 2458 1092 2511 λιμήν
1116 2462 1252 2499 κακῶν
1276 2457 1302 2498 ό
1330 2454 1410 2496 θοὶ-

743 2533 870 2564 νατος.
922 2519 999 2555 Ubi
1019 2524 1056 2554 et
1076 2515 1261 2553 Herodoti
1280 2516 1409 2551 locum

744 2582 782 2612 et
802 2576 893 2612 alios
913 2575 1054 2612 similes
1076 2574 1253 2611 excitavit
1271 2569 1409 2607 Ruhn-

743 2631 882 2668 kenius
920 2645 1008 2682 pag.
1039 2629 1123 2671 274
1156 2626 1310 2666 Weisk.
1361 2627 1411 2661 Et

748 2688 879 2725 confer
891 2690 940 2725 sis
961 2699 1114 2739 quoque
1134 2685 1262 2722 Davis.
1284 2681 1332 2719 ad
1345 2682 1411 2718 Ci-

748 2745 894 2782 ceronis
910 2743 1082 2781 Tuscull.
1103 2742 1132 2787 Ι,
1155 2739 1221 2780 34.

806 2800 851 2839 αἵ
865 2813 906 2839 τε
926 2796 1000 2852 γὰρ
1020 2795 1224 2849 συμφοραὶ
1237 2793 1409 2848 προσπί-
