1815 3181
393 230 477 270 346
791 228 1252 267 HERODOTI

398 337 535 392 σφέας
555 335 707 386 ἐόντας
726 335 928 392 βασιλέας
946 336 1246 392 παραθέσθαι,
1279 339 1353 381 καὶ
1377 337 1432 382 ού
1452 340 1654 382 δικαιοῦν

60 415 339 477 iffcffiffiiiiginSibi
367 410 463 462 Ξτῷ
493 405 623 461 ἑτέρῳ
654 403 760 448 ἄνευ
789 409 869 448 τοῦ
908 404 1066 463 ἑτέρους
1089 405 1361 450 ἀποδιδόναι.
1423 405 1487 450 Οὐ
1518 408 1655 462 φαμέ-

60 482 317 553 ἓὲεᾙῐιέξίἐιιζὲξξέ
390 488 481 516 νων
510 472 557 515 δὲ
587 470 834 542 ἀποδεόσειν
862 477 952 516 τῶν
970 471 1226 530 Ἀθηναίων,
1252 475 1367 526 ἔλεξέ
1398 486 1476 530 σφι
1496 479 1657 518 Λευτυ-

60 549 319 620 ggffffgnsssssffia,
391 542 512 596 χίδης
539 538 658 583 τάδε·
696 542 773 592 ,ξῼ
799 539 1044 598 Ἀθηναῖοι,
1075 544 1238 586 ποιέετε
1254 543 1332 598 μὲν
1350 540 1532 595 ὁκότερα
1551 540 1654 596 βού-

61 617 122 646 det·
396 611 551 659 ,,λεσθε
581 605 732 652 αύτοί·
780 609 853 653 καὶ
884 610 968 665 γὰρ
1000 609 1302 662 ἀποδιδόντες,
1342 610 1504 653 ποιέετε
1533 608 1712 652 ὅσια·15

363 675 495 727 3,,καὶ
520 673 579 730 μὴ
610 674 915 728 ἀποδιδόντες,
955 676 1008 720 τά
1040 677 1214 722 ἐναντία
1242 678 1426 722 τούτων.
1480 676 1657 721 Ὁκοῖον

390 743 565 799 ,μέντοι
595 760 636 787 τι
666 745 712 788 έν
741 748 795 802 τῇ
825 744 1012 802 Σπάρτῃ
1043 749 1304 803 συνηνείχθη
1333 744 1540 802 γενέσθαι
1555 745 1654 800 περὶ

389 813 700 870 ,,παραθη’κης,
735 812 954 870 βούλομαι
982 813 1088 869 ὑμῖν
1117 813 1244 858 εἶπαι.
1302 814 1495 870 Λέγομεν
1533 811 1654 869 ἡμεῖς

390 883 463 934 „oi
490 884 786 938 Σπαρτιῆται,
813 881 1018 937 γενέσθαι
1051 882 1098 926 έν
1126 887 1179 939 τῇ
1199 884 1517 938 Λακεδαίμονι,
1545 879 1655 924 κατὰ

391 951 569 1007 7,τρίτην
597 949 746 1006 γενεὴν
774 949 855 1006 τήν
885 948 962 993 ἀπ’
1000 949 1120 1006 ἐμέο,
1167 954 1371 994 Γλαῦκον
1406 949 1655 1000 Ἐπικύδεος

364 1021 567 1071 4,,παῖδα.
603 1022 763 1062 τοῦτον
779 1016 859 1062 τόν
885 1016 1027 1072 ἄνδρα
1057 1018 1202 1074 φαμὲν
1229 1017 1283 1062 τά
1311 1035 1354 1062 τε
1385 1018 1492 1062 ἄλλα
1510 1013 1653 1060 πάντα
1667 1022 1712 1055 20

392 1086 642 1142 ,,περιήκειν
680 1086 734 1130 τοὶ
770 1089 946 1140 πρῶτα,
990 1087 1065 1130 καὶ
1104 1087 1156 1143 δὴ
1187 1087 1260 1130 καὶ
1291 1084 1469 1130 ἀκούειν
1499 1085 1657 1139 ἄριστα

390 1154 703 1211 ,,δικαιοσύνης
742 1154 842 1208 πέρι
879 1153 1068 1206 πάντων,
1112 1153 1211 1198 ὅσοι
1240 1153 1320 1210 τὴν
1349 1155 1656 1208 Λακεδαίμονα

62 356 122 410 ί(ἰιιει
142 347 305 376 vindictam

83 382 195 410 ivinam
205 381 337 418 experti,

391 1226 576 1275 ,,τοῦτον
614 1222 695 1267 τόν
732 1221 896 1279 χρόνον
933 1224 1092 1266 οἴκεον.

334 1437 394 1470 tur
412 1435 618 1483 praetextus
640 1434 858 1483 quaerentes.
914 1431 994 1467 Ea-

333 1488 425 1527 dem
460 1490 624 1536 locutio,
673 1495 717 1525 ut
759 1487 993 1537 Wesseling.

333 1553 503 1594 annotat,
552 1547 593 1582 iu
613 1543 807 1596 Aristoph.
836 1546 992 1596 Lysistr.

332 1605 429 1643 727.
462 1602 524 1640 Ad
553 1603 717 1640 verbum
737 1602 921 1641 δικαιοῦν
944 1601 994 1638 cf.

332 1660 396 1707 VI,
418 1662 487 1700 73.
517 1657 700 1712 βασιλέας
733 1657 821 1695 dedi
839 1671 908 1708 pro
926 1658 994 1709 βα-

334 1717 517 1766 σιλῆας.4
565 1717 671 1762 Quae
715 1714 893 1765 deinceps
932 1728 995 1751 se—

333 1772 615 1825 quuntur‚iude
635 1786 659 1809 a
677 1773 801 1810 verbis
824 1766 995 1822 ὦἈθη-

332 1832 464 1877 ναῖοι,
499 1828 651 1869 ποιέετε
691 1827 762 1880 μὲν
796 1843 831 1867 κ.
866 1843 899 1867 τ.
945 1830 993 1876 λ,

331 1887 422 1923 citat
451 1886 638 1924 Stobaeus
671 1886 839 1932 XXVII,
871 1886 923 1925 14
952 1898 992 1935 p.

335 1942 415 1983 195
444 1956 551 1996 seqq.
574 1944 626 1981 Τ.
658 1944 677 1980 1
705 1957 745 1995 p.
774 1940 857 1983 437
884 1954 991 1994 seqq.

332 2000 450 2038 Gaisf.

388 2055 454 2094 καὶ
466 2052 540 2109 γάρ
563 2051 824 2102 ἀποδιδόντες
843 2053 994 2095 ποιέετε

332 2107 453 2160 ὅσια]
505 2111 786 2163 „Leutychides
819 2125 868 2148 ex
887 2125 991 2151 vero.

331 2169 558 2219 Depositum
578 2168 758 2216 reddere,
788 2182 857 2219 per
875 2182 915 2206 se
935 2182 994 2205 res

332 2231 388 2262 est
427 2224 661 2276 expetenda:
715 2226 782 2277 qui
813 2224 992 2272 reddunt,

331 2281 544 2332 funguntur
564 2281 702 2329 officio,
730 2281 886 2318 laudem
905 2282 993 2318 stri-

333 2345 395 2376 cto
416 2340 498 2375 iure
516 2336 621 2375 haud
630 2344 875 2389 reportantes.
887 2340 992 2374 Haec

332 2396 552 2432 Democrito
595 2407 704 2432 mens
742 2394 842 2445 apud
882 2395 990 2432 Stob.

335 2452 461 2489 Serm.
489 2453 611 2489 XLIV
642 2464 680 2502 p.
717 2452 811 2491 310.
861 2446 991 2502 ὥσπερ

335 2505 430 2555 τοὺς
465 2503 808 2561 παρακαταθήκας
846 2502 992 2546 ἀποδι-

335 2562 476 2611 δόντας
514 2560 563 2605 ού
603 2560 678 2616 χρή
718 2563 990 2603 ἐπαινεῖσθαι·

336 2619 406 2661 τόν
434 2619 477 2661 δὲ
509 2618 565 2673 μή
586 2615 831 2660 ἀποδιδόντα
861 2622 993 2666 κακῶς

336 2674 502 2718 ἀκούειν
530 2677 598 2717 καὶ
624 2673 800 2728 πάσχειν.
857 2678 907 2714 Ut
935 2690 993 2714 res

336 2749 438 2772 nunc
472 2733 612 2772 habent
643 2742 679 2771 et
713 2734 885 2771 seculum
920 2741 991 2777 est,

337 2793 419 2843 quis
446 2791 601 2829 laudem
627 2791 811 2828 recusabit
841 2790 991 2841 deposi-

337 2856 418 2885 tum
439 2861 516 2886 non
536 2849 741 2899 abneganti
751 2845 797 2885 ?“
827 2847 991 2885 Wesse-

1151 1225 1482 1278 συνενειχθῆναι
1526 1221 1574 1266 δέ
1612 1222 1656 1263 οἱ

1049 1430 1166 1478 ling.
1223 1427 1286 1465 Ad
1314 1429 1431 1466 verba
1469 1425 1518 1468 τὰ
1551 1427 1712 1468 ἐναντία

1047 1482 1202 1526 τούτων
1228 1486 1300 1535 (sie
1321 1485 1411 1523 dedi
1429 1499 1498 1537 pro
1519 1483 1709 1533 τουτέων)

1051 1543 1152 1581 conf.
1173 1541 1308 1580 Matth.
1331 1544 1396 1580 Gr.
1419 1544 1485 1580 Gr.
1505 1554 1594 1594 pag.
1616 1543 1710 1582 680.

1049 1602 1178 1652 Atque
1198 1598 1256 1637 his
1276 1601 1400 1638 verbis
1416 1631 1426 1649 ‚
1459 1613 1556 1652 quae
1588 1610 1711 1649 oppo-

1050 1665 1196 1694 nuntur
1233 1660 1318 1703 τοῖς
1346 1655 1494 1705 ὁσίοις,
1539 1655 1639 1706 nefas
1678 1667 1709 1691 s.

1051 1714 1162 1752 scelus
1190 1714 1335 1751 involvi
1364 1720 1480 1764 patet.
1551 1714 1598 1748 In
1617 1723 1710 1762 pro-

1049 1773 1156 1808 xime
1191 1783 1298 1822 seqq.
1329 1769 1464 1821 μέντοι
1505 1767 1711 1820 respondet

1049 1826 1290 1865 antecedenti
1311 1825 1498 1877 (ποιέετε)
1520 1823 1604 1875 μὲν,
1624 1825 1709 1862 viee

1047 1885 1255 1937 particulae
1293 1882 1349 1922 δέ.
1425 1882 1535 1921 Conf.
1574 1884 1710 1919 Zeune

1049 1941 1100 1980 ad
1118 1942 1246 1991 Viger.
1270 1953 1358 1992 pag.
1379 1939 1476 1982 556.
1497 1937 1642 1980 Herod.
1659 1939 1709 1986 ΙΙ,

1051 1999 1145 2040 105.
1174 1999 1241 2046 111,
1261 2000 1330 2039 36.
1355 1996 1447 2039 135.
1466 1997 1532 2035 IV.
1550 1996 1619 2038 25.
1639 1994 1709 2037 46.

1048 2058 1117 2097 97.
1140 2057 1234 2096 103.

1107 2113 1289 2151 Γλαῦκον
1306 2105 1541 2156 Ἐπικύδεος
1561 2107 1706 2155 παῖδα]

1050 2168 1109 2206 Cf.
1137 2169 1301 2205 Pausan.
1334 2169 1383 2215 Π,
1416 2168 1465 2207 18
1487 2168 1524 2212 §.
1545 2168 1584 2204 2.
1613 2164 1709 2200 Plu—

1047 2223 1221 2262 tarch.II
1238 2236 1327 2275 pag.
1358 2222 1451 2264 556.
1510 2222 1615 2267 Quae
1648 2234 1710 2257 se-

1047 2287 1242 2333 quuntur:
1297 2281 1440 2319 τοῦτον
1471 2275 1542 2318 τόν
1581 2274 1709 2328 ἄνδρα

1050 2334 1183 2387 φαμὲν
1209 2331 1258 2376 τά
1286 2350 1326 2374 τε
1357 2332 1455 2374 ἄλλα
1485 2330 1619 2374 πάντα
1636 2348 1708 2373 πε-

1049 2392 1204 2446 ριήκειν
1232 2389 1279 2432 τά
1301 2394 1457 2444 πρῶτα,
1473 2393 1709 2429 illustrantur

1046 2464 1099 2486 ex
1115 2450 1196 2497 VII,
1223 2452 1271 2490 16
1294 2450 1331 2494 ξ.
1359 2452 1393 2497 l,
1415 2449 1501 2489 coll.
1521 2445 1707 2486 Abnesch.

1047 2504 1240 2544 Dilucidd.
1272 2504 1453 2558 Thucyd.
1488 2518 1577 2557 pag.
1613 2502 1707 2552 374,

1049 2577 1166 2616 quem
1187 2564 1276 2600 citat
1297 2563 1528 2613 Wesseling.
1585 2563 1707 2598 Nam-

1049 2634 1124 2672 que
1135 2621 1367 2658 accusativus
1379 2616 1449 2658 τόν
1463 2616 1590 2671 ἄνδρα
1606 2631 1707 2669 pen-

1049 2677 1113 2714 det
1149 2691 1170 2714 a
1208 2678 1325 2715 verbo
1363 2672 1568 2727 περιήκειν
1583 2704 1594 2722 ,
1631 2672 1705 2711 hoo

1047 2735 1125 2771 fere
1144 2747 1256 2772 sensu
1268 2763 1278 2782 ,
1306 2735 1344 2770 ‘in
1364 2733 1456 2770 hunc
1474 2734 1585 2770 virum
1601 2731 1700 2768 deve-

1045 2793 1137 2828 nisse
1154 2792 1271 2828 omnia
1291 2803 1321 2827 s.
1341 2789 1434 2826 hunc
1453 2791 1564 2826 virum
1584 2789 1700 2825 omm'a

1047 2861 1180 2886 summa
1195 2860 1265 2885 esse
1291 2849 1516 2884 consecutum.
