1870 3249
388 213 673 249 TERPs
654 213 1052 248 lenoni-1.
1114 212 1157 247 V.
1324 212 1402 251 151

132 320 401 376 Ἐπιδαύριοι
431 318 587 374 κότερα
617 324 782 374 χαλκοῦ
811 319 1044 363 ποιέωνται
1075 318 1127 362 τοὶ
1154 317 1404 374 ’ἀγάλματα,
1466 331 1633 356 exoraeuio
1648 328 1710 356 fau„
1711 330 1739 355 ι

133 389 162 444 ἢ
191 392 344 432 λίθου·
384 387 410 445 ἡ
453 388 499 432 δὲ
544 391 695 443 Πυθίη
735 387 945 440 οὐδέτερα
986 388 1155 431 τούτων
1188 387 1258 436 έά,
1298 383 1405 430 ἀλλὰ
1464 362 1739 431 ῘιῗὲιιῖἒίἰῠυῗιὺεΑιῘέιιῗέ

1466 429 1591 457 Miuerv
1595 439 1632 457 ae
1644 434 1674 457 et

106 456 275 507 4ξὺλου
305 455 469 513 ἡμέρης
501 456 657 513 ἐλαίης.
712 455 910 499 Ἐδέοντο
954 450 1017 498 ὦν
1057 457 1101 499 οἱ
1137 453 1406 507 Ἐπιδαύριοι
1464 463 1689 491 Erechtheoin

132 522 376 579 Ἀθηναίων
413 525 566 580 ἐλαίην
605 536 685 578 σφι
725 526 883 566 δοῦναι
913 522 1150 577 ταμέσθαι,
1193 520 1406 576 ἱρωτάτας
1464 518 1572 570 raetis,
1593 531 1694 559 oleas-
1690 535 1738 556 ιι

1464 497 1600 536 singulos
1624 505 1701 524 anno

1465 565 1573 595 tinent.

132 591 186 647 δὴ
213 593 360 642 κείνας
388 594 641 648 νομίζοντες
670 590 799 635 εἶναι·
832 591 998 647 λέγεται
1027 590 1163 633 δὲκαὶ
1189 588 1248 640 ὥς
1265 589 1407 632 ἐλαῖαι

131 655 245 715 ἦσαν
274 661 433 704 ἄλλοθι
466 665 546 717 γῆς
577 658 779 715 οὐδαμοῦ
797 659 895 703 κατ’
926 660 1096 703 ἐκεῖνον
1126 659 1201 702 τὸν
1228 657 1407 739 xpo'vov:
1419 665 1464 697 90

100 725 158 783 5η
185 727 409 785 Ἀθήνῃσι.
466 730 510 771 οἱ
550 729 595 772 δὲ
626 728 694 771 ἐπὶ
733 730 878 771 τοῖσδε
911 726 1070 770 δωσειν
1100 727 1293 782 ἔφασαν,
1333 724 1402 768 ἐπ’

130 797 164 851 ᾧ
196 795 410 848 απάξουσι
449 797 563 847 έτεος
602 795 788 839 ἑκάστου
817 812 869 850 τη
900 793 1108 851 Ἀθηναίῃ
1139 811 1183 837 τε
1226 811 1278 850 τη
1319 797 1403 836 Πο-

102 863 297 907 fiand&
280 882 379 918 ιρα,
421 864 494 907 καὶ
527 868 586 920 τῷ
615 863 822 920 Ἐρεχθέῖ.
870 863 1203 913 καταινέσαντες
1244 859 1287 905 δ’
1333 861 1402 904 ἐπὶ

70 1068 274 1118 Matthiae,
306 1071 347 1106 in
369 1071 434 1106 Gr.
457 1070 524 1106 Gr.
541 1071 669 1106 locum
681 1072 733 1105 sic

71 1128 345 1178 interpretans:
397 1130 515 1163 utrum
554 1129 660 1175 signa
691 1139 734 1163 ei·

66 1196 149 1221 aere
179 1187 273 1235 ipsos
292 1183 416 1234 facere
448 1184 571 1231 vellet,
609 1184 648 1219 ob
685 1185 736 1219 st'e

37 1259 44 1264 ‘
67 1241 212 1279 machon
248 1241 384 1278 sollten.
451 1241 551 1276 Nam
582 1239 630 1276 de
665 1253 724 1287 eo,

71 1304 114 1335 ut
134 1298 182 1335 G.
209 1300 420 1335 Hermann.
448 1298 501 1334 ait
529 1296 577 1334 ad
605 1297 734 1347 Viger,

71 1367 160 1405 pag.
180 1354 263 1397 947
285 1355 372 1393 coll.
395 1355 556 1405 Opuscc.
585 1352 733 1390 Acadd.

73 1412 122 1449 IV
139 1424 228 1462 pag.
250 1414 304 1453 93
317 1441 327 1460 ‚
356 1412 413 1448 illi
433 1411 733 1462 interrogabant,

69 1472 280 1518 oporteretne
307 1470 407 1520 ipsos
438 1482 487 1505 ex
514 1467 586 1505 hac
615 1481 663 1504 an
686 1481 735 1504 ex

72 1525 142 1561 alia
200 1528 361 1562 materia
408 1526 532 1562 facere
581 1532 734 1562 statuas.

69 1581 212 1627 Quodsi
261 1584 470 1619 retineatur
516 1581 733 1629 ποιέονται,

67 1652 210 1687 sensus,
251 1639 390 1676 eodem
409 1646 595 1676 mouente
627 1641 730 1675 Her-

67 1708 224 1744 manno,
257 1696 387 1734 foret:
444 1696 729 1745 interrogabant,

65 1756 184 1790 utrum
205 1765 326 1790 aereas
347 1767 394 1790 an
405 1753 568 1803 lapideas
583 1752 733 1803 facturi

64 1813 195 1856 essent,
228 1810 290 1845 vel
322 1808 446 1859 facere
480 1809 627 1846 solerent
655 1813 729 1846 sta-

68 1868 162 1912 tuas,
180 1878 344 1916 quorum
364 1867 548 1916 posterius
569 1867 730 1902 nonnisi

68 1919 117 1956 de
154 1922 234 1958 aliis
264 1923 498 1971 interrogare
540 1929 728 1972 poterant.

66 1977 180 2017 Conf.
201 1990 314 2028 supra
327 1979 374 2025 V,
395 1977 464 2019 43.
482 2000 538 2004 —-
557 1980 616 2014 De
632 1979 728 2026 olea,

67 2046 172 2070 sacra
200 2035 394 2071 Minervae
422 2034 578 2081 arbore,
623 2036 729 2071 cuius

66 2103 161 2126 mox
197 2093 343 2128 mentio
377 2091 440 2138 fit,
478 2104 636 2128 monere
663 2093 728 2129 vix

65 2159 174 2197 opus.
223 2147 310 2184 vid.
342 2148 727 2199 Creuze1.Sy1nbol.

63 2205 100 2240 II
118 2216 207 2254 pag·
240 2206 335 2245 728.
355 2207 438 2245 730
458 2218 537 2257 seq
560 2190 656 2246 7⁷55.

118 2259 269 2313 λέγεται
292 2260 334 2300 δὲ
355 2259 423 2300 καὶ
451 2277 505 2308 ως
528 2261 657 2300 ἐλαῖαι
678 2254 724 2313 ἦ·

64 2328 140 2356 σαν
158 2333 194 2357 κ.
211 2332 244 2356 τ.
266 2320 300 2356 λ.
313 2319 330 2367 ]
362 2319 446 2355 Hoc
477 2319 615 2356 salsum
644 2331 725 2355 esse

62 2387 134 2410 nec
169 2375 296 2425 ipsum
330 2376 553 2427 scriptorem
590 2375 725 2426 fugere.

64 2432 229 2481 potuisse
250 2439 405 2469 annotat
420 2432 653 2483 VVesseling.
675 2431 725 2469 ad

61 2489 281 2525 iactantiam
336 2487 629 2530 Atheniensium
687 2496 725 2526 et

60 2557 174 2595 saepe
195 2545 425 2583 inculcatam
434 2547 505 2583 sibi
525 2546 723 2596 gloriatin-

60 2613 153 2638 nem
174 2602 260 2638 talia
293 2602 460 2640 reserens
479 2609 516 2639 et
537 2601 721 2654 Sophocl.

58 2657 158 2698 Oed.
188 2659 271 2695 Col.
291 2660 367 2699 691
394 2658 565 2697 laudans.
605 2659 722 2707 Add.,

63 2722 221 2752 notante
276 2714 357 2763 Cr„
406 2716 536 2754 Stuart
563 2716 722 2768 Antiqq.

64 2770 206 2809 Athen.
248 2773 334 2809 Vol.
375 2774 388 2808 l
421 2773 458 2808 in
480 2774 662 2809 Annoiat.
684 2787 721 2823 p.

63 2827 144 2870 497
175 2842 278 2881 seqq.
331 2829 392 2866 ed.
426 2830 608 2866 German.
672 2830 724 2866 Ac

792 1077 894 1105 recte
917 1071 959 1105 U.
973 1071 1017 1106 Ο.
1030 1070 1192 1105 Miillero
1209 1070 1287 1117 (De
1299 1070 1458 1104 Minerv.

792 1126 940 1163 Poliad.
980 1138 1070 1176 pag.
1101 1126 1189 1175 30)
1230 1125 1304 1162 hoc
1325 1126 1461 1161 saltem

790 1182 862 1219 hac
896 1196 945 1219 ex
975 1183 1192 1219 narratione
1221 1182 1324 1219 effici
1352 1195 1461 1232 posse

790 1238 964 1287 videtur,
995 1246 1039 1276 ut
1067 1238 1179 1276 oleam
1218 1240 1257 1275 iu
1299 1239 1459 1275 Graecia

791 1297 884 1333 olim
905 1309 1101 1349 perraram
1126 1296 1241 1333 fuisse
1262 1297 1460 1333 existime-

790 1367 892 1391 mus.
952 1354 1060 1399 Quae
1081 1353 1193 1390 arbor
1212 1352 1304 1389 inde
1324 1354 1460 1403 singu-

791 1411 861 1447 lari
890 1410 981 1448 θυι-ἐι
1011 1417 1048 1447 et
1088 1410 1229 1446 eximia
1261 1408 1457 1460 diligentia

792 1469 980 1505 abAtficis
992 1465 1215 1504 hominibus
1227 1468 1329 1504 culta
1339 1467 1458 1518 ipsius

791 1524 886 1562 deae
939 1525 1082 1562 tutelae
1123 1525 1230 1576 quasi
1275 1525 1458 1575 permissa

791 1589 872 1618 erat
885 1612 894 1630 ‚
935 1582 984 1619 ob
1010 1594 1197 1632 magnam
1216 1581 1457 1632 potissimum

787 1640 992 1676 utilitatem
1022 1640 1172 1676 Atticae
1209 1645 1333 1674 terrae
1363 1636 1454 1675 hinc

785 1697 1090 1746 provenientem.
1187 1696 1303 1731 Plura
1348 1694 1453 1731 idem

785 1753 936 1790 Miiller.
964 1754 989 1790 l.
1011 1754 1037 1789 l.
1060 1760 1097 1789 et
1115 1751 1290 1789 Boeckh.
1306 1752 1455 1788 Staats-

786 1808 977 1847 haushalt.
997 1823 1074 1846 von
1094 1808 1267 1845 Athen]
1287 1808 1456 1859 pag.44.

788 1866 856 1907 45.
877 1889 933 1893 —
953 1861 1059 1916 ’ἦσαν
1078 1867 1230 1916 reposui
1251 1877 1320 1915 pro
1344 1863 1451 1903 ἕσαν.

785 1917 1005 1976 Ἀθήνῃσι,
1022 1929 1122 1958 recte
1135 1928 1319 1958 monente
1330 1922 1452 1958 VVes-

787 1979 967 2028 selingio,
1015 1978 1122 2015 idem
1160 1985 1215 2015 est
1255 1985 1369 2030 atque
1409 1977 1454 2017 ἓν

786 2030 992 2090 Ἀθήνῃσι
1005 2034 1129 2087 (quod
1142 2036 1268 2086 ipsum
1279 2034 1451 2072 hocloco

784 2092 912 2142 plures
932 2091 1099 2128 afferunt
1118 2091 1251 2141 codd.)
1266 2122 1275 2138 ‚
1297 2091 1360 2137 VI,
1382 2093 1451 2133 85.

783 2148 883 2196 VHI,
927 2151 993 2189 79.
1054 2147 1155 2186 Add.
1194 2149 1360 2185 Iacobitz
1402 2148 1450 2185 ad

782 2206 943 2243 Lucian.
962 2206 1111 2242 Toxar.
1122 2219 1162 2257 p.
1180 2204 1246 2245 43.
1264 2207 1449 2246 116.187

781 2263 822 2298 in
852 2261 1034 2300 Addeud.
1079 2263 1153 2308 Qui
1181 2275 1202 2298 e
1222 2263 1451 2299 Buttmanni

781 2327 986 2371 praecepto
1018 2319 1223 2369 (Gramm.
1245 2321 1335 2355 mai.
1356 2320 1392 2355 ΙΙ
1409 2332 1448 2369 p.

783 2378 888 2426 276)
910 2377 1023 2414 scribi
1043 2377 1125 2413 vult
1144 2371 1346 2427 Ἀθήνησι
1365 2377 1447 2412 siue

780 2433 851 2469 iot.
871 2435 1071 2484 subscript.
1103 2434 1168 2470 Tu
1191 2433 1326 2469 confer
1345 2445 1447 2484 quo-

781 2502 857 2542 que
869 2492 915 2538 V,
938 2491 1005 2532 59.
1018 2493 1070 2531 63
1091 2490 1174 2537 fin.,
1194 2490 1261 2526 ubi
1281 2502 1444 2541 praepo-

778 2548 865 2584 sitio
885 2561 963 2584 non
987 2546 1115 2584 addita
1136 2553 1203 2586 est.

838 2603 880 2642 σῖ
899 2601 940 2643 δὲ
963 2602 1046 2643 ἐπὶ
1079 2620 1097 2642 τ
1113 2603 1227 2642 οῖσδ
1244 2616 1260 2640 ε
1301 2596 1446 2640 δώσειν

777 2659 960 2710 ἔφασαν,
992 2656 1070 2699 ἐπ’
1107 2655 1138 2714 ᾧ
1179 2675 1214 2697 κ.
1237 2673 1265 2696 τ.
1287 2658 1339 2705 λ.]
1382 2656 1442 2693 Ad

779 2730 901 2764 genus
922 2716 1073 2754 dicendi
1098 2717 1199 2754 cons.
1221 2716 1286 2760 ΙΙΙ,
1299 2712 1367 2755 48·
1377 2715 1443 2754 83.

779 2746 862 2821 Vll,
886 2772 978 2814 154.

839 2832 890 2883 τῇ
907 2825 1106 2881 Ἀθηναίῃ
1126 2843 1166 2867 τε
1201 2829 1248 2881 τῇ
1275 2823 1441 2866 Πολιάδι
