1834 3258
568 215 870 253 ERATO.
929 215 1000 252 VI.
1333 214 1414 253 331

155 347 255 385 κριν
283 327 412 372 πόλιν
441 325 674 407 πρόθυμος
702 319 758 380 ἦν
785 327 874 367 τῶν
902 322 1125 378 Ἀρκάδων
1153 338 1258 372 τους
1288 336 1417 375 προε-

155 402 337 446 στεῶτας
376 393 580 449 ἀγινέων,
620 394 832 445 ἐξορκοῦν
872 391 920 436 τό
958 391 1132 446 Στυγὸς
1167 389 1303 445 ὕδωρ.

130 466 210 510 3δὲ
241 464 374 521 ταύτῃ
416 466 469 520 τῇ
508 461 610 506 πόλι
646 463 810 517 λέγεται
850 459 961 504 εἶναι
998 457 1076 503 ὑπ’

157 531 328 586 Στυγὸς
367 530 503 585 ὕδωρ.
552 531 624 574 καὶ
663 530 714 585 δὴ
753 530 826 573 καὶ
860 528 947 572 ἔστι
976 527 1147 571 τοιόνδε
1184 544 1237 571 τι.

1111 457 1333 512 Ἀρκοὶδων
1368 458 1417 502 τὸ

1294 526 1416 580 ὕδωρ

158 599 308 656 ὀλίγον
339 597 632 655 φαινόμενον,
671 597 717 640 ἐκ
746 597 902 652 πέτρης
931 595 1069 649 στάζει
1098 596 1141 646 ἐς
1170 594 1325 651 ἄγκος·
1366 593 1415 638 ‘cd
1429 596 1473 634 45

99 795 263 845 respexit
283 794 456 832 Eustath.
478 794 526 832 acl
545 796 588 832 Il.
612 796 757 845 p.301‚

103 852 152 891 18
173 864 201 889 s.
224 853 317 899 228,
345 856 382 900 3,
413 867 462 889 ex
490 860 596 903 parte
617 851 760 888 descri-

103 909 176 958 psit
199 907 385 947 Stobaeus
405 911 555 960 Eclogff
529 908 758 961 zyphysicc.

100 971 138 1000 et
177 963 312 1002 ethicc.
355 968 385 1015 I,
428 968 481 1008 52
520 979 609 1018 pag.
652 964 759 1006 1015

99 1022 263 1059 Heeren.

156 1075 370 1129 πρόθυμος
417 1072 471 1129 ἦν
491 1101 547 1106 —-
566 1078 760 1129 ἐξορκοῦν

99 1131 144 1174 τό
174 1133 329 1186 Στυγός
364 1131 505 1188 ὕδωρ]
544 1138 589 1171 In
610 1135 759 1171 duobus

100 1190 212 1229 codd.
248 1199 369 1229 exstat
397 1191 584 1244 ἔξορκοῦ,
626 1193 667 1228 in
696 1204 760 1227 re—

99 1247 211 1300 liquis
223 1247 417 1301 ἒξορκῶνς
441 1249 545 1301 quod
560 1262 649 1286 cum
670 1248 760 1284 ferri

99 1313 287 1357 nequeat,
326 1308 539 1357 recepimus
574 1304 760 1344 Valcken.

36 1390 42 1394 s
101 1362 413 1399 emendationem
432 1363 624 1416 ἐξορκοῦν
637 1390 648 1411 ‚
671 1375 762 1400 cum

101 1418 239 1456 eodem
258 1422 526 1471 praecipiente,
555 1421 763 1457 formulam

100 1471 313 1528 πρόθυμος
333 1478 408 1528 ἡν,
430 1474 653 1529 προθύμως
676 1475 760 1528 ἔχω,

100 1533 311 1571 infinitivus
342 1536 511 1586 excipiat
531 1548 684 1572 necesse
704 1535 764 1571 sit.

100 1590 228 1642 Atque
262 1590 452 1642 ἐξορκοῦν
477 1589 520 1631 τὸ
540 1589 692 1644 Στυγος
714 1587 764 1629 ῦ-

101 1647 183 1699 δωρ
215 1654 270 1684 est
282 1660 294 1691 ι,
323 1649 553 1686 iureiurando
582 1662 647 1700 per
670 1648 764 1699 Sty-

99 1716 179 1753 gem
198 1717 227 1743 s.
251 1703 423 1755 Stygiam
446 1719 577 1755 aquam
604 1705 761 1742 adstrin-

100 1773 182 1810 gere
203 1761 423 1813 (aliquem).
476 1764 544 1799 Est
563 1775 654 1800 vero
667 1763 762 1813 Sty-

101 1819 211 1868 gium
229 1820 487 1856 iuramentum
509 1820 686 1856 omnium
695 1819 763 1856 fir-

100 1875 314 1911 missimum
375 1889 418 1913 ac
483 1877 762 1913 sanctissimum

101 1929 283 1982 idemque
304 1933 419 1968 etiam
439 1934 716 1982 gravissimum,
732 1934 763 1969 si

104 1986 263 2039 quidem
281 1989 359 2025 eius
378 1990 625 2026 violationem
654 2002 767 2039 prae-

105 2045 323 2095 cipitatione
351 2046 392 2081 in
412 2047 620 2082 Tartarum
650 2047 767 2096 puni-

104 2107 184 2138 tam
204 2114 283 2138 esse
304 2102 559 2140 crediderunt.
599 2104 657 2138 De
672 2116 763 2155 quo,

103 2159 332 2195 Pausaniam
352 2166 395 2196 ut
414 2166 562 2196 taceam
581 2160 686 2206 VIII,
714 2161 763 2200 18

105 2216 142 2260 ξ.
175 2217 210 2263 1,
240 2217 449 2253 accuratius
478 2230 602 2267 nuper
633 2215 765 2266 dispu-

103 2273 197 2309 tavit
217 2272 259 2309 C.
279 2272 445 2310 Putsche
465 2274 503 2310 in
529 2275 765 2310 Commentt.

103 2329 321 2366 Homerico.
340 2343 442 2381 spec.
462 2332 480 2367 I
496 2331 563 2380 (de
582 2332 621 2368 vi
641 2343 766 2367 acna-

104 2391 189 2422 tura
208 2387 412 2424 iuramenti
432 2387 558 2440 Stygii
578 2388 764 2438 eto.Lips.

110 2442 250 2491 1832.)
288 2457 326 2494 p.
359 2446 540 2486 20—27
559 2445 766 2482 Homerica

106 2499 345 2549 potissimum
362 2506 538 2540 tractans.
596 2503 662 2538 Tu
687 2500 766 2539 vid.

106 2557 346 2606 potissimum
360 2557 403 2602 Il,
423 2559 470 2606 11,
490 2557 571 2599 755
591 2558 677 2606 (ubi
687 2560 768 2594 He-

108 2611 232 2650 rodoti
259 2614 365 2650 locus
393 2627 472 2651 nou
502 2615 599 2665 fugit
627 2617 768 2652 Eusta—

112 2668 285 2720 thium),
318 2671 435 2716 XIV,
466 2674 543 2712 271
567 2685 648 2724 seq.
683 2672 769 2720 XV,

113 2729 166 2768 38
186 2740 265 2779 seq.
293 2734 364 2764 etc.

168 2780 235 2823 ὑπ’
249 2779 482 2836 Ἀρκάδων]
515 2785 571 2820 Ita
598 2784 769 2836 plerique

113 2839 197 2877 libri
216 2842 356 2892 scripti.
413 2842 458 2877 In
480 2839 653 2878 Mediceo
675 2842 770 2878 alio-

816 805 891 844 que
912 789 996 828 cod.
1010 803 1099 827 cum
1112 798 1207 827 esset
1227 792 1307 828 τῶν
1326 785 1476 841 Ἀρκά-

817 849 919 895 δων,
937 847 1027 884 inde
1048 848 1337 897 Wesselingius,
1360 859 1477 898 quem

817 904 1012 943 Sohaefer.
1031 911 1067 941 et
1083 903 1219 941 Matth.
1241 904 1360 941 secuti
1375 910 1476 950 sunt,

818 961 935 999 edidit
954 958 1034 1000 ὑπὸ
1057 964 1139 1000 τῶν
1156 957 1382 1012 Ἀρκάδων.

873 1015 984 1070 ὕδωρ
1005 1014 1140 1069 ὀλίγον
1159 1014 1419 1067 φαινόμενον,
1434 1016 1476 1056 ἐκ

816 1073 960 1125 πέτρης
985 1070 1147 1121 στάζει’
1130 1089 1169 1120 ες
1190 1071 1336 1127 ἄγκος]
1361 1075 1477 1110 Paus.

815 1132 1027 1179 V111‚18§.
1040 1134 1088 1171 2:
1112 1128 1154 1170 τὸ
1170 1126 1425 1182 δὲῧδωρτό’
1400 1127 1481 1169 απὸ

815 1191 888 1228 τοῦ
919 1190 1103 1240 κρημνοῦ
1142 1190 1214 1226 τοῦ
1253 1183 1361 1237 παροὲ
1405 1201 1479 1237 την

818 1241 1038 1315 Νώνακριν
1088 1241 1228 1291 στάζον
1280 1243 1480 1284 ἐπιπίπτει

818 1300 890 1355 μὲν
901 1305 1058 1354 πρῶτον
1075 1300 1115 1349 ἐς
1134 1298 1481 1353 πέτρανυψηλην,

820 1356 1026 1408 διεξελθὸν
1047 1356 1089 1397 δὲ
1112 1356 1178 1398 διαὶ
1198 1361 1269 1409 τῆς
1287 1356 1430 1409 πέτρας
1442 1357 1481 1404 ἐς

818 1414 886 1457 τὸν
910 1418 1076 1467 Κρᾶθιν
1103 1413 1281 1466 ποταμὸν
1315 1412 1480 1455 κάτεισι.

821 1475 927 1520 Quae
949 1474 1146 1511 verissime
1167 1474 1220 1510 sic
1247 1471 1345 1509 tradi
1365 1479 1482 1509 testa-

818 1538 878 1569 tus
899 1538 954 1568 est
979 1530 1286 1581 diligentissimus
1299 1529 1409 1566 huius
1420 1542 1483 1565 re-

819 1590 942 1640 gionis
962 1595 1227 1639 perscrutator,
1248 1588 1362 1623 Liber
1382 1588 1482 1622 Baro

821 1645 869 1683 de
900 1644 1166 1695 Stackelberg,
1198 1646 1265 1696 qui
1297 1646 1412 1681 etiam
1442 1644 1481 1679 in

821 1716 935 1754 opere
955 1702 1273 1753 splendidissimo,
1297 1700 1401 1753 quod
1420 1702 1482 1736 in-

819 1761 994 1797 scribitur
1015 1761 1098 1807 „La
1121 1759 1257 1796 Grece.
1287 1760 1388 1794 Vues
1410 1758 1485 1808 pit-

818 1824 1014 1868 toresques
1026 1823 1061 1853 et
1070 1813 1301 1868 typograph.
1304 1816 1327 1834 ‘⁶
1359 1814 1485 1863 (Paris

821 1875 927 1914 1831
964 1873 1080 1924 seq.)
1139 1873 1320 1923 Stygium
1358 1872 1484 1907 rivum

819 1942 1054 1981 omnemque
1083 1930 1282 1980 regionem
1312 1926 1487 1964 exhibuit

823 1985 943 2037 lapidi
978 1987 1152 2025 incisam.
1210 1984 1298 2023 Vid.
1338 1986 1479 2022 livrais.

823 2044 944 2081 XVII.
1004 2044 1088 2089 Quo
1123 2049 1277 2080 auctore
1320 2055 1341 2078 e
1370 2055 1486 2078 cacu-

821 2101 927 2136 mine
947 2101 1087 2137 montis
1109 2100 1329 2151 praerupti,
1366 2112 1485 2151 quem

821 2170 900 2194 non
954 2159 1034 2194 sine
1080 2158 1250 2208 periculo
1303 2155 1484 2193 escendas

821 2213 999 2264 (vocatur
1013 2211 1206 2266 Χαλμὸς),
1223 2214 1368 2265 prosilit
1386 2214 1484 2261 fons,

821 2273 889 2323 qui
922 2284 942 2307 e
972 2273 1070 2309 saxis
1098 2271 1366 2323 praecipitibus
1394 2284 1485 2307 eum

820 2329 899 2365 fere
919 2329 958 2364 in
979 2328 1143 2365 modum
1171 2328 1381 2370 delabitur,
1410 2341 1486 2379 quo

821 2387 861 2422 in
891 2387 1040 2422 Bernae
1061 2387 1222 2436 Alpibus
1243 2392 1389 2422 torrens
1409 2386 1486 2432 ille,

821 2444 980 2479 nomine
1012 2442 1220 2481 Staubbach
1253 2443 1486 2493 praecipitat,

822 2499 1014 2552 siquidem
1046 2513 1167 2552 aquae
1191 2513 1259 2551 per
1275 2512 1403 2536 aerem
1424 2498 1484 2535 di-

824 2570 972 2608 spersae
991 2559 1091 2594 inter
1110 2558 1261 2608 lapsum
1281 2557 1397 2593 autin
1412 2569 1485 2591 ne-

824 2615 931 2652 bulas
953 2613 1153 2652 dissolutae
1175 2615 1315 2664 exigua
1335 2619 1485 2649 tantum

825 2684 912 2722 pars
951 2672 1072 2722 ipsam
1111 2678 1250 2708 terram
1280 2676 1411 2719 tangat
1441 2681 1486 2705 eo

825 2729 905 2765 fere
926 2729 1023 2774 loco,
1052 2741 1128 2780 quo
1151 2741 1199 2764 ex
1219 2728 1297 2763 imo
1317 2738 1409 2762 saxo
1430 2726 1487 2762 al-

826 2792 883 2822 ter
903 2787 1072 2822 exoritur
1090 2785 1186 2830 sous,
1209 2784 1275 2834 qui
1294 2795 1387 2820 mox
1400 2783 1488 2819 Cra-

826 2840 883 2878 thi
933 2844 1013 2879 r1vo
1054 2855 1092 2878 se
1133 2839 1327 2878 admiscet.
1406 2841 1488 2890 Ipsa

1364 389 1412 433 ἐν
1469 384 1552 425 472
