1789 3258
445 245 922 282 POLYMNIA.
981 246 1081 282 vll.

1309 245 1395 285 635

129 357 289 414 Ἀχαιοὶ
319 357 363 399 οἱ
380 358 592 407 Φθιῶται,
623 355 697 398 καὶ
725 356 926 411 Θηβαῖοι,
954 354 1029 398 καὶ
1050 355 1094 397 οἱ
1124 351 1248 396 ἄλλοι
1259 356 1394 396 Βοιω-
1407 363 1452 396 10

103 425 210 477 Ξτοὶ,
243 424 355 479 πλὴν
400 423 619 467 Θεσπιέων
648 439 692 466 τε
724 423 797 466 καὶ
830 423 1096 465 Πλαταιέων.
1152 419 1259 464 Ἐπὶ
1295 421 1394 464 τού-

130 503 242 537 τοισι
271 494 315 536 οἱ
331 491 535 550 ι’Έλληνες
554 492 714 548 ἔταμον
742 490 896 547 ὅρκιον
919 492 963 534 οἱ
992 494 1055 548 τῷ
1075 489 1289 547 βαρβάρῳ
1317 488 1393 534 πό-

72 714 141 751 bus
168 720 363 764 separatur
384 727 404 750 a
435 713 579 765 reliqua
601 711 730 749 Thes-

71 771 175 808 salia.
233 769 319 807 vid.
346 771 491 822 Scylax
512 772 549 815 ξ.
571 772 623 810 66
641 782 729 820 pag,

70 827 125 868 25
145 825 319 863 Hudson.
350 841 388 878 p.
411 830 490 868 276
519 840 596 878 seq.
632 827 729 863 Gail.

69 885 228 920 Homer.
240 884 284 922 ll.
301 885 347 931 11,
360 884 442 925 756
456 884 541 920 coll.
552 882 731 920 Tzschu-

69 939 142 977 cke
163 940 212 977 ad
241 941 331 979 Mel.
357 941 405 987 11,
429 943 452 980 3
484 942 520 985 ξ.
543 940 568 978 4
588 954 626 990 p.
652 942 730 980 192

67 1004 164 1036 nott.
183 998 626 1048 exegg.Mannert.VIIp.
640 996 732 1037 523.

69 1055 152 1096 592
177 1068 284 1106 seqq.
307 1053 592 1091 Vaudoncourt.
614 1054 674 1094 l.l.
694 1067 731 1104 p,

68 1110 221 1151 346.—
241 1110 418 1162 Μηλιέες
431 1110 533 1162 apud
553 1109 732 1147 Herodo-

67 1174 151 1204 tum
178 1175 336 1205 vocatur
365 1180 481 1218 gens,
513 1180 630 1219 quam
650 1169 732 1204 Do-

49 1223 144 1261 frica
158 1224 283 1262 forma
299 1226 465 1263 vocitant
478 1227 732 1271 Maiastffias-

66 1282 315 1319 sentientibus
325 1283 465 1330 numis,
478 1282 543 1333 qui
552 1288 732 1318 constan-

66 1345 126 1376 ter
143 1337 243 1376 hanc
255 1340 419 1376 formam
440 1340 635 1390 praebent.
657 1339 731 1374 At-

69 1408 144 1448 que
163 1394 264 1433 hanc
283 1397 448 1433 formam
469 1397 584 1432 etiam
603 1396 731 1431 Latini

67 1454 185 1490 secuti
204 1460 304 1492 sunt.
326 1454 478 1505 Reliqui
491 1453 626 1490 Graeci
636 1453 731 1489 scri-

64 1516 193 1561 ptores
211 1511 432 1547 alterutram
450 1510 615 1546 formam
647 1522 732 1545 am-

63 1567 171 1618 plexi
197 1574 310 1615 sunt3
349 1568 549 1614 Doricam,
580 1567 636 1603 uti
655 1564 730 1603 hoc

64 1630 172 1671 utar,
208 1625 378 1676 sequitur
407 1624 544 1661 Strabo
561 1636 603 1660 ac
624 1624 730 1659 Pau-

64 1681 210 1729 sanias,
258 1682 430 1718 Ionicam
460 1679 726 1731 Thucydides.

64 1738 132 1775 Tu
151 1737 252 1775 conf.
281 1739 521 1790 potissimum
542 1736 727 1774 Herodot.

64 1795 146 1842 VII,
165 1796 258 1835 196.
283 1796 361 1837 198
383 1795 470 1832 coll.
502 1794 657 1846 Scylac.
683 1795 721 1839 ξ.

65 1853 118 1892 63
130 1863 219 1902 pag.
233 1851 288 1892 24
307 1851 428 1890 Huds.
444 1864 532 1902 pag.
549 1849 630 1892 274
645 1864 726 1902 seq.

66 1908 166 1945 Gail.
212 1908 312 1945 Hinc
342 1910 424 1959 ipsa
454 1909 560 1958 regio
589 1909 725 1944 Nostro

67 1959 225 2001 voc'atur
245 1958 272 2015 ἦ
289 1963 427 2015 Mnus
451 1966 504 2016 γῆ
522 1965 604 2011 VII,
630 1966 723 2004 198.

66 2020 166 2068 VIII,
182 2022 249 2060 31.
279 2020 365 2060 Vid.
394 2019 518 2057 Koch.
538 2021 726 2057 Antonin.

65 2077 231 2115 Liberal.
255 2091 293 2128 p.
315 2080 409 2118 213.
447 2078 494 2114 G.
514 2078 560 2114 L.
582 2075 727 2127 Kriegk

65 2134 125 2171 De
162 2134 350 2171 Malienss.
386 2135 482 2171 Diss.
516 2132 727 2185 geograph.

67 2190 262 2240 (Francof.
291 2191 416 2241 1833)
438 2204 526 2242 pag.
551 2189 599 2230 14
620 2203 726 2242 seqq.

67 2249 154 2286 coll.
185 2249 375 2287 Mannert.
409 2245 626 2298 Geograph.
658 2249 729 2284 VII

66 2319 105 2357 p.
136 2305 230 2347 524.
253 2307 346 2346 600.
364 2303 462 2346 615.
517 2305 615 2353 Ager
640 2303 729 2342 Ma-

67 2362 199 2409 liensis,
221 2361 381 2398 docente
403 2360 541 2398 eodem
568 2360 728 2412 Kriegk.

67 2419 93 2455 l.
115 2419 138 2455 l.
158 2430 243 2469 pag.
263 2417 289 2457 4
309 2431 387 2470 seq.
412 2418 461 2455 ad
494 2420 621 2456 sinum
642 2420 728 2455 Ma-

67 2476 206 2512 liacum
226 2474 292 2523 (de
314 2488 389 2526 quo
411 2474 491 2512 dixi
508 2474 556 2512 ad
576 2476 638 2521 IV,
654 2477 727 2525 33)

67 2538 261 2583 porrectus
278 2561 287 2579 ,
324 2531 507 2569 Herodoti
547 2539 668 2569 aetate
707 2546 728 2569 a

67 2586 242 2640 Sperchii
274 2589 374 2625 ostiis
404 2588 453 2626 ad
479 2587 728 2640 Thermopy-

65 2646 120 2683 las
158 2657 278 2696 usque
319 2646 509 2695 pertinuit,
538 2644 728 2683 Phthiotis

68 2700 244 2749 Achaeis,
290 2702 421 2738 Locris
468 2702 727 2750 Doriensibus,

66 2759 296 2811 Dryopibus,
318 2758 466 2795 Oetaeis
486 2764 523 2794 et
542 2759 728 2795 Aeniani-

67 2816 136 2853 bus
157 2815 293 2853 accolis
323 2828 424 2852 usus.
482 2813 594 2860 Quod
624 2816 728 2852 enim

67 2880 197 2923 postea
226 2872 468 2910 Maliensium
494 2870 586 2909 ditio
607 2873 728 2924 magis

786 719 943 749 extensa
963 711 1033 748 fuit
1072 710 1168 762 (vid.
1189 711 1281 754 ibid.
1302 726 1339 764 p.
1365 714 1449 763 17),

786 768 859 805 hoc
875 769 924 805 ad
939 769 1178 806 Herodotum
1187 770 1348 806 minime
1360 784 1450 821 per-

786 827 895 863 tinet.

841 878 995 932 Ἀχαιοὶ
1035 881 1076 920 οἷ
1124 883 1334 932 Φθιῶται]
1381 885 1450 920 Est

787 953 864 976 una
884 939 1097 990 eademque
1116 952 1209 989 gens
1230 954 1300 976 nec
1323 939 1451 977 diver-

787 1009 840 1043 sa,
876 998 906 1033 si
940 995 1096 1048 quidem
1130 997 1265 1034 Achaei
1290 995 1451 1034 Phthio·

788 1052 909 1090 tidem
931 1053 1067 1104 (quam
1081 1052 1302 1090 Thessaliae
1322 1056 1452 1105 regIO-

789 1124 880 1146 nem
918 1109 1211 1146 meridionalem
1261 1112 1354 1147 olim
1402 1112 1449 1148 ab

788 1168 869 1218 ipsa
889 1166 1098 1214 Thessalia,
1130 1169 1191 1204 cui
1211 1166 1368 1218 posthac
1384 1181 1450 1205 ac-

790 1225 1023 1271 censebatur,
1036 1223 1449 1277 separabant)ingressi,

789 1279 880 1317 hinc
921 1280 1111 1317 Phthiotae
1134 1289 1222 1318 sunt
1257 1283 1448 1333 appellati,

790 1351 866 1390 quo
888 1338 934 1374 ab
956 1339 1035 1374 aliis
1057 1337 1220 1375 Achaeis
1242 1339 1331 1375 alibi
1353 1352 1450 1376 con-

787 1394 995 1433 sidentibus
1017 1394 1352 1446 distinguerentur.
1390 1396 1450 1433 Cf.

787 1453 1021 1503 VVesseling,
1064 1451 1113 1489 ad
1158 1452 1315 1492 Diodor.
1356 1453 1383 1490 l.
1421 1453 1450 1490 l.

786 1511 885 1546 Hinc
907 1522 1061 1561 quoque
1081 1511 1162 1560 ipsa
1191 1511 1296 1560 regio
1309 1510 1452 1547 Achae-

787 1580 829 1604 ae
847 1567 936 1603 tulit
954 1579 1119 1614 nomen3
1137 1580 1374 1619 quamquam
1389 1568 1452 1604 vel

787 1624 994 1675 antiquitus
1035 1630 1142 1660 erant
1162 1652 1172 1670 ,
1237 1625 1304 1676 qui
1351 1624 1451 1660 inter

785 1679 1049 1717 Phthiotidem
1066 1688 1103 1717 et
1117 1678 1334 1723 Achaeam,
1351 1693 1450 1732 quae

783 1739 882 1775 illius
912 1750 998 1788 pars
1019 1736 1136 1775 modo
1164 1745 1280 1785 esset,
1313 1737 1451 1774 distin-

783 1796 850 1845 gui
875 1795 1031 1832 vellent.
1103 1795 1191 1831 Vid.
1222 1795 1379 1844 ScylaX.
1409 1795 1448 1839 §.

783 1850 837 1891 64
864 1865 902 1902 Ρ.
933 1849 998 1892 24.
1032 1850 1153 1888 Huds.
1175 1865 1214 1901 p.
1243 1853 1325 1892 275
1347 1852 1448 1888 Gail.

783 1909 908 1945 Str-ab.
928 1909 986 1944 IX
1005 1921 1043 1958 p.
1073 1910 1155 1948 662
1175 1909 1220 1945 Β.
1242 1922 1271 1944 s.
1292 1921 1331 1958 p.
1351 1906 1450 1948 433.

781 1966 973 2001 Mannert.
994 1965 1063 2001 VII
1079 1978 1118 2015 p.
1134 1963 1228 2005 524.
1242 1964 1324 2006 539
1336 1977 1446 2017 seqq.

782 2021 877 2063 599.

839 2072 938 2117 Ἐπὶ
966 2073 1143 2116 τούτοισι
1177 2076 1219 2116 οἱ
1244 2072 1447 2128 ’Έλληνες

786 2132 930 2185 ἔταμον
968 2130 1140 2185 ὅρκιον]
1186 2132 1250 2173 ε’πὶ
1269 2132 1448 2174 τούτοισι

784 2192 886 2229 valet
907 2191 1078 2228 adversus
1102 2191 1175 2239 hos,
1207 2192 1273 2243 qui
1295 2192 1376 2229 scil.
1397 2190 1446 2228 ad

785 2249 964 2286 barbaros
984 2247 1232 2286 desciverant.
1274 2249 1354 2285 Nec
1375 2249 1448 2285 ali-

783 2313 842 2343 ter
873 2301 935 2355 ἕφ’
958 2301 1018 2353 οἷς
1040 2305 1143 2357 apud
1178 2304 1340 2343 Suidam
1359 2319 1389 2342 s.
1409 2319 1447 2343 v.

785 2357 1014 2403 δεκατεύειν
1029 2391 1046 2408 ,
1084 2362 1188 2415 quod
1209 2375 1301 2400 cave
1321 2368 1447 2399 mutes

784 2420 825 2456 in
845 2415 906 2468 ἐφ’
935 2417 1027 2467 οὓς,
1058 2427 1100 2457 ut
1119 2420 1260 2472 placuit
1280 2418 1448 2457 Valcke-

784 2478 930 2514 naerio.
950 2477 1142 2525 InsraVII,
1158 2475 1237 2517 148
1260 2471 1444 2526 συνωμό-

785 2532 1003 2573 zac—gni
1048 2536 1105 2588 τῷ
1145 2532 1296 2587 Πέρσῃ.
1357 2531 1445 2569 Vid.

786 2592 898 2627 allata
929 2591 976 2628 ad
1006 2592 1069 2639 IV,
1112 2593 1177 2632 80.
1205 2612 1260 2617 -
1303 2588 1446 2637 ἔταμον

783 2644 918 2699 ὅρκιον
929 2647 1061 2698 foedus
1072 2650 1216 2693 icerunt,
1226 2647 1348 2682 activo
1359 2658 1448 2682 ver-

784 2705 833 2741 bo
853 2711 895 2741 ut
915 2706 984 2753 lx,
1006 2707 1058 2745 26
1080 2703 1260 2755 protulit,
1283 2715 1372 2738 cum
1382 2702 1446 2749 lv,

782 2764 836 2801 70
859 2760 943 2809 (ubi
963 2761 1064 2799 conf.
1086 2759 1207 2807 nott.)
1237 2757 1365 2795 medio
1386 2772 1447 2795 es-

783 2824 839 2854 set
860 2830 960 2854 usus.
989 2818 1074 2867 Ipsa
1093 2816 1248 2862 locutio,
1271 2814 1318 2852 ad
1329 2828 1444 2868 quam

781 2873 1044 2911 illustrandam
1065 2870 1277 2911 Larcherus
1298 2873 1443 2911 confert
