1870 3249
377 221 1046 259 TERPSICHORE.
1106 221 1151 256 V.

1327 220 1411 260 135

136 330 299 382 Ὑσιὰς,
330 330 499 386 δήμους
527 329 633 380 τούς
663 329 869 385 ἐσχάτους
899 332 973 384 τῆς
1001 326 1210 384 Ἀττικῆς·
1249 332 1410 372 Χαλκι-

141 400 230 449 δέες
258 415 302 442 τε
332 398 400 442 ἐπὶ
429 399 481 442 τὰ
511 399 635 452 ἕτερα
666 399 861 441 ἐσίνοντο
901 396 1094 448 ἐπιόντες
1123 395 1294 453 χώρους
1336 400 1412 452 τῆς
1424 405 1467 438 75

85 584 174 622 agro
205 571 331 607 Attico
353 570 576 622 profecturis
609 572 745 605 transi—

82 635 164 666 tum
191 626 316 664 dabat.
373 629 430 663 De
461 640 505 662 ea
539 624 744 677 Thucydi-

80 684 144 722 des
162 685 210 732 II,
237 687 287 725 18
308 697 397 721 cum
416 691 507 720 nota
536 683 743 721 doctissimi

79 742 257 781 Wasse.“
280 741 511 779 Wesselin
526 753 566 790 g.
585 739 635 777 ad
645 741 741 777 Dio—

78 797 158 835 dor.
190 798 269 835 Sic.
299 799 363 848 IV,
393 800 446 839 60
475 797 542 835 fin.
611 798 740 850 Atque

76 856 214 892 Wasse
242 856 269 892 l.
289 856 315 892 1.
347 855 510 892 aliorum
537 855 661 891 attulit
678 855 739 891 lo—

77 925 151 960 cos,
181 913 249 949 ubi
267 911 382 949 huius
404 911 507 949 demi
521 911 564 948 fit
579 913 737 959 mentio,

77 970 183 1006 cuius
204 970 320 1006 situm
340 970 371 1006 si
398 981 577 1021 quaeras,
610 967 738 1005 diver-

76 1024 222 1063 simode
241 1039 346 1063 nunc
373 1032 544 1063 statuunt
563 1027 736 1076 peregri-

74 1089 247 1131 natores,
283 1085 336 1121 ita
355 1090 398 1120 ut
418 1081 492 1120 hoc
513 1081 632 1120 modo
653 1096 739 1119 cer-

73 1147 157 1176 tum
185 1141 251 1185 sit,
286 1141 325 1175 in
356 1140 548 1186 faucibus,
601 1140 738 1190 quibus

73 1209 176 1233 nunc
194 1209 339 1233 nomen
370 1196 533 1234 Saranta
563 1194 736 1243 Potamoi,

37 1267 46 1273 ‘
74 1253 333 1306 quaerendam
353 1266 432 1290 esse
458 1259 635 1290 veterum
656 1253 734 1290 Oe-

73 1323 199 1357 noen;
252 1309 327 1348 hoc
360 1323 451 1349 vero
488 1309 732 1361 disceptatur,

75 1374 200 1404 utrum
221 1369 286 1420 qui
311 1381 416 1405 nunc
437 1374 597 1405 vocatur
626 1368 733 1405 locus

73 1423 173 1475 Gzflo
199 1424 341 1470 Castro,
362 1425 482 1461 ruinis
500 1423 732 1476 quibusdam

7 1482 13 1485 “
73 1482 240 1531 insignis,
273 1495 342 1533 pro
363 1483 444 1532 ipsa
465 1488 641 1519 veterum
664 1481 734 1519 Oe-

70 1541 137 1574 noe'
148 1537 280 1576 haberi
290 1541 418 1590 possit,
436 1552 486 1575 an
505 1540 545 1574 in
558 1535 732 1589 planitie,

71 1607 168 1646 quae
187 1594 278 1633 hinc
300 1595 528 1633 extendatur
541 1625 550 1643 ,
574 1596 731 1633 Oenoen

68 1652 179 1688 sitam
226 1653 340 1690 fuisse
386 1653 619 1704 probabilius
657 1653 729 1689 sit:

69 1708 174 1760 quod
206 1708 303 1746 mihi
331 1717 432 1747 certe
459 1717 650 1761 praestare
671 1711 732 1747 vi-

70 1764 180 1802 detur
194 1794 208 1810 ‚
237 1769 304 1818 qui
333 1768 461 1804 ruinas
484 1780 604 1818 prope
625 1767 730 1803 Gifto

69 1821 200 1859 Castro
239 1823 288 1860 ad
324 1823 550 1860 Eleutheras
590 1823 730 1860 referre

68 1879 215 1916 malim.
265 1880 331 1916 Tu
348 1879 427 1917 vid.
448 1882 659 1930 interprett.
681 1879 730 1916 ad

70 1933 292 1986 Thucydid.
321 1949 408 1987 pag.
442 1939 524 1977 300
555 1950 635 1988 seq.
666 1936 727 1973 ed.

68 1991 237 2028 Gervini.

119 2044 257 2094 Ὑσιὰς
295 2048 336 2083 in
357 2047 584 2085 Herodoteis
623 2048 728 2085 libris

66 2104 204 2154 legitur
225 2106 417 2142 omnibus.
474 2104 592 2155 Apud
613 2104 729 2142 Thu-

63 2160 244 2211 cydidem
263 2162 328 2208 111,
350 2162 404 2202 24
435 2161 548 2199 codd.
568 2160 725 2208 Tang:

63 2216 111 2254 de
125 2231 200 2270 qua
213 2225 392 2255 accentus
409 2217 625 2257 diversitate
636 2232 726 2256 mo·-

64 2275 191 2312 nuisse
211 2274 323 2313 video
353 2277 503 2327 Poppo.
524 2276 563 2311 in
581 2274 725 2313 Schul-

65 2333 151 2370 zeit.
176 2334 283 2373 1832
302 2345 392 2383 pag.
410 2335 597 2373 1020.——
618 2333 724 2378 Quae

66 2389 154 2425 urbs
183 2395 277 2426 teste
296 2390 596 2440 Harpocraticne
631 2389 725 2439 (ubi

61 2442 216 2495 Ὑσίαι)
236 2459 266 2483 s.
287 2460 325 2484 v.
353 2459 443 2497 pag.
463 2449 546 2489 338
575 2453 614 2484 et
634 2448 725 2486 Ste-

63 2499 181 2552 phan.
196 2503 292 2553 Byz.
303 2516 344 2553 p.
359 2506 441 2544 730
462 2502 558 2555 (quo
570 2511 725 2546 auctore

65 2565 101 2595 et
128 2556 254 2597 Ὗσίαι
285 2566 321 2595 et
349 2557 460 2598 Ὗσία
480 2561 520 2597 in
541 2561 724 2611 singulari

64 2613 220 2664 dicitur)
252 2622 289 2652 et
318 2615 428 2653 Suid.
449 2617 504 2654 111
532 2630 621 2667 pag.
642 2617 722 2658 567

63 2671 135 2708 fuit
154 2672 350 2720 Boeotiae,
370 2674 477 2710 cuius
500 2675 626 2711 ruinas
648 2687 724 2711 una

60 2741 148 2766 cum
166 2727 461 2767 Eleutherarum
487 2731 654 2782 reliquiis
681 2744 722 2768 se

60 2784 196 2823 vidisse
223 2793 381 2823 testatur
409 2788 573 2824 Pausan.
604 2789 673 2833 lx,
695 2791 722 2828 2

62 2842 98 2886 §.
123 2845 158 2883 1.
216 2844 295 2880 Nec
330 2845 444 2894 longe
466 2844 513 2881 ab
533 2841 721 2882 Eleuthe-

803 570 850 605 ris·
873 571 1035 607 abfuisse
1066 572 1173 607 iuxta
1195 569 1466 606 Cithaeronem

802 626 987 664 Herodoti
1007 622 1141 673 Ὑσιάς
1162 633 1467 664 commonstrant

801 681 841 718 hi
871 684 950 720 fere
980 685 1077 721 loci:
1109 678 1253 722 Herod.
1285 685 1349 729 Vl,
1372 686 1464 724 108-

798 741 867 788 ΙΧ,
903 741 968 782 15.
998 744 1066 782 26.
1106 739 1280 792 Euripid.
1321 739 1465 778 Bacch.

800 797 894 838 750.
920 796 1178 850 Tlmcyd.III‚
1202 796 1268 845 24,
1285 798 1351 834 ubi
1362 798 1464 835 conf.

797 855 936 892 Wasse
957 862 993 891 et
1012 853 1159 896 Duker.
1219 854 1332 900 Quod
1353 856 1465 905 oppi—

797 909 892 947 dum
931 911 980 948 ad
1006 913 1208 949 Boeotiam
1241 925 1332 948 eum
1372 925 1464 962 pro-

795 969 876 1018 prie
896 970 1123 1019 pertineret,
1155 969 1310 1019 Olymp.
1341 968 1408 1015 65,
1441 972 1458 1008 1

797 1026 845 1061 ab
885 1027 1019 1063 Atticis
1060 1033 1294 1076 occupatum
1342 1024 1462 1061 videri

797 1082 878 1130 (cf.
901 1082 1046 1119 Herod.
1059 1084 1123 1130 VI,
1143 1083 1240 1133 108)
1263 1081 1463 1134 demisque

794 1140 928 1175 Atticis
951 1138 1186 1189 adscriptum
1216 1139 1464 1190 probabiliter

793 1197 902 1246 ponit
923 1197 966 1233 C.
989 1196 1033 1233 O.
1055 1196 1206 1232 M'uller.
1229 1194 1462 1233 Orchomen.

793 1266 832 1303 p.
853 1251 936 1294 410
956 1266 1062 1305 seq.;
1090 1255 1144 1290 ita
1164 1259 1226 1301 ut,
1258 1266 1335 1305 quo
1360 1260 1462 1290 tem-

790 1322 883 1360 pore
913 1308 1009 1347 haec
1051 1311 1266 1361 agebantur
1305 1310 1459 1362 Olymp.

791 1368 858 1413 68,
891 1365 1039 1405 Atticae
1068 1374 1192 1404 terrae
1219 1380 1312 1404 sane
1347 1368 1462 1404 fuerit

790 1422 940 1461 demus.
997 1423 1093 1461 Inde
1123 1423 1253 1464 ‘Tacui
1280 1436 1302 1461 a
1322 1423 1461 1461 demo-

791 1493 882 1517 rum
920 1482 1139 1518 Atticorum
1179 1482 1353 1531 catalogo
1394 1482 1461 1519 vix

792 1538 940 1575 alienae
960 1545 1096 1583 erunt,
1126 1545 1170 1576 ut
1197 1540 1327 1576 statuit
1357 1539 1461 1575 Gro-

790 1594 934 1632 tefend.
992 1597 1050 1632 De
1081 1594 1184 1634 dem.
1207 1603 1245 1632 et
1274 1608 1364 1646 pag.
1385 1596 1460 1633 At-

789 1653 877 1691 ticc.
897 1665 987 1703 pag.
1008 1652 1077 1699 41,
1118 1654 1186 1705 qui
1204 1654 1304 1689 inter
1325 1652 1458 1690 demos

788 1716 982 1760 suspectos
1003 1710 1147 1748 retulit.
1185 1709 1374 1748 Videntur
1385 1723 1458 1746 au-

787 1772 868 1803 tem
882 1767 1020 1804 Boeoti
1033 1779 1121 1803 eam
1136 1767 1185 1804 ob
1200 1779 1357 1805 causam
1367 1766 1457 1804 huic

788 1822 932 1873 oppido
953 1822 1219 1874 recuperando
1241 1823 1354 1861 valde
1373 1830 1457 1860 stu--

789 1878 935 1927 duisse,
967 1879 1074 1931 quod
1094 1879 1143 1916 ad
1162 1881 1267 1917 viam
1286 1879 1382 1916 illud
1403 1880 1457 1916 si—

786 1942 870 1972 tum
892 1943 983 1983 erat,
1021 1934 1167 1973 Thebis
1186 1935 1359 1973 Athenas
1380 1935 1454 1973 du—

786 1999 958 2039 centem,
988 1994 1267 2045 introitumque
1293 1994 1452 2045 parabat

786 2050 826 2086 in
855 2050 1053 2099 regionem
1083 2050 1273 2098 Atticam,
1305 2050 1353 2087 de
1373 2063 1452 2102 quo

785 2105 862 2143 vid.
880 2107 978 2142 C.0.
994 2107 1145 2143 muller.
1168 2108 1196 2144 l.
1221 2108 1246 2144 l.
1269 2120 1358 2158 pag.
1371 2106 1452 2148 488

784 2175 865 2213 seq.
894 2163 1012 2200 Plura
1043 2165 1165 2201 Kruse
1193 2165 1249 2211 Π,
1306 2167 1325 2204 1
1361 2176 1451 2215 pag.

784 2219 864 2259 285
887 2233 995 2272 seqq.
1054 2222 1154 2258 Hinc
1181 2221 1289 2257 nulla
1308 2222 1348 2258 in
1369 2223 1451 2257 He-

784 2275 910 2312 rodoti
921 2277 1044 2314 verbis
1058 2290 1153 2328 opus
1166 2277 1450 2323 emendatione,

783 2333 939 2384 qualem
968 2335 1008 2370 in
1038 2341 1170 2371 mente
1190 2333 1369 2372 habuisse
1390 2336 1453 2371 vi—

783 2389 895 2426 detur
914 2389 1240 2439 Valckenaeriu53
1270 2405 1343 2428 nec
1363 2404 1449 2428 ma-

781 2447 838 2496 gis
857 2459 1013 2486 necesse
1044 2461 1135 2485 cum
1154 2447 1348 2486 Larchero
1378 2462 1449 2499 pro

777 2499 915 2550 Ὑσιάς
925 2505 1152 2542 substituere
1163 2502 1298 2556 φυλήν
1309 2523 1322 2554 ‚·
1344 2505 1450 2557 quod

780 2561 895 2598 nimis
915 2562 1130 2599 violentum
1146 2564 1284 2600 merito
1305 2561 1447 2600 iudicat

784 2616 1141 2668 Schweighaeuser.

838 2673 905 2713 ἐπὶ
925 2673 972 2713 τὰ
995 2674 1132 2727 ἕτερα]
1165 2676 1188 2715 i.
1208 2689 1242 2712 e.
1264 2676 1309 2712 ab
1331 2675 1447 2712 altera

777 2734 895 2781 parte,
911 2744 1001 2768 cum
1021 2734 1103 2769 scil.
1118 2733 1278 2771 Boeotia
1291 2738 1446 2781 septen-

779 2788 902 2824 trione
923 2796 961 2826 et
981 2788 1190 2835 occidente,
1212 2786 1443 2825 Chalciden—

779 2857 836 2881 ses
857 2845 902 2881 ab
919 2846 1036 2882 altera
1052 2848 1167 2896 parte,
1194 2846 1218 2882 i.
1241 2859 1273 2882 e.
1297 2845 1344 2884 ab
1365 2846 1441 2881 ori—
