1834 3258
0 602 60 649 ⁰6

437 217 911 256 POLYMNIA.
970 219 1073 258 VII.

97 328 218 374 Ξᾶλλῖ
245 327 384 386 ἠπίως
413 326 552 372 αὐτὸν
582 327 875 384 ἀπεπέμψατο.

1310 221 1395 260 593

933 327 1074 387 τούτῳ
1097 328 1143 371 δὲ
1163 326 1205 379 ἐς
1234 327 1447 384 λόγους71

127 397 268 442 ἐλθών
293 396 481 451 Ξέρξης,
512 396 586 440 καὶ
615 394 815 452 ὕπαρχον
854 396 902 439 ἐν
930 399 992 452 τῷ
1021 397 1227 454 Δορίσκῳ
1248 396 1392 455 τούτῳ

124 462 394 520 καταστήσας
435 463 691 521 ΙῑῙασκάμην
738 465 818 507 τὸν
854 462 1171 519 Μεγαδόστεω,
1217 463 1297 509 τὸν
1344 466 1391 509 δὲ

123 531 212 576 ὑπὸ
245 534 440 588 Δαρείου
489 531 705 577 σταθέντα
734 530 1041 581 καταπαύσας,
1082 531 1286 587 ἐξήλαυνε
1315 533 1448 578 τὸν75

126 600 313 655 στρατὸν
351 600 425 644 διὰ
462 604 539 656 τῆς
572 602 764 656 Θρηΐκης
795 599 862 642 ἐπὶ
890 598 971 656 τὴν
1002 598 1200 643 Ἑλλάδα.

1260 601 1395 646 Κατέ-

122 671 219 712 λιπε
258 668 305 712 δὲ
342 667 484 724 ἄνδρα
525 667 699 712 τοιόνδε
742 666 996 724 Μασκάμην
1023 666 1283 723 γενόμενον,
1332 673 1394 727 τῷ

121 735 270 796 μούνῳ
301 735 462 793 Ξέρξης
491 737 612 792 δῶρα
641 734 869 792 πέμπεσκε,
902 733 961 787 ὥς
982 732 1260 790 ἀριστεύοντι
1288 738 1394 782 πάν·

63 933 116 969 ita
153 933 340 984 scripsisse
377 941 512 986 putem
552 933 730 972 Herodo-
786 934 944 986 aliisque
971 931 1072 985 apud
1100 947 1186 983 eos,
1226 936 1292 987 qui
1323 935 1370 973 de
1386 950 1449 973 re-

63 995 170 1038 tum,
199 991 252 1037 si,
285 1004 383 1042 quae
410 994 608 1042 Hoegerus
637 1005 728 1029 eum

65 1044 257 1084 dicentem
276 1048 388 1096 facit,
428 1048 554 1086 dicere
585 1050 726 1086 voluis-

63 1109 142 1151 set3
187 1104 274 1156 qui,
304 1106 422 1142 verbo
455 1105 584 1142 medio
622 1119 725 1154 usus,

61 1157 157 1197 haec
184 1161 308 1211 potius
328 1160 425 1198 mihi
456 1161 595 1199 dixisse
620 1162 725 1200 vide-

46 1223 151 1262 atur:
182 1216 323 1254 Xerxes
342 1219 427 1256 haec
452 1219 590 1269 (dicta)
624 1221 661 1256 in
673 1221 726 1256 ri-

61 1285 137 1310 sum
165 1274 236 1311 sibi
260 1278 427 1313 convertit
447 1290 476 1314 s·
515 1277 650 1315 derisit.
670 1297 727 1304 ·—-

61 1329 125 1367 Ad
157 1331 395 1369 locutionem
440 1328 565 1384 ὀργήν
601 1336 728 1371 ποιεῖ-

65 1391 164 1426 σθαι
199 1386 355 1439 (irasci)
391 1389 591 1427 conferunt
612 1388 728 1427 Thu-

62 1442 192 1495 cydid.
213 1445 244 1493 I,
268 1446 335 1485 92.

118 1532 163 1574 ἐν
184 1536 240 1588 τῷ
254 1536 440 1591 Δορίσκω
455 1533 603 1590 τούτῳ]
627 1536 726 1575 San·

62 1591 173 1628 crofti
191 1576 287 1629 liber
305 1596 462 1642 τοῦτον,
494 1593 598 1646 quod
612 1607 727 1645 prae-

60 1653 158 1684 stare
179 1648 331 1688 videtur
358 1652 629 1702 Wesselingio‚
661 1651 727 1704 qui

60 1700 188 1759 τούτῳ
209 1705 258 1744 ad
284 1720 367 1758 cap.
388 1708 456 1756 59,
484 1708 552 1745 ubi
580 1709 727 1745 Dorisci

59 1764 218 1810 mentio,
239 1764 379 1801 referre
399 1778 479 1801 non
494 1764 621 1813 audet,
634 1778 725 1802 cum

60 1819 175 1857 nimis
194 1821 240 1857 sit
261 1828 466 1858 remotum.
497 1822 575 1869 „At
594 1823 725 1867 (verba

61 1882 150 1912 sunt
179 1875 297 1914 Schw
287 1876 557 1928 eighaeuseri)
579 1891 726 1929 prono-

62 1944 154 1968 men
175 1927 293 1981 οὗτος
313 1934 477 1970 adiicere
489 1933 625 1971 eodem
637 1948 726 1972 mo-

63 1987 112 2025 do
153 1989 196 2025 iis
234 1992 454 2028 nominibus
508 1990 725 2028 Herodotus

63 2043 234 2083 adsuevit
247 2076 257 2095 ‚
301 2048 438 2099 quibus
477 2046 726 2098 designantur

61 2115 120 2140 res
140 2109 206 2139 aut
223 2117 420 2154 personae,
442 2102 489 2140 de
506 2106 642 2156 quibus
653 2118 725 2142 an-

61 2165 122 2196 tea
151 2173 200 2196 ex
228 2161 396 2211 professo
427 2162 542 2199 verba
569 2162 724 2200 fecerat.

59 2216 193 2268 Itaque
214 2215 311 2255 hac
301 2232 382 2269 ipsa
402 2218 578 2266 formula,
602 2218 644 2258 ἐν
668 2221 724 2273 τῷ

61 2273 245 2328 Δορίσκῳ
280 2271 429 2329 τούτῳ,
473 2277 631 2313 remittit
663 2277 724 2313 le-

61 2335 207 2366 ctorem
227 2329 275 2368 ad
296 2345 382 2369 eam
397 2334 621 2370 narrationis
631 2346 723 2384 par-

61 2391 142 2421 tem
177 2383 240 2434 (c.
261 2387 362 2436 59),
400 2389 504 2427 unde
534 2389 721 2440 digressus

62 2448 154 2490 erat,
166 2441 214 2479 ad
233 2445 503 2494 exponendam
520 2448 720 2496 rationem,

60 2511 138 2550 qua
155 2512 337 2538 numerus
357 2503 471 2540 initus
506 2510 561 2541 est
589 2505 722 2555 copia-

59 2567 160 2602 rum,
182 2563 219 2593 et
239 2555 287 2593 ad
316 2559 555 2608 insignienda
576 2559 721 2598 ducum

59 2613 230 2659 nomina,
253 2614 318 2665 qui
336 2615 396 2650 vel
411 2617 587 2653 universo
611 2630 724 2658 exer-

61 2669 153 2705 citui
171 2670 234 2707 vel
253 2671 413 2721 singulis
432 2673 581 2723 populis
598 2675 724 2722 agmi-

61 2725 249 2777 nibusque
289 2727 576 2778 praefuerunt.“
625 2730 725 2766 Ver-

62 2779 156 2818 bum
175 2779 417 2823 καθιστοὲναι
437 2791 474 2822 et
494 2783 567 2822 hoc
587 2785 672 2822 loco
686 2793 723 2823 et

63 2849 175 2889 supra
209 2840 255 2888 V,
285 2839 338 2880 25
370 2840 454 2889 (ubi
483 2841 562 2880 vid.
590 2843 720 2893 nott.),

119 2895 341 2936 Hmiono'r.
362 2898 428 2936 111.

784 991 853 1028 bus
887 992 999 1027 Asiae
1019 999 1162 1040 agunt,
1192 1000 1339 1030 certum
1370 1008 1449 1031 esse

784 1055 898 1100 atque
924 1048 1121 1098 proprium
1148 1057 1282 1087 monet
1313 1052 1449 1101 Heng-

781 1106 972 1155 stenberg.
997 1106 1071 1153 (De
1091 1105 1194 1143 rebb.
1217 1108 1389 1158 Tyriorr.
1408 1122 1448 1159 p.

783 1160 852 1213 46)
877 1161 925 1198 ad
946 1160 1222 1212 designandam
1247 1166 1449 1215 magista-

784 1225 895 1255 tuum
924 1218 1147 1255 inferiorum
1169 1220 1447 1258 institutionem

784 1287 806 1311 a
845 1276 1004 1312 summis
1043 1277 1277 1327 principibus
1316 1280 1448 1329 profe-

784 1339 898 1371 ctam.
959 1333 1024 1370 Sic
1056 1346 1210 1386 quoque
1244 1335 1349 1380 VIII,
1380 1337 1447 1377 85.

783 1390 852 1437 ΙΧ,
880 1392 946 1431 90.

1006 1502 1098 1554 Cap.
1130 1503 1225 1541 CVI.

839 1608 893 1632 τω
918 1590 1087 1646 μούνω]
1123 1594 1270 1631 Vocem
1291 1591 1445 1650 μούνῳ,

784 1663 882 1703 quae
900 1663 921 1687 a
940 1649 1136 1699 Mediceo‚
1158 1652 1379 1689 Florentino
1402 1666 1446 1690 ac

781 1708 900 1744 tribus
923 1708 1002 1745 aliis
1024 1707 1136 1745 codd.
1157 1709 1284 1756 abest,
1306 1710 1446 1746 retinui

782 1778 873 1801 cnm
905 1765 1163 1815 VVesselingio
1201 1766 1299 1802 bene
1328 1766 1446 1803 inter-

781 1828 974 1872 pretante:
1029 1821 1184 1869 ,‚Soli‚
1230 1820 1324 1859 Uni
1356 1821 1447 1860 Ma—

782 1891 921 1915 scamae
944 1891 987 1915 ex
1007 1879 1163 1915 omnibus
1190 1891 1242 1914 sc.
1258 1877 1448 1929 praefectis

783 1949 806 1971 a
824 1948 858 1971 se
881 1948 989 1984 aeque
1003 1938 1141 1984 atquea
1159 1938 1261 1984 patre
1271 1934 1388 1972 Dario
1408 1937 1446 1973 in

787 1991 946 2028 Thracia
963 1992 1203 2028 constz'tutis.“
1234 1992 1292 2028 Ac
1321 1993 1445 2043 pluri-

781 2048 852 2085 bus
890 2049 1014 2085 Persis
1055 2047 1156 2084 dona
1192 2050 1395 2100 quotannis
1423 2062 1446 2087 a

782 2118 873 2155 rege
892 2106 992 2142 mitti
1012 2111 1116 2156 patet
1137 2118 1187 2141 ex
1206 2106 1238 2154 Ι,
1262 2106 1353 2147 135.
1374 2106 1443 2155 111,

784 2164 875 2209 160,
907 2175 1007 2214 quae
1034 2161 1138 2198 idem
1168 2163 1293 2199 attulit
1322 2164 1443 2201 Wes-

779 2219 973 2269 selingius.
1039 2218 1102 2255 Ad
1136 2219 1303 2256 formam
1344 2220 1443 2272 πέμ-

780 2288 900 2314 πεσκε
927 2275 1006 2317 vid.
1037 2274 1173 2313 Matth.
1206 2278 1270 2315 Gr.
1308 2278 1374 2315 Gr.
1405 2279 1443 2323 ξ.

784 2335 863 2374 199
883 2346 971 2384 pag.
987 2336 1081 2380 361,
1104 2334 1170 2385 qui
1184 2332 1288 2370 idem
1300 2333 1442 2381 §.466,

782 2391 834 2429 10
863 2403 953 2441 pag.
992 2390 1073 2432 835
1105 2391 1208 2428 conf.
1240 2390 1290 2427 ad
1327 2391 1441 2428 verba

778 2449 881 2485 τοῖσι
899 2447 1200 2498 ΠῙασκαμείοισι
1234 2442 1441 2501 ἐκγόνοισι.

777 2503 871 2540 Mox
891 2517 961 2555 pro
994 2499 1268 2556 Ἀρτοξέρξης
1291 2506 1442 2554 reposui

779 2554 1078 2612 Ἀρταξέρξης.
1146 2561 1232 2598 Vid.
1264 2568 1359 2597 nott.
1393 2560 1440 2596 ad

780 2617 844 2663 ΣΙ
882 2616 949 2658 43.
985 2619 1051 2658 98.
1119 2616 1182 2653 Ad
1222 2618 1337 2655 verba
1369 2632 1437 2655 του

778 2670 1071 2724 Ἑλλησπόντου
1110 2676 1294 2723 πανταχῆ
1321 2674 1379 2710 VS
1381 2686 1442 2709 es—

778 2730 911 2781 seling.
944 2730 1092 2767 confert
1114 2730 1296 2777 V11‚126
1319 2724 1440 2768 ovda-

779 2782 882 2837 μόθι
933 2783 1066 2834 πάσης
1107 2787 1179 2835 τῆς
1219 2780 1440 2838 Εύραὶπης.

779 2843 846 2881 Cr.
867 2842 999 2880 laudat
1020 2840 1268 2880 Valckenaer.
1289 2841 1338 2880 ad
1357 2844 1440 2880 Eu-

1452 607 1544 628 rarae
1569 600 1726 630 fidelitatis

1455 633 1546 662 laude
1564 636 1632 676 regi
1652 646 1689 663 ιι(
1693 646 1710 663 ιι

1451 669 1548 696 minus
1567 670 1622 698 ille
1640 680 1707 706 pro-

1450 703 1552 739 batus,
