1789 3213
445 135 919 174 POLYMNIA.
981 136 1080 172 Vll.

1288 137 1371 176 663

110 243 399 298 ,,ἐλευθεριήν,
429 242 634 286 καὶοῦτω
651 243 752 287 οὐδὲ
783 242 951 300 δεήσειν
982 242 1045 286 ἐπ’
1062 241 1220 294 αὐτούς
1244 256 1372 298 στρα-

82 309 424 368 2,,τηλατέοντας
451 310 681 366 πρήγματα
710 313 860 367 έ’χειν.“

922 309 1025 354 Οἶκε
1057 311 1103 354 δὲ
1126 310 1269 355 αὐτοῦ
1295 312 1368 355 αὕ-

110 397 162 433 τη
191 379 218 436 ἡ
246 378 396 434 γνώμη
425 382 479 435 τῇ
494 395 540 434 γε
572 379 689 437 ἄλλῃ.
721 379 806 423 ἐών
835 379 918 436 γάρ
949 380 995 422 ἐν
1010 378 1177 439 Ἀβύδῳ
1210 378 1233 423 ὁ
1264 380 1370 433 Ξέρ-

109 449 200 503 ξης,
231 444 316 490 εἶδε
335 451 468 490 πλοῖα
503 447 548 491 ἐκ
578 452 658 491 τοῦ
689 447 867 491 Πόντου
909 447 1128 502 σιταγωγοὶ
1161 446 1397 491 &texuisti-1

109 531 215 559 οντα
244 513 321 558 τὸν
346 513 678 572 Ἑλλήσποντον,
712 516 753 567 ἔς
771 532 814 559 τε
835 517 1020 570 Αἴγιναν
1044 515 1118 558 καὶ
1143 514 1372 559 Πελοπόν-

21 576 23 578 ’
79 590 250 639 ὃνησον
279 583 552 639 κομιζόμενα.
611 586 656 627 οἱ
686 585 766 640 μὲν
793 583 845 639 δὴ
877 582 1090 638 πάρεδροι
1121 582 1282 635 αὐτοῦ,
1312 581 1371 634 ὦς

104 649 326 694 ἐπύθοντο
355 651 538 706 πολέμια
568 650 680 696 εἶναι
708 652 758 696 τοὶ
790 656 934 702 πλοῖα,
968 651 1134 706 ἑτοῖμοι
1164 645 1277 706 ἦσαν
1307 653 1371 693 αἱ·

106 718 220 774 ρέειν
265 717 390 771 αὐτοὶ,
432 720 709 775 ἐσβλέποντες
738 720 781 771 ἐς
810 718 1107 775 τὸνβασιλέα,
1140 718 1264 762 ὁκότε
1293 736 1370 762 πα-

106 787 338 842 ραγγελέει.
371 786 394 831 ὁ
426 788 471 832 δὲ
507 789 668 845 Ξέρξης
699 791 835 845 εἴρετο
867 785 1044 839 αὐτούς,
1078 786 1158 842 ὅκη
1181 787 1397 831 πλέοιεν·5

106 856 150 899 οἱ
179 855 224 899 δὲ
253 853 403 899 εἶπαν·
444 854 535 908 ,,Ἐς
564 856 669 908 τούς
700 857 804 907 σούς
832 856 1079 910 πολεμίους,
1112 849 1147 898 ὦ
1168 854 1367 907 δέσποτα,

78 926 260 975 4,,σῖτον
298 922 518 980 ἅγοντες.“
578 923 602 969 ὁ
643 924 689 968 δὲ
726 923 965 980 ὑπολαβών
995 923 1098 979 ἔφη·
1156 921 1278 975 ,,ου’κ
1308 918 1370 965 ὦν

106 991 207 1042 ,,καὶ
243 990 368 1047 ἡμεῖς
405 992 495 1036 ἐκεῖ
521 992 729 1047 πλέομεν,

106 1073 178 1110 ,,τε
197 1057 365 1103 ἄλλοισι
393 1059 671 1116 ἐξηρτυμένοι
687 1061 759 1103 καὶ
783 1061 914 1117 citam
945 1062 986 1103 τί
1007 1062 1113 1116 δῆτα
1143 1057 1364 1104 ἀδικέουσι
1423 1075 1504 1114 572

47 1238 142 1271 retur
172 1234 365 1284 expeditio3
396 1248 516 1287 quum
547 1249 636 1272 vero
656 1236 705 1272 li-

1 1315 5 1318 <
48 1291 107 1327 bri
131 1292 258 1342 scripti
285 1291 380 1328 illud
414 1293 612 1340 retineant,
644 1294 705 1328 in—

48 1347 333 1397 terpretandum
365 1355 494 1399 putat:
540 1353 620 1387 ante
641 1362 706 1385 ex—

41 1404 260 1455 peditionem,
279 1418 366 1455 quae
385 1409 571 1455 paratur..
597 1404 707 1451 Quod

49 1462 219 1513 sequitur
249 1460 373 1510 σφέας
404 1463 490 1512 (pro
526 1458 705 1512 αὐτούς)

49 1519 323 1568 perspicuitatis
372 1531 484 1555 causa
533 1518 707 1555 additum

47 1581 154 1625 puto,
177 1588 267 1611 cum
287 1574 486 1621 praecedat
508 1571 710 1615 ἀκούσαν-

49 1646 118 1678 τας
139 1628 460 1682 τοῦς”Ελληιἀς.
517 1635 604 1669 Non
638 1633 709 1669 ali-

49 1694 106 1725 ter
125 1689 188 1737 VI,
208 1687 262 1729 46
284 1689 370 1726 coll.
396 1690 478 1737 vll,
498 1692 593 1730 221.

108 1786 205 1829 Οἷκε
230 1788 273 1830 δὲ
288 1786 414 1829 αὐτοῦ
426 1787 526 1841 αὕτη
552 1789 582 1842 ἦ
602 1787 709 1842 yvco'-

51 1861 104 1897 μη
132 1847 183 1900 τῇ
209 1861 253 1898 γε
287 1844 419 1899 ἄλλῃ]
460 1849 484 1886 i.
520 1862 553 1884 e.
584 1848 710 1884 similis

51 1906 129 1939 erat
168 1902 251 1940 haec
288 1905 361 1940 eius
399 1906 569 1941 sententia
606 1904 712 1941 alteri

52 1958 189 2011 (quam
219 1966 306 1996 ante
333 1958 534 2009 ediderat).
603 1956 709 2008 Οἶκε,

52 2016 159 2053 cuius
179 2017 264 2053 loco
275 2015 337 2053 hic
352 2017 477 2067 plures
493 2017 579 2053 libri
591 2015 708 2063 ἔοικε,

51 2072 103 2109 sic
136 2074 290 2124 ponitur
322 2072 390 2120 IV,
412 2076 477 2114 82.
501 2075 591 2114 180.
618 2075 709 2114 198-

51 2130 127 2166 Pro
147 2131 201 2183 τῇ
233 2144 277 2182 γε
325 2128 710 2180 Schweighaeuserus

50 2187 183 2223 mallet
210 2187 325 2241 τῇδε,
357 2185 425 2223 sed
452 2187 556 2223 libris
585 2187 710 2224 invitis

50 2244 215 2280 inserere
234 2256 313 2280 non
341 2242 475 2292 audet,
515 2244 710 2294 vulgatam

51 2301 105 2337 ita
124 2299 449 2350 interpretandam
469 2301 709 2338 existimans:

54 2369 123 2394 non
141 2356 343 2395 incredibile
362 2370 453 2407 esse,
485 2360 626 2395 sensisse
656 2360 711 2395 ita

56 2412 229 2450 Xerxem:
286 2426 391 2464 quum
434 2428 452 2452 c
467 2418 535 2452 ert
549 2427 566 2452 e
605 2416 713 2452 etiam

55 2469 133 2507 alia
154 2471 328 2507 occasione
346 2471 490 2509 similem
509 2474 713 2509 sententiam

58 2526 304 2564 declaraverit.
341 2526 523 2564 Matthiae
543 2530 713 2579 suspica-

57 2583 170 2620 batur
188 2583 283 2638 τῇδε
305 2579 418 2638 ἄλλῃ.
474 2585 518 2620 In
539 2597 644 2636 seqq.
665 2584 714 2621 ad

60 2640 223 2678 verbum
252 2634 487 2679 διεκπλῶειν
508 2642 610 2678 conf.
630 2641 712 2689 VII,

63 2698 141 2738 100
161 2697 291 2749 ibique
311 2697 421 2733 allata
443 2703 480 2734 et
496 2695 544 2733 ad
567 2694 715 2748 ἑτοῖμοι

59 2745 164 2803 ἦσαν
184 2755 214 2802 Ι,
240 2756 291 2794 10
324 2754 452 2806 ibique
479 2759 575 2791 nott.
606 2753 717 2804 βασι-

766 991 954 1048 ἒνθαπερ
985 992 1057 1035 καὶ
1088 993 1227 1039 οὑτοι,
1257 992 1370 1034 τοῖσί

763 1232 830 1273 λέα
852 1233 939 1271 dedi
959 1246 1028 1285 pro
1051 1235 1236 1285 βασιλῆα,
1259 1235 1316 1270 Ac
1328 1235 1423 1270 Lar-

763 1289 898 1328 cherus
913 1322 922 1339 ,
954 1292 1091 1327 merito
1113 1289 1174 1327 hic
1196 1290 1340 1328 attendi
1359 1291 1424 1327 iu-

762 1349 826 1385 bet
846 1347 894 1384 ad
917 1349 1191 1384 commercium
1220 1361 1425 1398 magnum,

765 1404 867 1456 quod
903 1406 1056 1441 Graecis
1097 1412 1210 1456 atque
1255 1406 1426 1455 inprimis

765 1460 1060 1498 Atheniensibus
1080 1461 1193 1497 fuerit
1211 1474 1300 1497 cum
1312 1462 1424 1498 Ponti

765 1520 909 1555 Euxini
943 1519 1097 1565 accolis,
1143 1517 1191 1554 ad
1222 1531 1327 1554 oram
1364 1531 1426 1554 se-

765 1575 1059 1626 ptentrionalem
1087 1575 1281 1625 inprimis,
1321 1573 1425 1611 uude

764 1633 1014 1676 frumentum,
1035 1632 1154 1682 pisces
1167 1661 1175 1676 ‚
1197 1632 1269 1667 alia
1288 1632 1342 1667 illi
1363 1644 1424 1667 ac-

766 1690 947 1739 ceperint.
976 1687 1177 1725 Eiusmodi
1195 1689 1304 1724 rebus
1326 1701 1425 1724 onu—

766 1753 839 1782 stas
860 1758 974 1782 naves
986 1745 1228 1781 mercatorias
1243 1743 1305 1781 hic
1327 1757 1424 1796 quo-

768 1816 843 1854 que
865 1803 1007 1852 optime
1026 1802 1187 1851 intelligi
1210 1808 1378 1851 possunt.

821 1876 895 1931 iim]
915 1878 1098 1929 πλέοιεν]
1133 1875 1207 1930 iim]
1237 1878 1299 1916 hic
1328 1879 1426 1917 valet

768 1951 844 1987 qao,
875 1950 1045 1987 quorsum.
1104 1937 1169 1972 Tu
1198 1937 1298 1975 conf.
1320 1937 1425 1973 simi—

766 1996 816 2031 lia
837 2007 934 2045 quae
957 1994 1079 2030 attulit
1091 1994 1259 2032 errser.
1273 1994 1313 2029 in
1323 1994 1426 2034 Actt.

766 2049 873 2102 phin.
893 2052 1066 2087 Monacc.
1087 2052 1104 2086 Ι
1136 2063 1175 2100 p.
1196 2049 1288 2090 412.
1346 2051 1424 2086 Nec

769 2109 875 2145 aliter
905 2106 1034 2147 ἐκεῖίι]
1055 2120 1175 2158 seqq„
1205 2107 1272 2142 ubi
1303 2104 1424 2146 ἐκεῖσε

767 2165 1032 2215 exspectabas,
1073 2165 1184 2216 eique
1222 2162 1425 2214 respondet

769 2221 958 2273 ἔνθαπερ.
1014 2219 1101 2258 vid.
1131 2220 1259 2259 Walz.
1283 2219 1331 2256 ad
1350 2221 1425 2256 Ar—

766 2292 847 2317 sen.
874 2279 975 2316 Viol.
1007 2290 1095 2329 pag.
1114 2276 1192 2317 143
1224 2275 1426 2314 coll.Bek-

766 2335 849 2373 ker.
870 2336 910 2371 in
938 2335 1107 2386 specim.
1135 2332 1312 2370 Philostr.
1336 2346 1423 2385 pag.

768 2394 835 2433 78.
892 2393 980 2429 Non
1011 2392 1119 2428 aliter
1151 2389 1233 2429 ἐκεῖ
1250 2404 1352 2428 nunc
1373 2391 1426 2427 le-

768 2450 870 2500 gitur
890 2447 992 2500 apud
1009 2445 1191 2487 Herodot.
1212 2448 1280 2496 IX,
1305 2449 1396 2488 108.

825 2526 1098 2580 έξηρτυμένοι]
1119 2524 1325 2572 Mediceus,
1336 2525 1402 2561 Flo
1413 2546 1425 2551 -

769 2586 952 2631 rentinus,
974 2584 1036 2619 alii
1061 2580 1327 2634 ἐξηρτημένοι.
1376 2581 1423 2617 Al

770 2648 871 2678 recte
900 2641 1094 2690 vulgatam
1123 2645 1250 2676 tuetur
1268 2639 1427 2675 wesse-

770 2699 865 2748 ling.
894 2698 1010 2734 citans
1029 2697 1077 2743 11,
1105 2698 1173 2736 32.
1193 2693 1332 2734 Athen,
1353 2695 1427 2730 XII

772 2767 810 2805 p.
832 2754 910 2796 511
933 2755 980 2792 D.
1003 2753 1087 2790 alia.
1144 2749 1282 2790 Suidas
1301 2754 1316 2788 1
1340 2763 1427 2803 pag.
