<?xml version="1.0" encoding="UTF-8"?>
<!DOCTYPE html PUBLIC "-//W3C//DTD XHTML 1.0 Transitional//EN"
    "http://www.w3.org/TR/xhtml1/DTD/xhtml1-transitional.dtd">
<html xmlns="http://www.w3.org/1999/xhtml" xml:lang="en" lang="en">
 <head>
  <title>
</title>
<meta http-equiv="Content-Type" content="text/html;charset=utf-8" />
  <meta name='ocr-system' content='tesseract 3.04.00' />
  <meta name='ocr-capabilities' content='ocr_page ocr_carea ocr_par ocr_line ocrx_word'/>
</head>
<body>
  <div class='ocr_page' id='page_1' title='image "./musaeherodoto03hero_0521.png"; bbox 0 0 1834 3258; ppageno 0'>
   <div class='ocr_carea' id='block_1_1' title="bbox 1 774 473 830">
    <p class='ocr_par' dir='ltr' id='par_1_1' title="bbox 1 774 473 830">
     <span class='ocr_line' id='line_1_1' title="bbox 1 774 473 830; baseline -0.008 -10"><span class='ocrx_word' id='word_1_1' title='bbox 1 782 62 828; x_wconf 76' lang='grc'><strong>41</strong></span> <span class='ocrx_word' id='word_1_2' title='bbox 134 775 239 830; x_wconf 83' lang='grc' dir='ltr'><strong><em>δρός</em></strong></span> <span class='ocrx_word' id='word_1_3' title='bbox 283 774 473 828; x_wconf 81' lang='grc' dir='ltr'><em>Πέρσεω.</em></span> 
     </span>
    </p>
   </div>
   <div class='ocr_carea' id='block_1_2' title="bbox 441 258 1077 296">
    <p class='ocr_par' dir='ltr' id='par_1_2' title="bbox 441 258 1077 296">
     <span class='ocr_line' id='line_1_2' title="bbox 441 258 1077 296; baseline 0 0"><span class='ocrx_word' id='word_1_4' title='bbox 441 258 912 296; x_wconf 87' lang='lat' dir='ltr'><strong>POLYMNIA.</strong></span> <span class='ocrx_word' id='word_1_5' title='bbox 970 259 1077 296; x_wconf 92' lang='lat' dir='ltr'><strong>V11.</strong></span> 
     </span>
    </p>
   </div>
   <div class='ocr_carea' id='block_1_3' title="bbox 1315 257 1401 298">
    <p class='ocr_par' dir='ltr' id='par_1_3' title="bbox 1315 257 1401 298">
     <span class='ocr_line' id='line_1_3' title="bbox 1315 257 1401 298; baseline 0 0"><span class='ocrx_word' id='word_1_6' title='bbox 1315 257 1401 298; x_wconf 82' lang='lat'><strong>5⁰9</strong></span> 
     </span>
    </p>
   </div>
   <div class='ocr_carea' id='block_1_4' title="bbox 129 365 1424 560">
    <p class='ocr_par' dir='ltr' id='par_1_4' title="bbox 129 365 1424 560">
     <span class='ocr_line' id='line_1_4' title="bbox 131 365 1424 421; baseline -0.001 -11"><span class='ocrx_word' id='word_1_7' title='bbox 131 368 256 411; x_wconf 82' lang='grc' dir='ltr'><strong><em>ἵπποι</em></strong></span> <span class='ocrx_word' id='word_1_8' title='bbox 295 365 375 421; x_wconf 72' lang='grc' dir='ltr'><strong>μὲν</strong></span> <span class='ocrx_word' id='word_1_9' title='bbox 414 365 560 411; x_wconf 82' lang='grc' dir='ltr'><strong><em>εἷλκον</em></strong></span> <span class='ocrx_word' id='word_1_10' title='bbox 598 369 742 413; x_wconf 83' lang='grc' dir='ltr'><strong><em>λευκοὶ</em></strong></span> <span class='ocrx_word' id='word_1_11' title='bbox 784 366 916 412; x_wconf 82' lang='grc' dir='ltr'><strong><em>ὀκτώ·</em></strong></span> <span class='ocrx_word' id='word_1_12' title='bbox 948 366 1102 411; x_wconf 81' lang='grc' dir='ltr'><strong><em>ὄπισθε</em></strong></span> <span class='ocrx_word' id='word_1_13' title='bbox 1131 366 1178 410; x_wconf 80' lang='grc' dir='ltr'><strong>δὲ</strong></span> <span class='ocrx_word' id='word_1_14' title='bbox 1204 369 1294 410; x_wconf 75' lang='grc' dir='ltr'><strong>τῶν</strong></span> <span class='ocrx_word' id='word_1_15' title='bbox 1323 368 1424 409; x_wconf 65' lang='grc' dir='ltr'><strong>ἴτε-1</strong></span> 
     </span>
     <span class='ocr_line' id='line_1_5' title="bbox 129 433 1395 492; baseline -0.002 -13"><span class='ocrx_word' id='word_1_16' title='bbox 129 450 224 479; x_wconf 85' lang='grc' dir='ltr'><strong>πων</strong></span> <span class='ocrx_word' id='word_1_17' title='bbox 261 434 402 478; x_wconf 81' lang='grc' dir='ltr'><strong><em>εἵπετο</em></strong></span> <span class='ocrx_word' id='word_1_18' title='bbox 439 438 547 492; x_wconf 83' lang='grc' dir='ltr'><strong><em>πεζῇ</em></strong></span> <span class='ocrx_word' id='word_1_19' title='bbox 594 435 794 492; x_wconf 83' lang='grc' dir='ltr'><strong><em>ἡνίοχος,</em></strong></span> <span class='ocrx_word' id='word_1_20' title='bbox 826 433 1028 491; x_wconf 81' lang='grc' dir='ltr'><em>ἐχόμενος</em></span> <span class='ocrx_word' id='word_1_21' title='bbox 1070 437 1160 477; x_wconf 75' lang='grc' dir='ltr'><strong>τῶν</strong></span> <span class='ocrx_word' id='word_1_22' title='bbox 1189 437 1395 490; x_wconf 78' lang='grc' dir='ltr'><strong><em>χαλινῶν·</em></strong></span> 
     </span>
     <span class='ocr_line' id='line_1_6' title="bbox 131 500 1399 560; baseline -0.002 -13"><span class='ocrx_word' id='word_1_23' title='bbox 131 501 277 553; x_wconf 83' lang='grc' dir='ltr'><strong><em>οὐδεὶς</em></strong></span> <span class='ocrx_word' id='word_1_24' title='bbox 313 503 396 559; x_wconf 77' lang='grc' dir='ltr'><strong>γὰρ</strong></span> <span class='ocrx_word' id='word_1_25' title='bbox 428 503 481 560; x_wconf 84' lang='grc' dir='ltr'><strong>δὴ</strong></span> <span class='ocrx_word' id='word_1_26' title='bbox 521 503 589 547; x_wconf 78' lang='grc' dir='ltr'><strong>ἐπὶ</strong></span> <span class='ocrx_word' id='word_1_27' title='bbox 619 507 780 546; x_wconf 86' lang='grc' dir='ltr'><strong><em>τοῦτον</em></strong></span> <span class='ocrx_word' id='word_1_28' title='bbox 817 502 896 545; x_wconf 80' lang='grc' dir='ltr'><strong>τόν</strong></span> <span class='ocrx_word' id='word_1_29' title='bbox 934 502 1107 558; x_wconf 73' lang='grc' dir='ltr'><strong><em>θρόνον</em></strong></span> <span class='ocrx_word' id='word_1_30' title='bbox 1146 500 1399 556; x_wconf 74' lang='grc' dir='ltr'><strong><em>ἀνθρώπων</em></strong></span> 
     </span>
    </p>
   </div>
   <div class='ocr_carea' id='block_1_5' title="bbox 106 569 376 625">
    <p class='ocr_par' dir='ltr' id='par_1_5' title="bbox 106 569 376 625">
     <span class='ocr_line' id='line_1_7' title="bbox 106 569 376 625; baseline 0.019 -15"><span class='ocrx_word' id='word_1_31' title='bbox 106 578 128 610; x_wconf 88' lang='grc'>6</span> <span class='ocrx_word' id='word_1_32' title='bbox 138 569 376 625; x_wconf 76' lang='grc' dir='ltr'><strong><em>ἀναβαίνει.</em></strong></span> 
     </span>
    </p>
   </div>
   <div class='ocr_carea' id='block_1_6' title="bbox 130 637 759 694">
    <p class='ocr_par' dir='ltr' id='par_1_6' title="bbox 130 637 759 694">
     <span class='ocr_line' id='line_1_8' title="bbox 130 637 759 694; baseline -0.003 -12"><span class='ocrx_word' id='word_1_33' title='bbox 130 637 323 694; x_wconf 80' lang='grc' dir='ltr'><strong><em>ἅρματος</em></strong></span> <span class='ocrx_word' id='word_1_34' title='bbox 352 641 496 682; x_wconf 81' lang='grc' dir='ltr'><strong><em>ἵππων</em></strong></span> <span class='ocrx_word' id='word_1_35' title='bbox 535 640 759 683; x_wconf 84' lang='grc' dir='ltr'><strong><em>Νισαίων·</em></strong></span> 
     </span>
    </p>
   </div>
   <div class='ocr_carea' id='block_1_7' title="bbox 433 568 1398 626">
    <p class='ocr_par' dir='ltr' id='par_1_7' title="bbox 433 568 1398 626">
     <span class='ocr_line' id='line_1_9' title="bbox 433 568 1398 626; baseline -0.003 -11"><span class='ocrx_word' id='word_1_36' title='bbox 433 572 596 615; x_wconf 86' lang='grc' dir='ltr'><strong><em>τούτου</em></strong></span> <span class='ocrx_word' id='word_1_37' title='bbox 635 571 681 614; x_wconf 79' lang='grc' dir='ltr'><strong>δὲ</strong></span> <span class='ocrx_word' id='word_1_38' title='bbox 722 571 908 614; x_wconf 79' lang='grc' dir='ltr'><strong><em>ὄπισθεν</em></strong></span> <span class='ocrx_word' id='word_1_39' title='bbox 954 570 1089 621; x_wconf 82' lang='grc' dir='ltr'><strong><em>αὐτὸς</em></strong></span> <span class='ocrx_word' id='word_1_40' title='bbox 1137 570 1298 626; x_wconf 78' lang='grc' dir='ltr'><strong><em>Ξέρξης</em></strong></span> <span class='ocrx_word' id='word_1_41' title='bbox 1336 568 1398 612; x_wconf 75' lang='grc' dir='ltr'><strong>ἐπ’</strong></span> 
     </span>
    </p>
   </div>
   <div class='ocr_carea' id='block_1_8' title="bbox 811 635 1424 694">
    <p class='ocr_par' dir='ltr' id='par_1_8' title="bbox 811 635 1424 694">
     <span class='ocr_line' id='line_1_10' title="bbox 973 635 1423 653; baseline -0.002 -2"><span class='ocrx_word' id='word_1_42' title='bbox 973 639 980 651; x_wconf 80' lang='grc' dir='ltr'><strong><em>Ι</em></strong></span> <span class='ocrx_word' id='word_1_43' title='bbox 1155 639 1163 651; x_wconf 91' lang='grc' dir='ltr'><strong><em>Ι</em></strong></span> <span class='ocrx_word' id='word_1_44' title='bbox 1226 639 1239 653; x_wconf 67' lang='grc' dir='ltr'><strong><em>ρ</em></strong></span> <span class='ocrx_word' id='word_1_45' title='bbox 1289 635 1301 650; x_wconf 67' lang='grc' dir='ltr'><strong><em>Γ</em></strong></span> <span class='ocrx_word' id='word_1_46' title='bbox 1338 637 1347 652; x_wconf 81' lang='grc' dir='ltr'><strong><em>Ι</em></strong></span> <span class='ocrx_word' id='word_1_47' title='bbox 1406 643 1423 650; x_wconf 73' lang='grc'><strong>,-</strong></span> 
     </span>
     <span class='ocr_line' id='line_1_11' title="bbox 811 639 1424 694; baseline -0.007 -13"><span class='ocrx_word' id='word_1_48' title='bbox 811 641 1088 694; x_wconf 82' lang='grc' dir='ltr'><strong><em>παραβεβηκε</em></strong></span> <span class='ocrx_word' id='word_1_49' title='bbox 1119 639 1165 681; x_wconf 86' lang='grc' dir='ltr'><strong><em>δε</em></strong></span> <span class='ocrx_word' id='word_1_50' title='bbox 1196 655 1237 681; x_wconf 90' lang='grc' dir='ltr'><strong>οι</strong></span> <span class='ocrx_word' id='word_1_51' title='bbox 1274 653 1424 693; x_wconf 63' lang='lat' dir='ltr'><strong>nmo-o</strong></span> 
     </span>
    </p>
   </div>
   <div class='ocr_carea' id='block_1_9' title="bbox 133 703 1397 763">
    <p class='ocr_par' dir='ltr' id='par_1_9' title="bbox 133 703 1397 763">
     <span class='ocr_line' id='line_1_12' title="bbox 133 703 1397 763; baseline -0.002 -13"><span class='ocrx_word' id='word_1_52' title='bbox 133 724 219 763; x_wconf 81' lang='grc' dir='ltr'><strong><em>χος,</em></strong></span> <span class='ocrx_word' id='word_1_53' title='bbox 249 709 308 763; x_wconf 80' lang='grc' dir='ltr'><strong>τῷ</strong></span> <span class='ocrx_word' id='word_1_54' title='bbox 338 707 507 763; x_wconf 81' lang='grc' dir='ltr'><strong><em>οὕνομα</em></strong></span> <span class='ocrx_word' id='word_1_55' title='bbox 537 703 593 762; x_wconf 75' lang='grc' dir='ltr'><strong>ἧν</strong></span> <span class='ocrx_word' id='word_1_56' title='bbox 624 705 930 762; x_wconf 76' lang='grc' dir='ltr'><strong><em>Πατιράμφης,</em></strong></span> <span class='ocrx_word' id='word_1_57' title='bbox 958 705 1145 750; x_wconf 77' lang='grc' dir='ltr'><strong><em>Ὀτάνεω</em></strong></span> <span class='ocrx_word' id='word_1_58' title='bbox 1176 710 1292 756; x_wconf 86' lang='grc' dir='ltr'><strong><em>παῖς,</em></strong></span> <span class='ocrx_word' id='word_1_59' title='bbox 1324 705 1397 748; x_wconf 77' lang='grc' dir='ltr'><strong>ἆν-</strong></span> 
     </span>
    </p>
   </div>
   <div class='ocr_carea' id='block_1_10' title="bbox 527 774 1396 831">
    <p class='ocr_par' dir='ltr' id='par_1_10' title="bbox 527 774 1396 831">
     <span class='ocr_line' id='line_1_13' title="bbox 527 774 1396 831; baseline 0 -15"><span class='ocrx_word' id='word_1_60' title='bbox 527 774 727 830; x_wconf 76' lang='grc' dir='ltr'><strong><em>Ἐξήλασε</em></strong></span> <span class='ocrx_word' id='word_1_61' title='bbox 766 775 844 831; x_wconf 78' lang='grc' dir='ltr'><strong>μὲν</strong></span> <span class='ocrx_word' id='word_1_62' title='bbox 865 775 917 831; x_wconf 79' lang='grc' dir='ltr'><em>δὴ</em></span> <span class='ocrx_word' id='word_1_63' title='bbox 958 774 1073 818; x_wconf 84' lang='grc' dir='ltr'><strong><em>οὕτω</em></strong></span> <span class='ocrx_word' id='word_1_64' title='bbox 1113 774 1159 817; x_wconf 79' lang='grc' dir='ltr'><strong>ἐκ</strong></span> <span class='ocrx_word' id='word_1_65' title='bbox 1190 775 1396 828; x_wconf 78' lang='grc' dir='ltr'><strong><em>Σαρδίων</em></strong></span> 
     </span>
    </p>
   </div>
   <div class='ocr_carea' id='block_1_11' title="bbox 127 841 1395 899">
    <p class='ocr_par' dir='ltr' id='par_1_11' title="bbox 127 841 1395 899">
     <span class='ocr_line' id='line_1_14' title="bbox 127 841 1395 899; baseline -0.002 -12"><span class='ocrx_word' id='word_1_66' title='bbox 127 844 311 899; x_wconf 79' lang='grc' dir='ltr'><strong><em>Ξέρξης·</em></strong></span> <span class='ocrx_word' id='word_1_67' title='bbox 347 844 676 899; x_wconf 83' lang='grc' dir='ltr'><strong><em>μετεκβαίνεσκε</em></strong></span> <span class='ocrx_word' id='word_1_68' title='bbox 715 842 781 895; x_wconf 78' lang='grc' dir='ltr'><strong>δὲ,</strong></span> <span class='ocrx_word' id='word_1_69' title='bbox 821 841 937 894; x_wconf 80' lang='grc' dir='ltr'><em>ὅκως</em></span> <span class='ocrx_word' id='word_1_70' title='bbox 972 859 1049 898; x_wconf 88' lang='grc' dir='ltr'><strong>μιν</strong></span> <span class='ocrx_word' id='word_1_71' title='bbox 1077 841 1209 898; x_wconf 77' lang='grc' dir='ltr'><strong><em>λόγος</em></strong></span> <span class='ocrx_word' id='word_1_72' title='bbox 1240 842 1395 897; x_wconf 78' lang='grc' dir='ltr'><strong><em>αἱρέοι,</em></strong></span> 
     </span>
    </p>
   </div>
   <div class='ocr_carea' id='block_1_12' title="bbox 40 1041 736 2931">
    <p class='ocr_par' dir='ltr' id='par_1_12' title="bbox 40 1041 736 2931">
     <span class='ocr_line' id='line_1_15' title="bbox 75 1041 736 1093; baseline 0 -14"><span class='ocrx_word' id='word_1_73' title='bbox 75 1043 223 1079; x_wconf 78' lang='lat' dir='ltr'><strong>etesiae</strong></span> <span class='ocrx_word' id='word_1_74' title='bbox 244 1043 423 1093; x_wconf 80' lang='lat' dir='ltr'><strong>fragmln.</strong></span> <span class='ocrx_word' id='word_1_75' title='bbox 445 1056 485 1093; x_wconf 84' lang='lat' dir='ltr'><strong>p.</strong></span> <span class='ocrx_word' id='word_1_76' title='bbox 508 1041 598 1083; x_wconf 82' lang='lat'><strong>146.</strong></span> <span class='ocrx_word' id='word_1_77' title='bbox 631 1044 736 1080; x_wconf 86' lang='lat' dir='ltr'><strong>Con-</strong></span> 
     </span>
     <span class='ocr_line' id='line_1_16' title="bbox 73 1099 734 1136; baseline 0 0"><span class='ocrx_word' id='word_1_78' title='bbox 73 1101 248 1136; x_wconf 87' lang='lat' dir='ltr'><strong>iunctum</strong></span> <span class='ocrx_word' id='word_1_79' title='bbox 279 1107 407 1136; x_wconf 81' lang='lat' dir='ltr'><strong>autem</strong></span> <span class='ocrx_word' id='word_1_80' title='bbox 434 1099 508 1136; x_wconf 90' lang='lat' dir='ltr'><strong>hoc</strong></span> <span class='ocrx_word' id='word_1_81' title='bbox 539 1113 617 1136; x_wconf 88' lang='lat' dir='ltr'><strong>esse</strong></span> <span class='ocrx_word' id='word_1_82' title='bbox 645 1114 734 1136; x_wconf 88' lang='lat' dir='ltr'><strong>cum</strong></span> 
     </span>
     <span class='ocr_line' id='line_1_17' title="bbox 73 1155 734 1207; baseline 0 -15"><span class='ocrx_word' id='word_1_83' title='bbox 73 1157 188 1207; x_wconf 89' lang='lat' dir='ltr'><strong>ipsius</strong></span> <span class='ocrx_word' id='word_1_84' title='bbox 209 1156 305 1194; x_wconf 81' lang='lat' dir='ltr'><strong>Solis</strong></span> <span class='ocrx_word' id='word_1_85' title='bbox 322 1157 443 1204; x_wconf 88' lang='lat' dir='ltr'><strong>cultu,</strong></span> <span class='ocrx_word' id='word_1_86' title='bbox 459 1155 570 1193; x_wconf 74' lang='lat' dir='ltr'><strong>valde</strong></span> <span class='ocrx_word' id='word_1_87' title='bbox 586 1157 628 1192; x_wconf 80' lang='lat' dir='ltr'><strong>fit</strong></span> <span class='ocrx_word' id='word_1_88' title='bbox 642 1170 734 1207; x_wconf 81' lang='lat' dir='ltr'><strong>pro-</strong></span> 
     </span>
     <span class='ocr_line' id='line_1_18' title="bbox 73 1212 733 1265; baseline -0.002 -15"><span class='ocrx_word' id='word_1_89' title='bbox 73 1214 209 1261; x_wconf 83' lang='lat' dir='ltr'>babile,</span> <span class='ocrx_word' id='word_1_90' title='bbox 236 1215 457 1264; x_wconf 82' lang='lat' dir='ltr'><strong>praesertim</strong></span> <span class='ocrx_word' id='word_1_91' title='bbox 489 1226 609 1265; x_wconf 87' lang='lat' dir='ltr'><strong>quum</strong></span> <span class='ocrx_word' id='word_1_92' title='bbox 630 1212 733 1250; x_wconf 87' lang='lat' dir='ltr'><strong>hunc</strong></span> 
     </span>
     <span class='ocr_line' id='line_1_19' title="bbox 40 1271 733 1322; baseline -0.001 -15"><span class='ocrx_word' id='word_1_93' title='bbox 40 1285 47 1291; x_wconf 57' lang='lat'>²</span> <span class='ocrx_word' id='word_1_94' title='bbox 74 1271 201 1321; x_wconf 85' lang='lat' dir='ltr'><strong>ipsum</strong></span> <span class='ocrx_word' id='word_1_95' title='bbox 222 1283 388 1318; x_wconf 82' lang='lat' dir='ltr'><strong>currum,</strong></span> <span class='ocrx_word' id='word_1_96' title='bbox 410 1284 525 1322; x_wconf 88' lang='lat' dir='ltr'><strong>quem</strong></span> <span class='ocrx_word' id='word_1_97' title='bbox 547 1271 621 1306; x_wconf 84' lang='lat' dir='ltr'>albi</span> <span class='ocrx_word' id='word_1_98' title='bbox 642 1272 733 1322; x_wconf 89' lang='lat' dir='ltr'><strong>equi</strong></span> 
     </span>
     <span class='ocr_line' id='line_1_20' title="bbox 75 1327 734 1377; baseline -0.003 -12"><span class='ocrx_word' id='word_1_99' title='bbox 75 1327 177 1376; x_wconf 70' lang='lat' dir='ltr'><strong>(Soli</strong></span> <span class='ocrx_word' id='word_1_100' title='bbox 183 1329 299 1377; x_wconf 84' lang='lat' dir='ltr'><strong>igitur</strong></span> <span class='ocrx_word' id='word_1_101' title='bbox 311 1329 533 1374; x_wconf 74' lang='lat' dir='ltr'><strong>consecrati,</strong></span> <span class='ocrx_word' id='word_1_102' title='bbox 545 1335 586 1363; x_wconf 88' lang='lat' dir='ltr'><strong>ut</strong></span> <span class='ocrx_word' id='word_1_103' title='bbox 598 1329 734 1364; x_wconf 88' lang='lat' dir='ltr'><strong>monui</strong></span> 
     </span>
     <span class='ocr_line' id='line_1_21' title="bbox 73 1383 730 1434; baseline 0.008 -14"><span class='ocrx_word' id='word_1_104' title='bbox 73 1383 160 1428; x_wconf 83' lang='lat' dir='ltr'><strong>adl,</strong></span> <span class='ocrx_word' id='word_1_105' title='bbox 174 1386 442 1432; x_wconf 81' lang='lat'><strong>189.209.111‚</strong></span> <span class='ocrx_word' id='word_1_106' title='bbox 457 1384 521 1424; x_wconf 75' lang='lat'><strong>84.</strong></span> <span class='ocrx_word' id='word_1_107' title='bbox 536 1383 617 1431; x_wconf 80' lang='lat' dir='ltr'><strong>VII,</strong></span> <span class='ocrx_word' id='word_1_108' title='bbox 632 1385 730 1434; x_wconf 77' lang='lat'><strong>113)</strong></span> 
     </span>
     <span class='ocr_line' id='line_1_22' title="bbox 72 1439 735 1492; baseline -0.002 -14"><span class='ocrx_word' id='word_1_109' title='bbox 72 1439 288 1488; x_wconf 82' lang='lat' dir='ltr'><strong>traherent,</strong></span> <span class='ocrx_word' id='word_1_110' title='bbox 317 1454 435 1492; x_wconf 88' lang='lat' dir='ltr'><strong>equus</strong></span> <span class='ocrx_word' id='word_1_111' title='bbox 467 1442 629 1478; x_wconf 78' lang='lat' dir='ltr'>eximiae</span> <span class='ocrx_word' id='word_1_112' title='bbox 644 1442 735 1491; x_wconf 85' lang='lat' dir='ltr'><strong>pul-</strong></span> 
     </span>
     <span class='ocr_line' id='line_1_23' title="bbox 74 1496 735 1549; baseline 0 -15"><span class='ocrx_word' id='word_1_113' title='bbox 74 1496 291 1545; x_wconf 86' lang='lat' dir='ltr'><strong>critudinis,</strong></span> <span class='ocrx_word' id='word_1_114' title='bbox 332 1510 450 1549; x_wconf 89' lang='lat' dir='ltr'><strong>quem</strong></span> <span class='ocrx_word' id='word_1_115' title='bbox 473 1497 569 1535; x_wconf 69' lang='lat' dir='ltr'><strong>Solis</strong></span> <span class='ocrx_word' id='word_1_116' title='bbox 600 1499 735 1549; x_wconf 86' lang='lat' dir='ltr'><strong>appel-</strong></span> 
     </span>
     <span class='ocr_line' id='line_1_24' title="bbox 73 1554 734 1606; baseline 0.006 -17"><span class='ocrx_word' id='word_1_117' title='bbox 73 1554 218 1602; x_wconf 83' lang='lat' dir='ltr'><strong>larent,</strong></span> <span class='ocrx_word' id='word_1_118' title='bbox 266 1566 368 1604; x_wconf 87' lang='lat' dir='ltr'><strong>pone</strong></span> <span class='ocrx_word' id='word_1_119' title='bbox 405 1561 650 1606; x_wconf 77' lang='lat' dir='ltr'><strong>sequeretur,</strong></span> <span class='ocrx_word' id='word_1_120' title='bbox 690 1562 734 1593; x_wconf 88' lang='lat' dir='ltr'><strong>ut</strong></span> 
     </span>
     <span class='ocr_line' id='line_1_25' title="bbox 73 1611 591 1662; baseline 0.004 -15"><span class='ocrx_word' id='word_1_121' title='bbox 73 1612 200 1647; x_wconf 77' lang='lat' dir='ltr'><strong>scribit</strong></span> <span class='ocrx_word' id='word_1_122' title='bbox 220 1611 370 1648; x_wconf 88' lang='lat' dir='ltr'><strong>Curtius</strong></span> <span class='ocrx_word' id='word_1_123' title='bbox 380 1611 407 1648; x_wconf 92' lang='lat' dir='ltr'><strong>l.</strong></span> <span class='ocrx_word' id='word_1_124' title='bbox 428 1625 542 1662; x_wconf 83' lang='lat' dir='ltr'><strong>supra</strong></span> <span class='ocrx_word' id='word_1_125' title='bbox 564 1613 591 1649; x_wconf 92' lang='lat' dir='ltr'><strong>l.</strong></span> 
     </span>
     <span class='ocr_line' id='line_1_26' title="bbox 129 1685 732 1742; baseline 0.002 -13"><span class='ocrx_word' id='word_1_126' title='bbox 129 1685 264 1737; x_wconf 75' lang='grc' dir='ltr'><strong><em>οὐδεὶς</em></strong></span> <span class='ocrx_word' id='word_1_127' title='bbox 301 1687 376 1742; x_wconf 64' lang='grc' dir='ltr'><strong>γάρ</strong></span> <span class='ocrx_word' id='word_1_128' title='bbox 415 1687 466 1741; x_wconf 75' lang='grc' dir='ltr'><strong>δή</strong></span> <span class='ocrx_word' id='word_1_129' title='bbox 499 1688 564 1730; x_wconf 82' lang='grc' dir='ltr'><strong><em>ε’πὶ</em></strong></span> <span class='ocrx_word' id='word_1_130' title='bbox 590 1693 732 1730; x_wconf 83' lang='grc' dir='ltr'><strong><em>τοῦτον</em></strong></span> 
     </span>
     <span class='ocr_line' id='line_1_27' title="bbox 72 1742 732 1798; baseline 0 -12"><span class='ocrx_word' id='word_1_131' title='bbox 72 1742 139 1786; x_wconf 86' lang='grc' dir='ltr'><strong>τόν</strong></span> <span class='ocrx_word' id='word_1_132' title='bbox 171 1744 329 1798; x_wconf 72' lang='grc' dir='ltr'><strong><em>θρόνον</em></strong></span> <span class='ocrx_word' id='word_1_133' title='bbox 364 1742 596 1798; x_wconf 61' lang='grc' dir='ltr'><strong><em>ἀνθρώπων</em></strong></span> <span class='ocrx_word' id='word_1_134' title='bbox 631 1744 732 1786; x_wconf 74' lang='grc' dir='ltr'><strong><em>οἰνα-</em></strong></span> 
     </span>
     <span class='ocr_line' id='line_1_28' title="bbox 73 1803 730 1854; baseline 0.002 -12"><span class='ocrx_word' id='word_1_135' title='bbox 73 1803 233 1854; x_wconf 86' lang='grc' dir='ltr'><strong><em>βαίνει]</em></strong></span> <span class='ocrx_word' id='word_1_136' title='bbox 281 1803 344 1840; x_wconf 86' lang='lat' dir='ltr'><strong>Ad</strong></span> <span class='ocrx_word' id='word_1_137' title='bbox 362 1816 475 1841; x_wconf 70' lang='lat' dir='ltr'><strong>voces</strong></span> <span class='ocrx_word' id='word_1_138' title='bbox 502 1803 567 1844; x_wconf 80' lang='grc' dir='ltr'><strong>ἐπὶ</strong></span> <span class='ocrx_word' id='word_1_139' title='bbox 587 1807 730 1844; x_wconf 82' lang='grc' dir='ltr'><strong><em>τοῦτον</em></strong></span> 
     </span>
     <span class='ocr_line' id='line_1_29' title="bbox 73 1859 734 1906; baseline 0.002 -9"><span class='ocrx_word' id='word_1_140' title='bbox 73 1860 174 1897; x_wconf 86' lang='lat' dir='ltr'><strong>conf.</strong></span> <span class='ocrx_word' id='word_1_141' title='bbox 194 1859 318 1897; x_wconf 88' lang='lat' dir='ltr'><strong>Matth</strong></span> <span class='ocrx_word' id='word_1_142' title='bbox 349 1862 415 1897; x_wconf 90' lang='lat' dir='ltr'><strong>Gr.</strong></span> <span class='ocrx_word' id='word_1_143' title='bbox 438 1862 504 1897; x_wconf 87' lang='lat' dir='ltr'><strong>Gr.</strong></span> <span class='ocrx_word' id='word_1_144' title='bbox 527 1862 564 1906; x_wconf 83' lang='lat'><strong>§.</strong></span> <span class='ocrx_word' id='word_1_145' title='bbox 586 1861 668 1902; x_wconf 88' lang='grc'><strong>586</strong></span> <span class='ocrx_word' id='word_1_146' title='bbox 690 1862 734 1899; x_wconf 86' lang='lat' dir='ltr'><strong>C.</strong></span> 
     </span>
     <span class='ocr_line' id='line_1_30' title="bbox 72 1916 732 1968; baseline 0.003 -16"><span class='ocrx_word' id='word_1_147' title='bbox 72 1929 161 1967; x_wconf 84' lang='lat' dir='ltr'><strong>pag</strong></span> <span class='ocrx_word' id='word_1_148' title='bbox 185 1918 306 1964; x_wconf 85' lang='lat'><strong>1168,</strong></span> <span class='ocrx_word' id='word_1_149' title='bbox 330 1919 395 1968; x_wconf 74' lang='lat' dir='ltr'><strong>qui</strong></span> <span class='ocrx_word' id='word_1_150' title='bbox 414 1916 519 1954; x_wconf 90' lang='lat' dir='ltr'><strong>idem</strong></span> <span class='ocrx_word' id='word_1_151' title='bbox 539 1929 627 1967; x_wconf 83' lang='lat' dir='ltr'><strong>pag.</strong></span> <span class='ocrx_word' id='word_1_152' title='bbox 651 1920 732 1958; x_wconf 80' lang='lat'><strong>623</strong></span> 
     </span>
     <span class='ocr_line' id='line_1_31' title="bbox 71 1968 734 2025; baseline 0.005 -16"><span class='ocrx_word' id='word_1_153' title='bbox 71 1973 216 2011; x_wconf 88' lang='lat' dir='ltr'><strong>consul.</strong></span> <span class='ocrx_word' id='word_1_154' title='bbox 252 1971 300 2009; x_wconf 86' lang='lat' dir='ltr'><strong>ad</strong></span> <span class='ocrx_word' id='word_1_155' title='bbox 329 1986 440 2010; x_wconf 83' lang='lat' dir='ltr'><strong>voces</strong></span> <span class='ocrx_word' id='word_1_156' title='bbox 472 1968 530 2012; x_wconf 78' lang='grc' dir='ltr'><strong>ἐπ</strong></span> <span class='ocrx_word' id='word_1_157' title='bbox 560 1989 734 2025; x_wconf 83' lang='grc' dir='ltr'><strong><em>αρματος</em></strong></span> 
     </span>
     <span class='ocr_line' id='line_1_32' title="bbox 68 2028 735 2081; baseline 0.002 -13.006"><span class='ocrx_word' id='word_1_158' title='bbox 68 2028 221 2068; x_wconf 85' lang='grc' dir='ltr'><strong><em>ι’ππων.</em></strong></span> <span class='ocrx_word' id='word_1_159' title='bbox 277 2030 371 2066; x_wconf 86' lang='lat' dir='ltr'><strong>Mox</strong></span> <span class='ocrx_word' id='word_1_160' title='bbox 399 2030 537 2066; x_wconf 87' lang='lat' dir='ltr'><strong>retinui</strong></span> <span class='ocrx_word' id='word_1_161' title='bbox 557 2029 735 2081; x_wconf 82' lang='grc' dir='ltr'><strong><em>παραβέ-</em></strong></span> 
     </span>
     <span class='ocr_line' id='line_1_33' title="bbox 71 2085 733 2137; baseline -0.003 -13"><span class='ocrx_word' id='word_1_162' title='bbox 71 2086 171 2137; x_wconf 86' lang='grc' dir='ltr'><strong><em>βηκε</em></strong></span> <span class='ocrx_word' id='word_1_163' title='bbox 218 2086 266 2122; x_wconf 91' lang='lat' dir='ltr'><strong>ob</strong></span> <span class='ocrx_word' id='word_1_164' title='bbox 307 2085 418 2124; x_wconf 84' lang='lat' dir='ltr'><strong>codd.</strong></span> <span class='ocrx_word' id='word_1_165' title='bbox 457 2087 733 2135; x_wconf 85' lang='lat' dir='ltr'><strong>auctoritatem,</strong></span> 
     </span>
     <span class='ocr_line' id='line_1_34' title="bbox 71 2139 731 2194; baseline 0.006 -16"><span class='ocrx_word' id='word_1_166' title='bbox 71 2155 162 2178; x_wconf 89' lang='lat' dir='ltr'><strong>cum</strong></span> <span class='ocrx_word' id='word_1_167' title='bbox 184 2143 299 2192; x_wconf 84' lang='lat' dir='ltr'><strong>vulgo</strong></span> <span class='ocrx_word' id='word_1_168' title='bbox 318 2149 413 2179; x_wconf 86' lang='lat' dir='ltr'><strong>esset</strong></span> <span class='ocrx_word' id='word_1_169' title='bbox 441 2139 731 2194; x_wconf 81' lang='grc' dir='ltr'><strong><em>παραβεβήκεε,</em></strong></span> 
     </span>
     <span class='ocr_line' id='line_1_35' title="bbox 70 2198 734 2251; baseline 0.002 -16"><span class='ocrx_word' id='word_1_170' title='bbox 70 2198 175 2251; x_wconf 88' lang='lat' dir='ltr'><strong>quod</strong></span> <span class='ocrx_word' id='word_1_171' title='bbox 204 2199 620 2251; x_wconf 82' lang='lat' dir='ltr'><strong>plusquamperfectum</strong></span> <span class='ocrx_word' id='word_1_172' title='bbox 645 2207 734 2237; x_wconf 90' lang='lat' dir='ltr'><strong>tue-</strong></span> 
     </span>
     <span class='ocr_line' id='line_1_36' title="bbox 70 2255 730 2309; baseline 0.002 -16"><span class='ocrx_word' id='word_1_173' title='bbox 70 2262 133 2293; x_wconf 89' lang='lat' dir='ltr'><strong>tur</strong></span> <span class='ocrx_word' id='word_1_174' title='bbox 151 2255 347 2303; x_wconf 75' lang='lat' dir='ltr'><strong>Matthiae,</strong></span> <span class='ocrx_word' id='word_1_175' title='bbox 369 2269 458 2293; x_wconf 91' lang='lat' dir='ltr'><strong>cum</strong></span> <span class='ocrx_word' id='word_1_176' title='bbox 468 2258 680 2309; x_wconf 80' lang='lat' dir='ltr'><strong>requiratur</strong></span> <span class='ocrx_word' id='word_1_177' title='bbox 691 2255 730 2296; x_wconf 87' lang='lat'><strong>11.</strong></span> 
     </span>
     <span class='ocr_line' id='line_1_37' title="bbox 70 2312 732 2365; baseline 0.002 -16"><span class='ocrx_word' id='word_1_178' title='bbox 70 2313 97 2350; x_wconf 94' lang='lat' dir='ltr'><strong>l.</strong></span> <span class='ocrx_word' id='word_1_179' title='bbox 117 2313 299 2362; x_wconf 82' lang='lat' dir='ltr'><strong>adstabat,</strong></span> <span class='ocrx_word' id='word_1_180' title='bbox 328 2312 582 2365; x_wconf 80' lang='grc' dir='ltr'><strong><em>παραβέβηκε</em></strong></span> <span class='ocrx_word' id='word_1_181' title='bbox 602 2321 732 2351; x_wconf 84' lang='lat' dir='ltr'><strong>autem</strong></span> 
     </span>
     <span class='ocr_line' id='line_1_38' title="bbox 71 2369 732 2408; baseline 0.002 -1"><span class='ocrx_word' id='word_1_182' title='bbox 71 2369 215 2407; x_wconf 80' lang='lat' dir='ltr'><strong>valeat:</strong></span> <span class='ocrx_word' id='word_1_183' title='bbox 253 2372 361 2407; x_wconf 76' lang='lat' dir='ltr'><strong>iuxta</strong></span> <span class='ocrx_word' id='word_1_184' title='bbox 390 2383 466 2408; x_wconf 80' lang='lat' dir='ltr'><strong>eum</strong></span> <span class='ocrx_word' id='word_1_185' title='bbox 497 2384 638 2408; x_wconf 74' lang='lat' dir='ltr'><strong>currum</strong></span> <span class='ocrx_word' id='word_1_186' title='bbox 660 2371 732 2408; x_wconf 82' lang='lat' dir='ltr'><strong>ad-</strong></span> 
     </span>
     <span class='ocr_line' id='line_1_39' title="bbox 71 2425 730 2465; baseline 0.005 -3"><span class='ocrx_word' id='word_1_187' title='bbox 71 2425 206 2462; x_wconf 74' lang='lat' dir='ltr'><strong>sccndit</strong></span> <span class='ocrx_word' id='word_1_188' title='bbox 235 2432 272 2462; x_wconf 86' lang='lat' dir='ltr'><strong>et</strong></span> <span class='ocrx_word' id='word_1_189' title='bbox 308 2439 412 2463; x_wconf 87' lang='lat' dir='ltr'><strong>nunc</strong></span> <span class='ocrx_word' id='word_1_190' title='bbox 452 2428 567 2465; x_wconf 88' lang='lat' dir='ltr'><strong>etiam</strong></span> <span class='ocrx_word' id='word_1_191' title='bbox 594 2428 730 2465; x_wconf 74' lang='lat' dir='ltr'><strong>adstat.</strong></span> 
     </span>
     <span class='ocr_line' id='line_1_40' title="bbox 73 2482 731 2537; baseline 0.008 -20"><span class='ocrx_word' id='word_1_192' title='bbox 73 2483 172 2518; x_wconf 86' lang='lat' dir='ltr'><strong>Hinc</strong></span> <span class='ocrx_word' id='word_1_193' title='bbox 203 2495 356 2534; x_wconf 87' lang='lat' dir='ltr'><strong>quoque</strong></span> <span class='ocrx_word' id='word_1_194' title='bbox 385 2482 555 2524; x_wconf 82' lang='lat' dir='ltr'><strong>Bekker.</strong></span> <span class='ocrx_word' id='word_1_195' title='bbox 577 2486 731 2537; x_wconf 87' lang='lat' dir='ltr'><strong>reliquit</strong></span> 
     </span>
     <span class='ocr_line' id='line_1_41' title="bbox 69 2535 731 2590; baseline 0.003 -14"><span class='ocrx_word' id='word_1_196' title='bbox 69 2535 356 2590; x_wconf 79' lang='grc' dir='ltr'><strong><em>παραβεβήκεε.</em></strong></span> <span class='ocrx_word' id='word_1_197' title='bbox 388 2540 553 2577; x_wconf 80' lang='lat' dir='ltr'><strong>Sensum</strong></span> <span class='ocrx_word' id='word_1_198' title='bbox 571 2542 646 2578; x_wconf 84' lang='lat' dir='ltr'><strong>loci</strong></span> <span class='ocrx_word' id='word_1_199' title='bbox 667 2555 731 2578; x_wconf 87' lang='lat' dir='ltr'><strong>re—</strong></span> 
     </span>
     <span class='ocr_line' id='line_1_42' title="bbox 70 2595 730 2649; baseline 0.005 -17"><span class='ocrx_word' id='word_1_200' title='bbox 70 2601 128 2632; x_wconf 89' lang='lat' dir='ltr'><strong>cte</strong></span> <span class='ocrx_word' id='word_1_201' title='bbox 132 2595 514 2645; x_wconf 76' lang='lat' dir='ltr'><strong>,opinor,slclnd1cat</strong></span> <span class='ocrx_word' id='word_1_202' title='bbox 529 2596 730 2649; x_wconf 77' lang='lat' dir='ltr'><strong>Schweig-</strong></span> 
     </span>
     <span class='ocr_line' id='line_1_43' title="bbox 69 2649 731 2692; baseline 0.008 -4"><span class='ocrx_word' id='word_1_203' title='bbox 69 2649 273 2692; x_wconf 81' lang='lat' dir='ltr'><strong>haeuser.</strong></span> <span class='ocrx_word' id='word_1_204' title='bbox 262 2665 302 2688; x_wconf 86' lang='lat' dir='ltr'><strong>m</strong></span> <span class='ocrx_word' id='word_1_205' title='bbox 313 2653 408 2691; x_wconf 89' lang='lat' dir='ltr'><strong>Lex.</strong></span> <span class='ocrx_word' id='word_1_206' title='bbox 423 2652 619 2692; x_wconf 60' lang='lat' dir='ltr'><strong>Hermion:</strong></span> <span class='ocrx_word' id='word_1_207' title='bbox 642 2655 731 2692; x_wconf 85' lang='lat' dir='ltr'><strong>ala-</strong></span> 
     </span>
     <span class='ocr_line' id='line_1_44' title="bbox 71 2709 731 2762; baseline 0.006 -18"><span class='ocrx_word' id='word_1_208' title='bbox 71 2711 141 2746; x_wconf 79' lang='lat' dir='ltr'><strong>tere</strong></span> <span class='ocrx_word' id='word_1_209' title='bbox 174 2710 249 2746; x_wconf 76' lang='lat' dir='ltr'><strong>eius</strong></span> <span class='ocrx_word' id='word_1_210' title='bbox 283 2709 403 2746; x_wconf 81' lang='lat' dir='ltr'><strong>stabat</strong></span> <span class='ocrx_word' id='word_1_211' title='bbox 427 2712 582 2759; x_wconf 77' lang='lat' dir='ltr'><strong>auriga,</strong></span> <span class='ocrx_word' id='word_1_212' title='bbox 613 2724 731 2762; x_wconf 88' lang='lat' dir='ltr'><strong>quem</strong></span> 
     </span>
     <span class='ocr_line' id='line_1_45' title="bbox 69 2764 732 2817; baseline 0.005 -17"><span class='ocrx_word' id='word_1_213' title='bbox 69 2764 195 2815; x_wconf 83' lang='lat' dir='ltr'><strong>ipsum</strong></span> <span class='ocrx_word' id='word_1_214' title='bbox 214 2766 384 2802; x_wconf 75' lang='lat' dir='ltr'><strong>max1mo</strong></span> <span class='ocrx_word' id='word_1_215' title='bbox 413 2764 559 2803; x_wconf 88' lang='lat' dir='ltr'><strong>honore</strong></span> <span class='ocrx_word' id='word_1_216' title='bbox 577 2766 732 2817; x_wconf 87' lang='lat' dir='ltr'><strong>praedi-</strong></span> 
     </span>
     <span class='ocr_line' id='line_1_46' title="bbox 75 2821 732 2870; baseline 0.005 -12"><span class='ocrx_word' id='word_1_217' title='bbox 75 2825 174 2870; x_wconf 88' lang='lat' dir='ltr'><strong>tum,</strong></span> <span class='ocrx_word' id='word_1_218' title='bbox 206 2822 327 2858; x_wconf 86' lang='lat' dir='ltr'><strong>nobili</strong></span> <span class='ocrx_word' id='word_1_219' title='bbox 361 2821 732 2861; x_wconf 86' lang='lat' dir='ltr'><strong>Achaemenidarum</strong></span> 
     </span>
     <span class='ocr_line' id='line_1_47' title="bbox 76 2875 731 2931; baseline 0.006 -17"><span class='ocrx_word' id='word_1_220' title='bbox 76 2877 188 2930; x_wconf 80' lang='lat' dir='ltr'><strong>stirpe</strong></span> <span class='ocrx_word' id='word_1_221' title='bbox 227 2875 433 2917; x_wconf 82' lang='lat' dir='ltr'><strong>oriundum</strong></span> <span class='ocrx_word' id='word_1_222' title='bbox 461 2878 551 2917; x_wconf 87' lang='lat' dir='ltr'><strong>inde</strong></span> <span class='ocrx_word' id='word_1_223' title='bbox 580 2881 731 2931; x_wconf 85' lang='lat' dir='ltr'><strong>colligo,</strong></span> 
     </span>
    </p>
   </div>
   <div class='ocr_carea' id='block_1_13' title="bbox 788 1040 1454 1377">
    <p class='ocr_par' dir='ltr' id='par_1_13' title="bbox 788 1040 1454 1377">
     <span class='ocr_line' id='line_1_48' title="bbox 792 1040 1454 1093; baseline -0.003 -15"><span class='ocrx_word' id='word_1_224' title='bbox 792 1040 896 1093; x_wconf 80' lang='lat' dir='ltr'><strong>quod</strong></span> <span class='ocrx_word' id='word_1_225' title='bbox 919 1042 1046 1078; x_wconf 87' lang='lat' dir='ltr'><strong>Otanis</strong></span> <span class='ocrx_word' id='word_1_226' title='bbox 1078 1042 1142 1078; x_wconf 87' lang='lat' dir='ltr'><strong>ille</strong></span> <span class='ocrx_word' id='word_1_227' title='bbox 1162 1041 1233 1078; x_wconf 84' lang='lat' dir='ltr'><strong>fuit</strong></span> <span class='ocrx_word' id='word_1_228' title='bbox 1260 1040 1370 1088; x_wconf 86' lang='lat' dir='ltr'><strong>filius,</strong></span> <span class='ocrx_word' id='word_1_229' title='bbox 1391 1040 1454 1077; x_wconf 82' lang='lat' dir='ltr'><strong>vel</strong></span> 
     </span>
     <span class='ocr_line' id='line_1_49' title="bbox 790 1099 1453 1149; baseline -0.002 -16"><span class='ocrx_word' id='word_1_230' title='bbox 790 1100 969 1149; x_wconf 79' lang='lat' dir='ltr'><strong>principis</strong></span> <span class='ocrx_word' id='word_1_231' title='bbox 1001 1100 1204 1135; x_wconf 78' lang='lat' dir='ltr'><strong>Persarum</strong></span> <span class='ocrx_word' id='word_1_232' title='bbox 1232 1100 1349 1145; x_wconf 89' lang='lat' dir='ltr'><strong>illius,</strong></span> <span class='ocrx_word' id='word_1_233' title='bbox 1386 1099 1453 1148; x_wconf 87' lang='lat' dir='ltr'><strong>qui</strong></span> 
     </span>
     <span class='ocr_line' id='line_1_50' title="bbox 790 1156 1453 1205; baseline -0.003 -14"><span class='ocrx_word' id='word_1_234' title='bbox 790 1169 878 1192; x_wconf 89' lang='lat' dir='ltr'><strong>cum</strong></span> <span class='ocrx_word' id='word_1_235' title='bbox 899 1156 1013 1191; x_wconf 79' lang='lat' dir='ltr'><strong>Dario</strong></span> <span class='ocrx_word' id='word_1_236' title='bbox 1042 1157 1081 1191; x_wconf 86' lang='lat' dir='ltr'><strong>in</strong></span> <span class='ocrx_word' id='word_1_237' title='bbox 1111 1157 1243 1205; x_wconf 79' lang='lat' dir='ltr'><strong>Magos</strong></span> <span class='ocrx_word' id='word_1_238' title='bbox 1274 1156 1453 1191; x_wconf 87' lang='lat' dir='ltr'><strong>coniura-</strong></span> 
     </span>
     <span class='ocr_line' id='line_1_51' title="bbox 788 1206 1453 1264; baseline -0.003 -15"><span class='ocrx_word' id='word_1_239' title='bbox 788 1206 895 1249; x_wconf 79' lang='lat' dir='ltr'><strong>verat</strong></span> <span class='ocrx_word' id='word_1_240' title='bbox 929 1212 1020 1260; x_wconf 85' lang='grc' dir='ltr'>(ΙΙΙ,</span> <span class='ocrx_word' id='word_1_241' title='bbox 1053 1214 1105 1252; x_wconf 84' lang='grc'><strong>67</strong></span> <span class='ocrx_word' id='word_1_242' title='bbox 1125 1225 1231 1264; x_wconf 85' lang='lat' dir='ltr'><strong>seqq.</strong></span> <span class='ocrx_word' id='word_1_243' title='bbox 1260 1214 1313 1251; x_wconf 80' lang='lat'><strong>70</strong></span> <span class='ocrx_word' id='word_1_244' title='bbox 1343 1210 1453 1262; x_wconf 87' lang='lat' dir='ltr'><strong>seq.)</strong></span> 
     </span>
     <span class='ocr_line' id='line_1_52' title="bbox 791 1268 1453 1306; baseline -0.002 -1"><span class='ocrx_word' id='word_1_245' title='bbox 791 1270 851 1305; x_wconf 81' lang='lat' dir='ltr'><strong>vel</strong></span> <span class='ocrx_word' id='word_1_246' title='bbox 896 1275 997 1305; x_wconf 89' lang='lat' dir='ltr'><strong>certe</strong></span> <span class='ocrx_word' id='word_1_247' title='bbox 1036 1270 1148 1306; x_wconf 89' lang='lat' dir='ltr'><strong>unius</strong></span> <span class='ocrx_word' id='word_1_248' title='bbox 1189 1282 1238 1305; x_wconf 86' lang='lat' dir='ltr'><strong>ex</strong></span> <span class='ocrx_word' id='word_1_249' title='bbox 1281 1268 1453 1305; x_wconf 86' lang='lat' dir='ltr'><strong>eiusdem</strong></span> 
     </span>
     <span class='ocr_line' id='line_1_53' title="bbox 790 1327 977 1377; baseline 0.016 -15"><span class='ocrx_word' id='word_1_250' title='bbox 790 1327 977 1377; x_wconf 79' lang='lat' dir='ltr'><strong>cognatis.</strong></span> 
     </span>
    </p>
   </div>
   <div class='ocr_carea' id='block_1_14' title="bbox 1012 1415 1233 1467">
    <p class='ocr_par' dir='ltr' id='par_1_14' title="bbox 1012 1415 1233 1467">
     <span class='ocr_line' id='line_1_54' title="bbox 1012 1415 1233 1467; baseline 0 -15"><span class='ocrx_word' id='word_1_251' title='bbox 1012 1415 1104 1467; x_wconf 73' lang='lat' dir='ltr'><strong>cap.</strong></span> <span class='ocrx_word' id='word_1_252' title='bbox 1130 1417 1233 1452; x_wconf 84' lang='lat' dir='ltr'><strong>XLI.</strong></span> 
     </span>
    </p>
   </div>
   <div class='ocr_carea' id='block_1_15' title="bbox 786 1514 1458 2932">
    <p class='ocr_par' dir='ltr' id='par_1_15' title="bbox 786 1514 1458 2932">
     <span class='ocr_line' id='line_1_55' title="bbox 845 1514 1454 1571; baseline -0.007 -14"><span class='ocrx_word' id='word_1_253' title='bbox 845 1514 948 1565; x_wconf 69' lang='grc' dir='ltr'>ὅκως</span> <span class='ocrx_word' id='word_1_254' title='bbox 967 1533 1035 1569; x_wconf 86' lang='grc' dir='ltr'><strong>μιν</strong></span> <span class='ocrx_word' id='word_1_255' title='bbox 1059 1514 1176 1571; x_wconf 74' lang='grc' dir='ltr'><strong><em>λόγος</em></strong></span> <span class='ocrx_word' id='word_1_256' title='bbox 1199 1515 1354 1569; x_wconf 77' lang='grc' dir='ltr'><strong><em>αἱρέοι]</em></strong></span> <span class='ocrx_word' id='word_1_257' title='bbox 1376 1518 1454 1553; x_wconf 90' lang='lat' dir='ltr'><strong>Ar-</strong></span> 
     </span>
     <span class='ocr_line' id='line_1_56' title="bbox 788 1573 1455 1626; baseline -0.004 -14"><span class='ocrx_word' id='word_1_258' title='bbox 788 1575 950 1612; x_wconf 87' lang='lat' dir='ltr'><strong>ticulum</strong></span> <span class='ocrx_word' id='word_1_259' title='bbox 971 1573 994 1614; x_wconf 70' lang='lat'><strong>0‘</strong></span> <span class='ocrx_word' id='word_1_260' title='bbox 1021 1583 1107 1612; x_wconf 85' lang='lat' dir='ltr'><strong>ante</strong></span> <span class='ocrx_word' id='word_1_261' title='bbox 1128 1573 1185 1626; x_wconf 59' lang='grc' dir='ltr'><strong>λό)</strong></span> <span class='ocrx_word' id='word_1_262' title='bbox 1197 1590 1239 1622; x_wconf 79' lang='grc' dir='ltr'><strong>ος</strong></span> <span class='ocrx_word' id='word_1_263' title='bbox 1270 1575 1363 1611; x_wconf 85' lang='lat' dir='ltr'><strong>olim</strong></span> <span class='ocrx_word' id='word_1_264' title='bbox 1383 1573 1455 1610; x_wconf 88' lang='lat' dir='ltr'><strong>ad-</strong></span> 
     </span>
     <span class='ocr_line' id='line_1_57' title="bbox 789 1631 1454 1681; baseline -0.003 -12"><span class='ocrx_word' id='word_1_265' title='bbox 789 1631 925 1681; x_wconf 77' lang='lat' dir='ltr'><strong>ditum,</strong></span> <span class='ocrx_word' id='word_1_266' title='bbox 948 1645 1038 1669; x_wconf 86' lang='lat' dir='ltr'><strong>cum</strong></span> <span class='ocrx_word' id='word_1_267' title='bbox 1058 1639 1216 1671; x_wconf 85' lang='lat' dir='ltr'><strong>recentt.</strong></span> <span class='ocrx_word' id='word_1_268' title='bbox 1239 1631 1325 1668; x_wconf 89' lang='lat' dir='ltr'><strong>edd.</strong></span> <span class='ocrx_word' id='word_1_269' title='bbox 1348 1632 1454 1668; x_wconf 83' lang='lat' dir='ltr'><strong>abie-</strong></span> 
     </span>
     <span class='ocr_line' id='line_1_58' title="bbox 789 1689 1456 1739; baseline -0.001 -14"><span class='ocrx_word' id='word_1_270' title='bbox 789 1691 929 1738; x_wconf 87' lang='lat' dir='ltr'><strong>cimus,</strong></span> <span class='ocrx_word' id='word_1_271' title='bbox 963 1702 1053 1726; x_wconf 89' lang='lat' dir='ltr'><strong>cum</strong></span> <span class='ocrx_word' id='word_1_272' title='bbox 1074 1690 1158 1727; x_wconf 89' lang='lat' dir='ltr'><strong>libri</strong></span> <span class='ocrx_word' id='word_1_273' title='bbox 1178 1689 1307 1739; x_wconf 83' lang='lat' dir='ltr'><strong>scripti</strong></span> <span class='ocrx_word' id='word_1_274' title='bbox 1325 1690 1378 1725; x_wconf 86' lang='lat' dir='ltr'><strong>ita</strong></span> <span class='ocrx_word' id='word_1_275' title='bbox 1392 1690 1456 1724; x_wconf 87' lang='lat' dir='ltr'><strong>iu-</strong></span> 
     </span>
     <span class='ocr_line' id='line_1_59' title="bbox 788 1745 1454 1798; baseline -0.002 -15"><span class='ocrx_word' id='word_1_276' title='bbox 788 1747 935 1785; x_wconf 86' lang='lat' dir='ltr'><strong>berent.</strong></span> <span class='ocrx_word' id='word_1_277' title='bbox 994 1748 1053 1782; x_wconf 85' lang='lat' dir='ltr'><strong>De</strong></span> <span class='ocrx_word' id='word_1_278' title='bbox 1082 1749 1163 1798; x_wconf 83' lang='lat' dir='ltr'><strong>ipsa</strong></span> <span class='ocrx_word' id='word_1_279' title='bbox 1189 1747 1384 1783; x_wconf 79' lang='lat' dir='ltr'><strong>locutione</strong></span> <span class='ocrx_word' id='word_1_280' title='bbox 1404 1745 1454 1782; x_wconf 85' lang='lat' dir='ltr'><strong>cf.</strong></span> 
     </span>
     <span class='ocr_line' id='line_1_60' title="bbox 788 1801 1456 1852; baseline -0.003 -13"><span class='ocrx_word' id='word_1_281' title='bbox 788 1803 854 1851; x_wconf 86' lang='lat' dir='ltr'><strong>III,</strong></span> <span class='ocrx_word' id='word_1_282' title='bbox 879 1802 948 1844; x_wconf 84' lang='lat'><strong>45.</strong></span> <span class='ocrx_word' id='word_1_283' title='bbox 987 1804 1052 1852; x_wconf 90' lang='lat' dir='ltr'><strong>IV,</strong></span> <span class='ocrx_word' id='word_1_284' title='bbox 1087 1806 1178 1843; x_wconf 78' lang='lat'><strong>127.</strong></span> <span class='ocrx_word' id='word_1_285' title='bbox 1215 1803 1279 1851; x_wconf 77' lang='lat' dir='ltr'><strong>VJ,</strong></span> <span class='ocrx_word' id='word_1_286' title='bbox 1304 1801 1383 1842; x_wconf 75' lang='lat'><strong>124</strong></span> <span class='ocrx_word' id='word_1_287' title='bbox 1418 1808 1456 1838; x_wconf 86' lang='lat' dir='ltr'><strong>et</strong></span> 
     </span>
     <span class='ocr_line' id='line_1_61' title="bbox 789 1859 1456 1909; baseline -0.003 -13"><span class='ocrx_word' id='word_1_288' title='bbox 789 1867 886 1897; x_wconf 88' lang='lat' dir='ltr'><strong>nott.</strong></span> <span class='ocrx_word' id='word_1_289' title='bbox 907 1859 956 1897; x_wconf 84' lang='lat' dir='ltr'><strong>ad</strong></span> <span class='ocrx_word' id='word_1_290' title='bbox 974 1861 1004 1908; x_wconf 89' lang='lat' dir='ltr'><strong>I,</strong></span> <span class='ocrx_word' id='word_1_291' title='bbox 1030 1862 1123 1900; x_wconf 79' lang='lat'><strong>132.</strong></span> <span class='ocrx_word' id='word_1_292' title='bbox 1152 1881 1209 1887; x_wconf 97' lang='lat'>—</span> <span class='ocrx_word' id='word_1_293' title='bbox 1245 1861 1290 1895; x_wconf 90' lang='lat' dir='ltr'><strong>In</strong></span> <span class='ocrx_word' id='word_1_294' title='bbox 1310 1860 1456 1909; x_wconf 87' lang='lat' dir='ltr'><strong>imper-</strong></span> 
     </span>
     <span class='ocr_line' id='line_1_62' title="bbox 789 1915 1458 1967; baseline 0 -15"><span class='ocrx_word' id='word_1_295' title='bbox 789 1917 888 1953; x_wconf 83' lang='lat' dir='ltr'><strong>fecto</strong></span> <span class='ocrx_word' id='word_1_296' title='bbox 903 1916 1175 1967; x_wconf 80' lang='grc' dir='ltr'><strong><em>μετεβαίνεσκε</em></strong></span> <span class='ocrx_word' id='word_1_297' title='bbox 1190 1915 1287 1953; x_wconf 73' lang='lat' dir='ltr'><strong>inest</strong></span> <span class='ocrx_word' id='word_1_298' title='bbox 1297 1916 1458 1953; x_wconf 75' lang='lat' dir='ltr'><strong>iterandi</strong></span> 
     </span>
     <span class='ocr_line' id='line_1_63' title="bbox 789 1972 1454 2021; baseline 0.006 -13"><span class='ocrx_word' id='word_1_299' title='bbox 789 1974 895 2009; x_wconf 82' lang='lat' dir='ltr'><strong>notio</strong></span> <span class='ocrx_word' id='word_1_300' title='bbox 912 2002 921 2019; x_wconf 91' lang='lat'><strong>,</strong></span> <span class='ocrx_word' id='word_1_301' title='bbox 951 1980 994 2009; x_wconf 89' lang='lat' dir='ltr'><strong>ut</strong></span> <span class='ocrx_word' id='word_1_302' title='bbox 1013 1973 1051 2008; x_wconf 84' lang='lat' dir='ltr'><strong>in</strong></span> <span class='ocrx_word' id='word_1_303' title='bbox 1072 1972 1252 2012; x_wconf 83' lang='grc' dir='ltr'><strong><em>κλαίεσκε</em></strong></span> <span class='ocrx_word' id='word_1_304' title='bbox 1272 1974 1337 2021; x_wconf 89' lang='grc' dir='ltr'><strong>ΠΙ,</strong></span> <span class='ocrx_word' id='word_1_305' title='bbox 1362 1974 1454 2019; x_wconf 83' lang='grc'><strong>119,</strong></span> 
     </span>
     <span class='ocr_line' id='line_1_64' title="bbox 790 2028 1456 2066; baseline -0.002 -1"><span class='ocrx_word' id='word_1_306' title='bbox 790 2029 857 2065; x_wconf 85' lang='lat' dir='ltr'><strong>ubi</strong></span> <span class='ocrx_word' id='word_1_307' title='bbox 894 2028 973 2065; x_wconf 77' lang='lat' dir='ltr'><strong>vid.</strong></span> <span class='ocrx_word' id='word_1_308' title='bbox 1013 2036 1110 2065; x_wconf 84' lang='lat' dir='ltr'><strong>nott.</strong></span> <span class='ocrx_word' id='word_1_309' title='bbox 1178 2030 1320 2066; x_wconf 87' lang='lat' dir='ltr'><strong>Sensus</strong></span> <span class='ocrx_word' id='word_1_310' title='bbox 1351 2029 1456 2064; x_wconf 87' lang='lat' dir='ltr'><strong>enim</strong></span> 
     </span>
     <span class='ocr_line' id='line_1_65' title="bbox 791 2087 1456 2136; baseline 0 -14"><span class='ocrx_word' id='word_1_311' title='bbox 791 2093 868 2122; x_wconf 86' lang='lat' dir='ltr'><strong>est:</strong></span> <span class='ocrx_word' id='word_1_312' title='bbox 900 2087 1077 2123; x_wconf 77' lang='lat' dir='ltr'><strong>transibat</strong></span> <span class='ocrx_word' id='word_1_313' title='bbox 1095 2099 1176 2123; x_wconf 83' lang='lat' dir='ltr'><strong>vero</strong></span> <span class='ocrx_word' id='word_1_314' title='bbox 1199 2099 1284 2131; x_wconf 81' lang='lat' dir='ltr'><strong>rex,</strong></span> <span class='ocrx_word' id='word_1_315' title='bbox 1323 2087 1456 2136; x_wconf 78' lang='lat' dir='ltr'><strong>quoties</strong></span> 
     </span>
     <span class='ocr_line' id='line_1_66' title="bbox 790 2142 1455 2192; baseline -0.003 -12"><span class='ocrx_word' id='word_1_316' title='bbox 790 2144 825 2180; x_wconf 79' lang='lat' dir='ltr'><strong>ei</strong></span> <span class='ocrx_word' id='word_1_317' title='bbox 847 2143 1058 2180; x_wconf 77' lang='lat' dir='ltr'><strong>commodum</strong></span> <span class='ocrx_word' id='word_1_318' title='bbox 1086 2143 1279 2192; x_wconf 72' lang='lat' dir='ltr'><strong>videretur,</strong></span> <span class='ocrx_word' id='word_1_319' title='bbox 1320 2155 1363 2180; x_wconf 73' lang='lat' dir='ltr'><strong>ex</strong></span> <span class='ocrx_word' id='word_1_320' title='bbox 1390 2142 1455 2179; x_wconf 80' lang='lat' dir='ltr'><strong>illo</strong></span> 
     </span>
     <span class='ocr_line' id='line_1_67' title="bbox 789 2199 1453 2237; baseline -0.003 -1"><span class='ocrx_word' id='word_1_321' title='bbox 789 2212 897 2237; x_wconf 80' lang='lat' dir='ltr'><strong>curru</strong></span> <span class='ocrx_word' id='word_1_322' title='bbox 936 2201 976 2237; x_wconf 81' lang='lat' dir='ltr'><strong>in</strong></span> <span class='ocrx_word' id='word_1_323' title='bbox 1017 2199 1300 2237; x_wconf 72' lang='lat' dir='ltr'><strong>harmamaxam.</strong></span> <span class='ocrx_word' id='word_1_324' title='bbox 1375 2199 1453 2236; x_wconf 85' lang='lat' dir='ltr'><strong>Ubi</strong></span> 
     </span>
     <span class='ocr_line' id='line_1_68' title="bbox 788 2255 1454 2306; baseline -0.002 -13"><span class='ocrx_word' id='word_1_325' title='bbox 788 2257 888 2293; x_wconf 88' lang='lat' dir='ltr'><strong>bene</strong></span> <span class='ocrx_word' id='word_1_326' title='bbox 909 2255 1151 2306; x_wconf 86' lang='lat' dir='ltr'><strong>distinguitur</strong></span> <span class='ocrx_word' id='word_1_327' title='bbox 1169 2258 1268 2294; x_wconf 88' lang='lat' dir='ltr'><strong>inter</strong></span> <span class='ocrx_word' id='word_1_328' title='bbox 1297 2269 1454 2293; x_wconf 88' lang='lat' dir='ltr'><strong>currum</strong></span> 
     </span>
     <span class='ocr_line' id='line_1_69' title="bbox 788 2309 1453 2365; baseline 0.005 -16"><span class='ocrx_word' id='word_1_329' title='bbox 788 2316 938 2364; x_wconf 84' lang='lat' dir='ltr'><strong>regium</strong></span> <span class='ocrx_word' id='word_1_330' title='bbox 958 2326 1125 2365; x_wconf 89' lang='lat' dir='ltr'><strong>eumque</strong></span> <span class='ocrx_word' id='word_1_331' title='bbox 1144 2315 1359 2351; x_wconf 89' lang='lat' dir='ltr'><strong>solemnem</strong></span> <span class='ocrx_word' id='word_1_332' title='bbox 1379 2312 1396 2362; x_wconf 94' lang='lat'><strong>(</strong></span> <span class='ocrx_word' id='word_1_333' title='bbox 1408 2309 1453 2352; x_wconf 76' lang='grc' dir='ltr'><strong>το“</strong></span> 
     </span>
     <span class='ocr_line' id='line_1_70' title="bbox 789 2366 1453 2423; baseline -0.003 -14"><span class='ocrx_word' id='word_1_334' title='bbox 789 2366 914 2421; x_wconf 66' lang='grc' dir='ltr'><strong><em>ἅρμα)</em></strong></span> <span class='ocrx_word' id='word_1_335' title='bbox 929 2377 963 2407; x_wconf 89' lang='lat' dir='ltr'><strong>et</strong></span> <span class='ocrx_word' id='word_1_336' title='bbox 972 2371 1069 2407; x_wconf 87' lang='lat' dir='ltr'><strong>inter</strong></span> <span class='ocrx_word' id='word_1_337' title='bbox 1082 2368 1333 2423; x_wconf 73' lang='grc' dir='ltr'><strong><em>ἁρμάμαξαν,</em></strong></span> <span class='ocrx_word' id='word_1_338' title='bbox 1347 2368 1453 2422; x_wconf 90' lang='lat' dir='ltr'><strong>quod</strong></span> 
     </span>
     <span class='ocr_line' id='line_1_71' title="bbox 786 2427 1454 2478; baseline 0 -14"><span class='ocrx_word' id='word_1_339' title='bbox 786 2427 858 2464; x_wconf 84' lang='lat' dir='ltr'><strong>fuit</strong></span> <span class='ocrx_word' id='word_1_340' title='bbox 878 2428 1035 2477; x_wconf 83' lang='lat' dir='ltr'><strong>plaustri</strong></span> <span class='ocrx_word' id='word_1_341' title='bbox 1057 2441 1178 2478; x_wconf 83' lang='lat' dir='ltr'><strong>genus</strong></span> <span class='ocrx_word' id='word_1_342' title='bbox 1207 2429 1305 2465; x_wconf 85' lang='lat' dir='ltr'><strong>sellis</strong></span> <span class='ocrx_word' id='word_1_343' title='bbox 1326 2428 1454 2464; x_wconf 88' lang='lat' dir='ltr'><strong>lectis-</strong></span> 
     </span>
     <span class='ocr_line' id='line_1_72' title="bbox 788 2485 1454 2536; baseline 0 -16"><span class='ocrx_word' id='word_1_344' title='bbox 788 2498 863 2536; x_wconf 91' lang='lat' dir='ltr'><strong>que</strong></span> <span class='ocrx_word' id='word_1_345' title='bbox 890 2485 1119 2521; x_wconf 79' lang='lat' dir='ltr'><strong>instructum</strong></span> <span class='ocrx_word' id='word_1_346' title='bbox 1151 2492 1187 2522; x_wconf 90' lang='lat' dir='ltr'><strong>et</strong></span> <span class='ocrx_word' id='word_1_347' title='bbox 1217 2492 1454 2536; x_wconf 86' lang='lat' dir='ltr'><strong>coopertum,</strong></span> 
     </span>
     <span class='ocr_line' id='line_1_73' title="bbox 788 2541 1451 2588; baseline 0 -11"><span class='ocrx_word' id='word_1_348' title='bbox 788 2541 837 2578; x_wconf 89' lang='lat' dir='ltr'><strong>ad</strong></span> <span class='ocrx_word' id='word_1_349' title='bbox 856 2542 992 2578; x_wconf 87' lang='lat' dir='ltr'><strong>itinera</strong></span> <span class='ocrx_word' id='word_1_350' title='bbox 1011 2541 1186 2579; x_wconf 79' lang='lat' dir='ltr'><strong>facienda</strong></span> <span class='ocrx_word' id='word_1_351' title='bbox 1207 2549 1244 2579; x_wconf 85' lang='lat' dir='ltr'><strong>et</strong></span> <span class='ocrx_word' id='word_1_352' title='bbox 1260 2543 1451 2588; x_wconf 87' lang='lat' dir='ltr'><strong>mulieres,</strong></span> 
     </span>
     <span class='ocr_line' id='line_1_74' title="bbox 786 2597 1450 2646; baseline -0.002 -11"><span class='ocrx_word' id='word_1_353' title='bbox 786 2599 943 2646; x_wconf 84' lang='lat' dir='ltr'><strong>liberos,</strong></span> <span class='ocrx_word' id='word_1_354' title='bbox 981 2612 1107 2636; x_wconf 77' lang='lat' dir='ltr'><strong>servos</strong></span> <span class='ocrx_word' id='word_1_355' title='bbox 1150 2597 1450 2636; x_wconf 77' lang='lat' dir='ltr'><strong>transvehendos</strong></span> 
     </span>
     <span class='ocr_line' id='line_1_75' title="bbox 786 2655 1451 2706; baseline 0.002 -15"><span class='ocrx_word' id='word_1_356' title='bbox 786 2655 959 2706; x_wconf 85' lang='lat' dir='ltr'><strong>inprimis</strong></span> <span class='ocrx_word' id='word_1_357' title='bbox 977 2662 1122 2706; x_wconf 89' lang='lat' dir='ltr'><strong>aptum.</strong></span> <span class='ocrx_word' id='word_1_358' title='bbox 1182 2657 1247 2692; x_wconf 91' lang='lat' dir='ltr'><strong>Tu</strong></span> <span class='ocrx_word' id='word_1_359' title='bbox 1278 2655 1354 2694; x_wconf 84' lang='lat' dir='ltr'><strong>vid.</strong></span> <span class='ocrx_word' id='word_1_360' title='bbox 1377 2668 1451 2706; x_wconf 88' lang='lat' dir='ltr'><strong>po-</strong></span> 
     </span>
     <span class='ocr_line' id='line_1_76' title="bbox 786 2710 1451 2763; baseline 0.002 -15"><span class='ocrx_word' id='word_1_361' title='bbox 786 2712 976 2748; x_wconf 79' lang='lat' dir='ltr'><strong>tissimum</strong></span> <span class='ocrx_word' id='word_1_362' title='bbox 1026 2710 1276 2762; x_wconf 88' lang='lat' dir='ltr'><strong>Xenophont.</strong></span> <span class='ocrx_word' id='word_1_363' title='bbox 1327 2713 1451 2763; x_wconf 72' lang='lat' dir='ltr'><strong>Cyro-</strong></span> 
     </span>
     <span class='ocr_line' id='line_1_77' title="bbox 787 2767 1449 2818; baseline 0.002 -14"><span class='ocrx_word' id='word_1_364' title='bbox 787 2767 898 2818; x_wconf 85' lang='lat' dir='ltr'><strong>paed.</strong></span> <span class='ocrx_word' id='word_1_365' title='bbox 926 2769 989 2815; x_wconf 84' lang='lat' dir='ltr'><strong>VI,</strong></span> <span class='ocrx_word' id='word_1_366' title='bbox 1019 2772 1056 2816; x_wconf 82' lang='lat'><strong>3,</strong></span> <span class='ocrx_word' id='word_1_367' title='bbox 1079 2770 1132 2807; x_wconf 84' lang='lat'><strong>30</strong></span> <span class='ocrx_word' id='word_1_368' title='bbox 1164 2769 1250 2805; x_wconf 90' lang='lat' dir='ltr'><strong>coll.</strong></span> <span class='ocrx_word' id='word_1_369' title='bbox 1270 2769 1333 2815; x_wconf 88' lang='lat' dir='ltr'><strong>VI,</strong></span> <span class='ocrx_word' id='word_1_370' title='bbox 1363 2771 1401 2817; x_wconf 84' lang='lat'><strong>3,</strong></span> <span class='ocrx_word' id='word_1_371' title='bbox 1423 2771 1449 2810; x_wconf 88' lang='lat'>8</span> 
     </span>
     <span class='ocr_line' id='line_1_78' title="bbox 788 2819 1450 2877; baseline 0.008 -17"><span class='ocrx_word' id='word_1_372' title='bbox 788 2824 872 2873; x_wconf 89' lang='lat' dir='ltr'><strong>(ubi</strong></span> <span class='ocrx_word' id='word_1_373' title='bbox 888 2825 1004 2861; x_wconf 88' lang='lat' dir='ltr'><strong>etiam</strong></span> <span class='ocrx_word' id='word_1_374' title='bbox 1016 2825 1115 2861; x_wconf 81' lang='lat' dir='ltr'><strong>iuter</strong></span> <span class='ocrx_word' id='word_1_375' title='bbox 1134 2819 1240 2874; x_wconf 71' lang='grc' dir='ltr'><strong><em>ἅρμα</em></strong></span> <span class='ocrx_word' id='word_1_376' title='bbox 1260 2832 1297 2862; x_wconf 89' lang='lat' dir='ltr'><strong>et</strong></span> <span class='ocrx_word' id='word_1_377' title='bbox 1319 2821 1450 2877; x_wconf 70' lang='grc' dir='ltr'><strong><em>ἇρμιὶ-</em></strong></span> 
     </span>
     <span class='ocr_line' id='line_1_79' title="bbox 788 2880 1451 2932; baseline 0 -11"><span class='ocrx_word' id='word_1_378' title='bbox 788 2881 919 2932; x_wconf 80' lang='grc' dir='ltr'><strong><em>μαξαν</em></strong></span> <span class='ocrx_word' id='word_1_379' title='bbox 936 2880 1198 2932; x_wconf 77' lang='lat' dir='ltr'><strong>distInguitur)</strong></span> <span class='ocrx_word' id='word_1_380' title='bbox 1220 2889 1256 2920; x_wconf 86' lang='lat' dir='ltr'><strong>et</strong></span> <span class='ocrx_word' id='word_1_381' title='bbox 1268 2882 1451 2921; x_wconf 84' lang='lat' dir='ltr'><strong>Herodot.</strong></span> 
     </span>
    </p>
   </div>
  </div>
 </body>
</html>
