1789 3213
435 223 909 262 POLYMNIA.
967 221 1071 258 VII.
1291 220 1373 259 773

117 338 296 391 γνῶμαι.
357 333 399 376 οἱ
437 332 516 387 μὲν
552 333 634 388 γὰρ
666 330 747 375 οὐκ
787 332 871 374 ἔων
912 330 992 387 τήν
1020 329 1142 381 τάξιν
1170 326 1369 372 ἐκλιπεῖν,
1385 333 1429 366 35

94 405 172 446 3οἵ
208 403 253 446 δὲ
296 399 550 444 ἀντέτεινον.
608 398 713 456 μετά
745 399 791 442 δὲ
835 402 964 442 τοῦτο
996 395 1303 451 διακριθέντες,
1334 395 1378 436 οἱ

117 470 196 526 μὲν
234 468 573 520 α’παλλάσσοντο,
613 468 686 511 καὶ
715 466 1096 516 διασκεδασθέντες
1129 463 1236 508 κατὰ
1254 462 1379 512 πόλις

119 537 290 580 ἕκαστοι
319 535 585 591 ἐτράποντο·
624 537 668 578 οἱ
702 535 747 579 δὲ
769 534 914 578 αὐτῶν
947 533 1037 588 ἅμα
1067 533 1266 587 Λεωνίδῃ
1296 528 1376 586 μέ-

862 602 1043 657 Λέγεται
1079 600 1125 643 δὲ
1157 597 1215 650 ὥς
1246 596 1380 648 αὐτός
1437 601 1532 657 608.
1580 650 1587 656 -

119 684 255 728 σφεας
294 671 513 728 ἀπέπεμψε
550 673 793 727 Λεωνίδης,
835 671 891 728 μὴ
922 668 1172 713 ἀπόλωνται
1200 650 1709 723 xn66ue-41sstfflssiffi‘issss‘ssfi‘issl

116 755 207 792 νος·
239 738 356 797 αὐτῷ
393 739 437 782 δὲ
468 739 540 782 καὶ
569 740 879 796 Σπαρτιητέων
909 743 1022 782 τοῖσι
1051 740 1263 791 παρεοῦσι
1294 732 1377 777 οὐκ
1434 720 1709 792 ἶὲἷῖοῗπέοᾝιᾞω

119 809 230 865 ἔχειν
266 807 510 862 εὐπρεπέως
551 808 740 851 ἐκλιπεῖν
781 809 861 866 τὴν
900 807 1021 860 τάξιν
1051 806 1094 857 ές
1125 803 1205 860 τήν
1235 797 1378 859 ἦλθον
1435 787 1685 848 {Eaiffiiiffle‘iiiti'ss

90 875 388 933 Ξφνλάξοντες
426 874 574 934 άρχήν.
637 877 784 935 Ταύτῃ
833 876 906 920 καὶ
944 879 1109 931 μᾶλλον
1147 876 1200 929 τῇ
1228 870 1380 927 γνώμῃ
1439 855 1553 883 datum.

119 946 315 996 πλεῖστός
345 946 444 1001 εἶμι,
475 949 712 1004 Λεωνίδην,
750 947 840 990 ἐπεί
869 960 912 987 τε
950 942 1113 999 ᾔσθετο
1143 938 1246 990 τούς
1275 949 1381 992 συμ-

117 1011 282 1069 μάχους
303 1012 453 1064 ἐόντας
483 1013 784 1070 ἀπροθύμους,
814 1012 886 1055 καὶ
907 1010 990 1054 οὐκ
1020 1007 1254 1058 ἐθέλοντας
1284 1008 1436 1050 συν-45

119 1080 477 1136 διακινδυνεύειν,
508 1084 707 1127 κελεῦσαί
737 1094 870 1137 σφεας
900 1076 1272 1122 ἀπαλλάσσεσθαι·
1304 1072 1383 1117 αὐ-

91 1151 185 1204 3τς5
219 1149 265 1192 δὲ
303 1148 479 1193 ἀπιέναι
509 1149 563 1194 οὐ
600 1154 742 1201 καλῶς
773 1149 894 1204 ἔχειν.
953 1147 1133 1203 μένοντι
1171 1143 1216 1188 δὲ
1247 1141 1385 1186 αὐτοῦ

117 1216 240 1268 κλέος
269 1215 376 1273 μέγα
405 1217 607 1270 ἐλείπετο,
638 1215 758 1273 καὶὴ
789 1215 997 1272 Σπάρτης
1018 1212 1275 1269 εὐδαιμονίη
1299 1208 1381 1253 οὐκ

0 598 53 644 Ξθ
118 620 210 648 νειν
250 603 385 648 αὐτοῦ
420 603 796 659 παρασκευάδατο.

63 1437 166 1476 seqq.
199 1423 470 1477 διακριθέντες
498 1427 614 1478 vulgo
635 1426 725 1464 red-

64 1479 163 1520 dunt
189 1481 416 1527 dz·ssz·dentes;
444 1484 578 1520 malim
616 1485 727 1536 equi-

64 1536 155 1575 dem
184 1552 274 1575 cum
309 1538 527 1590 Schweigh.
559 1541 599 1577 in
628 1542 725 1578 Lex.

63 1594 210 1631 Herod.
232 1594 414 1633 reddere:
440 1596 593 1645 de'gressz'
607 1610 624 1634 e
643 1611 726 1634 con-

65 1651 164 1699 cilio,
215 1652 326 1689 soluto
354 1653 512 1702 concilio,
552 1660 594 1690 ut
626 1655 724 1698 VIII,

66 1709 117 1748 18
148 1707 422 1760 διακριθέντες
452 1708 495 1749 ἐκ
531 1712 604 1761 τῆς
624 1725 726 1748 ναυ-

64 1764 227 1815 μαχίηςε
252 1766 404 1815 digressi
423 1779 439 1802 e
447 1779 572 1815 pugna
586 1767 724 1807 navali.

65 1820 123 1856 Cf.
145 1821 312 1858 eundem
341 1821 651 1872 Schweighaeus.
677 1821 725 1859 ad

63 1877 201 1929 Polyb.
233 1880 262 1926 Ι,
294 1880 360 1926 28,
390 1882 429 1919 6.
483 1880 648 1930 Appian.
680 1879 724 1916 Β.

66 1934 147 1972 civ.
182 1936 212 1982 Ι,
248 1936 301 1975 89
331 1935 397 1971 fin.
425 1935 490 1983 IV,
521 1938 575 1976 62
595 1936 648 1974 in.
669 1956 725 1962 ——-

64 1992 142 2058 Pro
174 1986 328 2031 αὐτέων
357 1992 397 2028 iu
418 1991 494 2028 fiue
524 2005 606 2043 cap.
638 1991 726 2029 dedi

69 2062 217 2086 αντων.

264 2138 355 2188 Cap.
377 2137 531 2174 CCXX.

125 2211 234 2271 αὐτῷ
273 2213 316 2256 δὲ
343 2215 411 2256 καὶ
444 2214 728 2268 Σπαρτιητέων

67 2287 105 2314 κ.
129 2288 163 2311 τ.
193 2273 257 2322 λ.]
288 2275 392 2310 Haec
412 2275 527 2311 verba
558 2271 729 2323 pendent

70 2329 116 2366 ab
131 2331 267 2367 omisso
279 2331 451 2381 νομίζων
462 2344 491 2367 ε.
505 2326 600 2379 φάς,
622 2327 728 2381 quod

70 2399 120 2422 ex
129 2386 367 2424 antecedenti
377 2382 598 2438 κηδόμενος
612 2399 728 2422 men-

69 2450 107 2480 te
137 2445 275 2479 assumi
314 2443 439 2481 debet.
497 2443 554 2480 Cf.
592 2441 730 2480 Matth.

69 2500 137 2537 Gr.
169 2500 235 2535 Gr.
265 2501 303 2545 ᾖ.
331 2500 410 2541 537
431 2513 469 2550 p.
493 2500 615 2540 1057.
671 2501 730 2535 De

70 2562 297 2607 argumento
325 2557 400 2593 loci
424 2556 473 2593 cf.
495 2557 611 2593 etiam
633 2557 730 2593 Dio-

73 2613 154 2652 dor.
173 2614 242 2660 XI,
265 2614 303 2653 9.
331 2613 464 2649 lustin.
496 2614 545 2659 ΙΙ,
569 2614 616 2652 11
641 2613 730 2650 coll.

73 2670 180 2708 Oros.
199 2670 248 2717 ΙΙ,
269 2671 315 2709 9;
359 2681 457 2721 quae
487 2669 611 2705 attulit
638 2670 731 2705 Val-

73 2725 252 2765 ekenaer.
302 2724 370 2763 Cr.
406 2723 510 2761 addit
547 2725 733 2775 Wytten-

73 2782 186 2821 bach.
208 2781 256 2819 ad
267 2779 639 2821 Pseudo-Plutarch.
652 2782 733 2818 Pa-

75 2841 155 2879 rall.
178 2841 312 2877 Graec.
334 2838 382 2887 (Ι,
406 2839 445 2888 1)
465 2850 553 2889 pag.
574 2839 640 2878 81.

846 1422 978 1480 Ταύτῃ
991 1421 1056 1462 καὶ
1079 1424 1228 1474 μᾶλλον
1239 1421 1291 1476 τῇ
1302 1415 1440 1473 γνώμῃ

781 1477 962 1528 πλεῖστός
990 1480 1099 1530 εἰμι]
1142 1481 1246 1515 Haec
1287 1477 1441 1521 locutio,

783 1552 880 1592 quae
919 1537 1079 1574 docente
1117 1534 1303 1573 Valcken.
1337 1532 1442 1569 idem

781 1597 882 1633 valet
903 1601 1017 1646 atque
1047 1588 1170 1646 ταύτῃ
1196 1589 1264 1630 καὶ
1293 1591 1443 1641 μᾶλλον

780 1654 832 1707 τῇ
856 1646 992 1704 γνώμη
1018 1650 1285 1701 προστίθεμαι
1301 1646 1363 1683 vel
1383 1645 1443 1683 τί-

783 1712 917 1759 θεμαι,
950 1707 1063 1743 obvia
1083 1718 1196 1756 supra
1217 1706 1245 1752 Ι,
1263 1705 1354 1750 120,
1376 1702 1443 1738 ubi

783 1771 905 1801 exstat
924 1758 1102 1815 γνώμην,
1124 1760 1228 1813 quod
1248 1761 1373 1810 ipsum
1384 1765 1443 1794 et-

781 1823 859 1857 iam
872 1820 910 1857 h.
926 1821 952 1856 l.
973 1818 1118 1856 restitui
1138 1819 1218 1854 vult
1238 1815 1444 1853 idemVal-

782 1877 895 1914 ckeu.
926 1877 1043 1913 citans
1063 1875 1222 1911 Lucian.
1243 1870 1444 1909 Demosth.

781 1936 946 1971 Encom.
969 1932 1025 1980 [ξ.
1048 1931 1092 1980 4]
1124 1932 1178 1967 ΙΙΙ
1208 1944 1245 1981 p.
1268 1928 1350 1970 494
1382 1929 1440 1979 [p.

786 1990 864 2032 135
887 1991 937 2027 Τ.
957 1990 1014 2025 IX
1034 1988 1141 2039 Rip]
1171 2010 1219 2015 ——
1252 1984 1446 2038 Equidem

783 2048 886 2084 libris
933 2046 1059 2083 invitis
1107 2045 1162 2081 nil
1200 2043 1445 2080 mutaverim.

784 2105 931 2141 Vocem
976 2098 1101 2154 ταύτῃ
1170 2099 1261 2137 hinc
1320 2099 1445 2149 attigit

785 2161 930 2197 Iacobs.
971 2157 1019 2195 ad
1058 2157 1208 2195 Aelian.
1240 2158 1287 2193 N.
1310 2157 1359 2195 A.
1382 2156 1446 2202 VI,

788 2219 852 2257 10.
874 2238 929 2243 —-
966 2215 1072 2260 Quae
1102 2220 1316 2267 sequuntur
1344 2210 1448 2263 apud

784 2272 1024 2310 Herodotum
1044 2273 1166 2323 tangit
1197 2267 1391 2308 Plutarch,
1412 2269 1448 2304 Π

784 2343 823 2381 p.
848 2329 928 2370 865
958 2330 1006 2365 Β.

840 2384 908 2425 καὶ
933 2383 962 2437 ἦ
988 2380 1180 2437 Σπάρτης
1209 2378 1448 2432 εὐδαιμονίη

787 2436 861 2482 ov'n
884 2441 1138 2494 ἐξηλείφετο]
1170 2441 1196 2480 ἰ.
1219 2453 1252 2477 e.
1275 2442 1307 2476 et
1329 2437 1449 2488 Spar-

783 2503 842 2537 tae
858 2498 1022 2550 felicitas
1047 2511 1116 2535 non
1142 2495 1449 2545 exstinguebatur.

785 2557 889 2595 Voce
922 2552 1184 2606 εὐδαιμονίαν
1223 2551 1264 2589 h.
1293 2553 1317 2589 l.
1358 2563 1445 2586 eam

787 2614 948 2664 Spartae
967 2612 1190 2663 pote-utiam,
1212 2608 1287 2660 quft
1308 2607 1450 2657 priuci-

787 2677 923 2721 patum
952 2670 1051 2705 inter
1088 2667 1253 2718 reliquos
1283 2665 1450 2701 Graecos

788 2728 912 2765 tenuit
933 2754 942 2773 ,
1000 2723 1159 2761 indicari
1207 2719 1448 2758 crediderim.

791 2785 879 2820 Alio
900 2794 1013 2819 sensu
1032 2779 1136 2817 idem
1157 2777 1388 2815 vocabulum
1403 2776 1448 2823 V,

794 2843 860 2881 28.
919 2839 977 2874 De
1004 2837 1121 2875 verbo
1148 2834 1372 2884 ἐξαλείφειν
1400 2831 1450 2870 cf.
