<?xml version="1.0" encoding="UTF-8"?>
<!DOCTYPE html PUBLIC "-//W3C//DTD XHTML 1.0 Transitional//EN"
    "http://www.w3.org/TR/xhtml1/DTD/xhtml1-transitional.dtd">
<html xmlns="http://www.w3.org/1999/xhtml" xml:lang="en" lang="en">
 <head>
  <title>
</title>
<meta http-equiv="Content-Type" content="text/html;charset=utf-8" />
  <meta name='ocr-system' content='tesseract 3.04.00' />
  <meta name='ocr-capabilities' content='ocr_page ocr_carea ocr_par ocr_line ocrx_word'/>
</head>
<body>
  <div class='ocr_page' id='page_1' title='image "./musaeherodoto03hero/musaeherodoto03hero_0403.png"; bbox 0 0 1834 3258; ppageno 0'>
   <div class='ocr_carea' id='block_1_1' title="bbox 7 739 71 785">
    <p class='ocr_par' dir='ltr' id='par_1_1' title="bbox 7 739 71 785">
     <span class='ocr_line' id='line_1_1' title="bbox 7 739 71 785; baseline 0.016 -1"><span class='ocrx_word' id='word_1_1' title='bbox 7 739 71 785; x_wconf 84' lang='lat'><strong>19</strong></span> 
     </span>
    </p>
   </div>
   <div class='ocr_carea' id='block_1_2' title="bbox 540 215 1393 259">
    <p class='ocr_par' dir='ltr' id='par_1_2' title="bbox 540 215 1393 259">
     <span class='ocr_line' id='line_1_2' title="bbox 540 215 1393 259; baseline -0.005 0"><span class='ocrx_word' id='word_1_2' title='bbox 540 221 841 259; x_wconf 82' lang='lat' dir='ltr'><strong>ERATO.</strong></span> <span class='ocrx_word' id='word_1_3' title='bbox 900 221 974 258; x_wconf 89' lang='lat' dir='ltr'><strong>VI.</strong></span> <span class='ocrx_word' id='word_1_4' title='bbox 1309 215 1393 256; x_wconf 77' lang='lat'><strong>393</strong></span> 
     </span>
    </p>
   </div>
   <div class='ocr_carea' id='block_1_3' title="bbox 109 322 1735 797">
    <p class='ocr_par' dir='ltr' id='par_1_3' title="bbox 137 322 1397 393">
     <span class='ocr_line' id='line_1_3' title="bbox 137 322 1397 393; baseline -0.012 -12"><span class='ocrx_word' id='word_1_5' title='bbox 137 336 234 393; x_wconf 80' lang='grc' dir='ltr'><em>ἱρὸν</em></span> <span class='ocrx_word' id='word_1_6' title='bbox 260 333 308 377; x_wconf 84' lang='grc' dir='ltr'><em>τὸ</em></span> <span class='ocrx_word' id='word_1_7' title='bbox 340 332 531 388; x_wconf 71' lang='grc' dir='ltr'><em>ἄγαλμα,</em></span> <span class='ocrx_word' id='word_1_8' title='bbox 561 330 634 374; x_wconf 83' lang='grc' dir='ltr'><em>καὶ</em></span> <span class='ocrx_word' id='word_1_9' title='bbox 663 329 899 373; x_wconf 78' lang='grc' dir='ltr'><strong><em>ἐντέλλεται</em></strong></span> <span class='ocrx_word' id='word_1_10' title='bbox 926 332 1039 372; x_wconf 84' lang='grc' dir='ltr'><em>τοῖσι</em></span> <span class='ocrx_word' id='word_1_11' title='bbox 1060 327 1261 382; x_wconf 79' lang='grc' dir='ltr'><em>Δηλίοισι</em></span> <span class='ocrx_word' id='word_1_12' title='bbox 1292 322 1397 366; x_wconf 91' lang='grc' dir='ltr'><em>ἀπα-</em></span> 
     </span>
    </p>

    <p class='ocr_par' dir='ltr' id='par_1_4' title="bbox 135 389 1395 462">
     <span class='ocr_line' id='line_1_4' title="bbox 135 389 1395 462; baseline -0.011 -15"><span class='ocrx_word' id='word_1_13' title='bbox 135 406 280 462; x_wconf 84' lang='grc' dir='ltr'><em>γαγεῖν</em></span> <span class='ocrx_word' id='word_1_14' title='bbox 322 401 371 444; x_wconf 86' lang='grc' dir='ltr'><em>τὸ</em></span> <span class='ocrx_word' id='word_1_15' title='bbox 408 401 579 456; x_wconf 74' lang='grc' dir='ltr'><em>ἄγαλμα</em></span> <span class='ocrx_word' id='word_1_16' title='bbox 616 399 661 450; x_wconf 83' lang='grc' dir='ltr'><em>ἐς</em></span> <span class='ocrx_word' id='word_1_17' title='bbox 704 401 874 452; x_wconf 84' lang='grc' dir='ltr'><em>Δήλιον</em></span> <span class='ocrx_word' id='word_1_18' title='bbox 909 396 958 440; x_wconf 78' lang='grc' dir='ltr'><em>τό</em></span> <span class='ocrx_word' id='word_1_19' title='bbox 1005 395 1228 451; x_wconf 86' lang='grc' dir='ltr'><em>Θηβαίων·</em></span> <span class='ocrx_word' id='word_1_20' title='bbox 1273 390 1321 435; x_wconf 85' lang='grc' dir='ltr'><em>τὸ</em></span> <span class='ocrx_word' id='word_1_21' title='bbox 1354 389 1395 433; x_wconf 83' lang='grc' dir='ltr'><strong>δ’</strong></span> 
     </span>
    </p>

    <p class='ocr_par' dir='ltr' id='par_1_5' title="bbox 109 459 1455 524">
     <span class='ocr_line' id='line_1_5' title="bbox 109 459 1455 524; baseline -0.012 -10"><span class='ocrx_word' id='word_1_22' title='bbox 109 473 228 516; x_wconf 77' lang='grc' dir='ltr'><em>4ἔστι</em></span> <span class='ocrx_word' id='word_1_23' title='bbox 258 470 325 512; x_wconf 76' lang='grc' dir='ltr'><strong>ἐπὶ</strong></span> <span class='ocrx_word' id='word_1_24' title='bbox 354 467 576 524; x_wconf 79' lang='grc' dir='ltr'><em>θαλάσσῃ,</em></span> <span class='ocrx_word' id='word_1_25' title='bbox 607 468 824 516; x_wconf 81' lang='grc' dir='ltr'><em>Χαλκίδος</em></span> <span class='ocrx_word' id='word_1_26' title='bbox 852 465 1094 507; x_wconf 83' lang='grc' dir='ltr'><em>καταντίον.</em></span> <span class='ocrx_word' id='word_1_27' title='bbox 1152 464 1286 511; x_wconf 78' lang='grc' dir='ltr'><em>Δᾶτις</em></span> <span class='ocrx_word' id='word_1_28' title='bbox 1318 459 1397 514; x_wconf 77' lang='grc' dir='ltr'><strong>μὲν</strong></span> <span class='ocrx_word' id='word_1_29' title='bbox 1409 463 1455 498; x_wconf 88' lang='grc'><strong>30</strong></span> 
     </span>
    </p>

    <p class='ocr_par' dir='ltr' id='par_1_6' title="bbox 138 528 1400 594">
     <span class='ocr_line' id='line_1_6' title="bbox 138 528 1400 594; baseline -0.01 -12"><span class='ocrx_word' id='word_1_30' title='bbox 138 537 189 594; x_wconf 78' lang='grc' dir='ltr'><strong>δή</strong></span> <span class='ocrx_word' id='word_1_31' title='bbox 218 540 356 580; x_wconf 85' lang='grc' dir='ltr'><em>ταῦτα</em></span> <span class='ocrx_word' id='word_1_32' title='bbox 395 535 687 590; x_wconf 79' lang='grc' dir='ltr'><em>ἐντειλάμενος</em></span> <span class='ocrx_word' id='word_1_33' title='bbox 727 533 920 577; x_wconf 82' lang='grc' dir='ltr'><em>ἀπέπλεε.</em></span> <span class='ocrx_word' id='word_1_34' title='bbox 971 532 1049 574; x_wconf 82' lang='grc' dir='ltr'><strong>τὸν</strong></span> <span class='ocrx_word' id='word_1_35' title='bbox 1079 531 1126 574; x_wconf 77' lang='grc' dir='ltr'><strong>δὲ</strong></span> <span class='ocrx_word' id='word_1_36' title='bbox 1160 528 1400 583; x_wconf 78' lang='grc' dir='ltr'><em>ἀνδριάντα</em></span> 
     </span>
    </p>

    <p class='ocr_par' dir='ltr' id='par_1_7' title="bbox 136 595 1403 661">
     <span class='ocr_line' id='line_1_7' title="bbox 136 595 1403 661; baseline -0.009 -11"><span class='ocrx_word' id='word_1_37' title='bbox 136 609 295 650; x_wconf 85' lang='grc' dir='ltr'><em>τοῦτον</em></span> <span class='ocrx_word' id='word_1_38' title='bbox 323 604 483 661; x_wconf 91' lang='grc' dir='ltr'><em>Δήλιοι</em></span> <span class='ocrx_word' id='word_1_39' title='bbox 520 602 602 646; x_wconf 84' lang='grc' dir='ltr'><strong>οὐκ</strong></span> <span class='ocrx_word' id='word_1_40' title='bbox 633 602 876 658; x_wconf 75' lang='grc' dir='ltr'><em>ἀπήγαγον,</em></span> <span class='ocrx_word' id='word_1_41' title='bbox 926 597 1035 643; x_wconf 83' lang='grc' dir='ltr'><strong>ἀλλά</strong></span> <span class='ocrx_word' id='word_1_42' title='bbox 1066 615 1141 654; x_wconf 88' lang='grc' dir='ltr'><strong>μιν</strong></span> <span class='ocrx_word' id='word_1_43' title='bbox 1179 596 1241 641; x_wconf 82' lang='grc' dir='ltr'><strong>δι’</strong></span> <span class='ocrx_word' id='word_1_44' title='bbox 1274 595 1403 640; x_wconf 77' lang='grc' dir='ltr'><em>ἐτέων</em></span> 
     </span>
    </p>

    <p class='ocr_par' dir='ltr' id='par_1_8' title="bbox 137 664 1403 730">
     <span class='ocr_line' id='line_1_8' title="bbox 137 664 1403 730; baseline -0.008 -13"><span class='ocrx_word' id='word_1_45' title='bbox 137 675 274 718; x_wconf 83' lang='grc' dir='ltr'><em>ε’ίκοσι</em></span> <span class='ocrx_word' id='word_1_46' title='bbox 307 676 492 730; x_wconf 76' lang='grc' dir='ltr'><em>Θηβαῖοι</em></span> <span class='ocrx_word' id='word_1_47' title='bbox 519 671 644 715; x_wconf 80' lang='grc' dir='ltr'><em>αὐτοὶ</em></span> <span class='ocrx_word' id='word_1_48' title='bbox 674 672 719 714; x_wconf 76' lang='grc' dir='ltr'><strong>ἐκ</strong></span> <span class='ocrx_word' id='word_1_49' title='bbox 747 670 1024 723; x_wconf 77' lang='grc' dir='ltr'><em>θεοπροπίου</em></span> <span class='ocrx_word' id='word_1_50' title='bbox 1056 668 1312 722; x_wconf 81' lang='grc' dir='ltr'><em>ἐκομίσαντο</em></span> <span class='ocrx_word' id='word_1_51' title='bbox 1335 664 1403 707; x_wconf 76' lang='grc' dir='ltr'><strong>ἐπὶ</strong></span> 
     </span>
    </p>

    <p class='ocr_par' dir='ltr' id='par_1_9' title="bbox 135 730 1735 797">
     <span class='ocr_line' id='line_1_9' title="bbox 135 730 1735 797; baseline -0.008 -12"><span class='ocrx_word' id='word_1_52' title='bbox 135 741 314 797; x_wconf 86' lang='grc' dir='ltr'><em>Δήλιον.</em></span> <span class='ocrx_word' id='word_1_53' title='bbox 385 741 499 791; x_wconf 76' lang='grc' dir='ltr'><em>Τούς</em></span> <span class='ocrx_word' id='word_1_54' title='bbox 547 740 593 783; x_wconf 79' lang='grc' dir='ltr'><strong>δὲ</strong></span> <span class='ocrx_word' id='word_1_55' title='bbox 641 743 729 782; x_wconf 75' lang='grc' dir='ltr'><strong>τῶν</strong></span> <span class='ocrx_word' id='word_1_56' title='bbox 764 735 1009 792; x_wconf 77' lang='grc' dir='ltr'><em>Ἐρετριέων</em></span> <span class='ocrx_word' id='word_1_57' title='bbox 1047 732 1400 788; x_wconf 83' lang='grc' dir='ltr'><em>ἀνδραποδισμέ-</em></span> <span class='ocrx_word' id='word_1_58' title='bbox 1457 730 1599 758; x_wconf 61' lang='lat' dir='ltr'><strong>Emffiffl</strong></span> <span class='ocrx_word' id='word_1_59' title='bbox 1626 731 1735 764; x_wconf 61' lang='lat' dir='ltr'><strong>⁰³P‘09</strong></span> 
     </span>
    </p>
   </div>
   <div class='ocr_carea' id='block_1_4' title="bbox 1462 761 1735 798">
    <p class='ocr_par' dir='ltr' id='par_1_10' title="bbox 1462 761 1735 798">
     <span class='ocr_line' id='line_1_10' title="bbox 1462 761 1735 798; baseline -0.022 -5"><span class='ocrx_word' id='word_1_60' title='bbox 1462 765 1503 798; x_wconf 84' lang='lat' dir='ltr'><strong>[c.</strong></span> <span class='ocrx_word' id='word_1_61' title='bbox 1523 766 1596 797; x_wconf 50' lang='lat'><strong>101]</strong></span> <span class='ocrx_word' id='word_1_62' title='bbox 1625 761 1735 790; x_wconf 78' lang='lat' dir='ltr'><strong>Darius</strong></span> 
     </span>
    </p>
   </div>
   <div class='ocr_carea' id='block_1_5' title="bbox 136 799 1719 861">
    <p class='ocr_par' dir='ltr' id='par_1_11' title="bbox 136 799 1719 861">
     <span class='ocr_line' id='line_1_11' title="bbox 136 799 1719 861; baseline -0.021 -7"><span class='ocrx_word' id='word_1_63' title='bbox 136 826 243 860; x_wconf 68' lang='lat' dir='ltr'><strong>vovg</strong></span> <span class='ocrx_word' id='word_1_64' title='bbox 272 810 406 859; x_wconf 70' lang='grc' dir='ltr'><em>Δᾶτίς</em></span> <span class='ocrx_word' id='word_1_65' title='bbox 438 825 482 851; x_wconf 74' lang='grc' dir='ltr'><strong>τε</strong></span> <span class='ocrx_word' id='word_1_66' title='bbox 519 808 593 850; x_wconf 74' lang='grc' dir='ltr'><strong>καὶ</strong></span> <span class='ocrx_word' id='word_1_67' title='bbox 631 806 943 861; x_wconf 70' lang='grc' dir='ltr'><strong>Ἀρταφέρνης,</strong></span> <span class='ocrx_word' id='word_1_68' title='bbox 997 802 1053 854; x_wconf 76' lang='grc' dir='ltr'><strong>ὡς</strong></span> <span class='ocrx_word' id='word_1_69' title='bbox 1090 802 1331 857; x_wconf 69' lang='grc' dir='ltr'><em>προσέσχον</em></span> <span class='ocrx_word' id='word_1_70' title='bbox 1363 801 1405 851; x_wconf 68' lang='grc' dir='ltr'><strong>ἐς</strong></span> <span class='ocrx_word' id='word_1_71' title='bbox 1462 799 1634 827; x_wconf 79' lang='lat' dir='ltr'>humaniter</span> <span class='ocrx_word' id='word_1_72' title='bbox 1656 800 1719 823; x_wconf 76' lang='lat' dir='ltr'><strong>tra-</strong></span> 
     </span>
    </p>
   </div>
   <div class='ocr_carea' id='block_1_6' title="bbox 1461 832 1737 866">
    <p class='ocr_par' dir='ltr' id='par_1_12' title="bbox 1461 832 1737 866">
     <span class='ocr_line' id='line_1_12' title="bbox 1461 832 1737 866; baseline -0.014 -6"><span class='ocrx_word' id='word_1_73' title='bbox 1461 836 1536 866; x_wconf 73' lang='lat' dir='ltr'><strong>ctat,</strong></span> <span class='ocrx_word' id='word_1_74' title='bbox 1557 832 1737 865; x_wconf 69' lang='lat' dir='ltr'><strong>Cissiacque</strong></span> 
     </span>
    </p>
   </div>
   <div class='ocr_carea' id='block_1_7' title="bbox 135 865 1704 933">
    <p class='ocr_par' dir='ltr' id='par_1_13' title="bbox 135 865 1704 933">
     <span class='ocr_line' id='line_1_13' title="bbox 135 865 1704 933; baseline -0.01 -13"><span class='ocrx_word' id='word_1_75' title='bbox 135 877 213 933; x_wconf 85' lang='grc' dir='ltr'><strong>τὴν</strong></span> <span class='ocrx_word' id='word_1_76' title='bbox 226 875 375 932; x_wconf 81' lang='grc' dir='ltr'><em>Ἀσίην</em></span> <span class='ocrx_word' id='word_1_77' title='bbox 404 876 624 927; x_wconf 80' lang='grc' dir='ltr'><em>πλέοντες,</em></span> <span class='ocrx_word' id='word_1_78' title='bbox 656 873 879 930; x_wconf 73' lang='grc' dir='ltr'><em>ἀνήγαγον</em></span> <span class='ocrx_word' id='word_1_79' title='bbox 908 873 950 923; x_wconf 80' lang='grc' dir='ltr'><strong>ές</strong></span> <span class='ocrx_word' id='word_1_80' title='bbox 978 875 1148 915; x_wconf 85' lang='grc' dir='ltr'><em>Σοῦσα.</em></span> <span class='ocrx_word' id='word_1_81' title='bbox 1205 868 1572 926; x_wconf 58' lang='grc' dir='ltr'><em>βασιλεύς35]“ὓ“’ῑῑ’</em></span> <span class='ocrx_word' id='word_1_82' title='bbox 1609 865 1704 893; x_wconf 52' lang='lat' dir='ltr'><strong>‘¹¹1¹ss-</strong></span> 
     </span>
    </p>
   </div>
   <div class='ocr_carea' id='block_1_8' title="bbox 1462 899 1722 933">
    <p class='ocr_par' dir='ltr' id='par_1_14' title="bbox 1462 899 1722 933">
     <span class='ocr_line' id='line_1_14' title="bbox 1462 899 1722 933; baseline -0.015 -5"><span class='ocrx_word' id='word_1_83' title='bbox 1462 901 1592 933; x_wconf 73' lang='lat' dir='ltr'><strong>riccam,</strong></span> <span class='ocrx_word' id='word_1_84' title='bbox 1611 901 1648 927; x_wconf 67' lang='lat' dir='ltr'><strong>iis</strong></span> <span class='ocrx_word' id='word_1_85' title='bbox 1668 899 1722 925; x_wconf 81' lang='lat' dir='ltr'><strong>ha-</strong></span> 
     </span>
    </p>
   </div>
   <div class='ocr_carea' id='block_1_9' title="bbox 108 933 1710 998">
    <p class='ocr_par' dir='ltr' id='par_1_15' title="bbox 108 933 1710 998">
     <span class='ocr_line' id='line_1_15' title="bbox 108 933 1710 998; baseline -0.01 -9"><span class='ocrx_word' id='word_1_86' title='bbox 108 945 188 988; x_wconf 56' lang='lat'><strong>26}</strong></span> <span class='ocrx_word' id='word_1_87' title='bbox 218 949 429 997; x_wconf 87' lang='grc' dir='ltr'><em>Δαρεῖος,</em></span> <span class='ocrx_word' id='word_1_88' title='bbox 471 944 576 997; x_wconf 90' lang='grc' dir='ltr'><em>πρὶν</em></span> <span class='ocrx_word' id='word_1_89' title='bbox 616 941 694 998; x_wconf 76' lang='grc' dir='ltr'><strong>μὲν</strong></span> <span class='ocrx_word' id='word_1_90' title='bbox 735 939 1030 997; x_wconf 78' lang='grc' dir='ltr'><em>αἰχμαλώτους</em></span> <span class='ocrx_word' id='word_1_91' title='bbox 1066 938 1270 995; x_wconf 83' lang='grc' dir='ltr'><em>γενέσθαι</em></span> <span class='ocrx_word' id='word_1_92' title='bbox 1299 936 1404 987; x_wconf 78' lang='grc' dir='ltr'><em>τούς</em></span> <span class='ocrx_word' id='word_1_93' title='bbox 1460 935 1621 964; x_wconf 64' lang='lat' dir='ltr'>bstfflfflssffi</span> <span class='ocrx_word' id='word_1_94' title='bbox 1640 933 1710 960; x_wconf 58' lang='lat' dir='ltr'><strong>‘lat‘</strong></span> 
     </span>
    </p>
   </div>
   <div class='ocr_carea' id='block_1_10' title="bbox 1460 969 1727 1004">
    <p class='ocr_par' dir='ltr' id='par_1_16' title="bbox 1460 969 1727 1004">
     <span class='ocr_line' id='line_1_16' title="bbox 1460 969 1727 1004; baseline -0.019 -6"><span class='ocrx_word' id='word_1_95' title='bbox 1460 969 1546 998; x_wconf 75' lang='lat' dir='ltr'><strong>iuxta</strong></span> <span class='ocrx_word' id='word_1_96' title='bbox 1571 976 1659 1004; x_wconf 86' lang='lat' dir='ltr'><strong>quem</strong></span> <span class='ocrx_word' id='word_1_97' title='bbox 1684 974 1727 1000; x_wconf 80' lang='lat' dir='ltr'><strong>pu</strong></span> 
     </span>
    </p>
   </div>
   <div class='ocr_carea' id='block_1_11' title="bbox 135 1001 1738 1068">
    <p class='ocr_par' dir='ltr' id='par_1_17' title="bbox 135 1001 1738 1068">
     <span class='ocr_line' id='line_1_17' title="bbox 135 1001 1738 1068; baseline -0.009 -11"><span class='ocrx_word' id='word_1_98' title='bbox 135 1013 393 1068; x_wconf 84' lang='grc' dir='ltr'><em>Ἐρετριέας,</em></span> <span class='ocrx_word' id='word_1_99' title='bbox 434 1011 563 1066; x_wconf 78' lang='grc' dir='ltr'><em>ἐνεῖχέ</em></span> <span class='ocrx_word' id='word_1_100' title='bbox 601 1021 681 1066; x_wconf 84' lang='grc' dir='ltr'><strong>σφι</strong></span> <span class='ocrx_word' id='word_1_101' title='bbox 712 1009 857 1054; x_wconf 80' lang='grc' dir='ltr'><em>δεινὸν</em></span> <span class='ocrx_word' id='word_1_102' title='bbox 887 1006 1039 1064; x_wconf 81' lang='grc' dir='ltr'><em>χόλον,</em></span> <span class='ocrx_word' id='word_1_103' title='bbox 1080 1005 1151 1050; x_wconf 82' lang='grc' dir='ltr'><em>οἷα</em></span> <span class='ocrx_word' id='word_1_104' title='bbox 1182 1005 1408 1060; x_wconf 79' lang='grc' dir='ltr'><em>ἀρξάντων</em></span> <span class='ocrx_word' id='word_1_105' title='bbox 1465 1008 1544 1038; x_wconf 56' lang='lat'><strong>”³⁰³⁷</strong></span> <span class='ocrx_word' id='word_1_106' title='bbox 1572 1001 1738 1029; x_wconf 62' lang='lat' dir='ltr'><strong>¹¹¹¹‘lssffitu‘</strong></span> 
     </span>
    </p>
   </div>
   <div class='ocr_carea' id='block_1_12' title="bbox 1466 1036 1739 1071">
    <p class='ocr_par' dir='ltr' id='par_1_18' title="bbox 1466 1036 1739 1071">
     <span class='ocr_line' id='line_1_18' title="bbox 1466 1036 1739 1071; baseline -0.018 -5"><span class='ocrx_word' id='word_1_107' title='bbox 1466 1047 1544 1071; x_wconf 84' lang='lat' dir='ltr'><strong>men,</strong></span> <span class='ocrx_word' id='word_1_108' title='bbox 1555 1037 1611 1071; x_wconf 77' lang='lat' dir='ltr'><strong>sal,</strong></span> <span class='ocrx_word' id='word_1_109' title='bbox 1628 1036 1739 1062; x_wconf 80' lang='lat' dir='ltr'><strong>oleum-</strong></span> 
     </span>
    </p>
   </div>
   <div class='ocr_carea' id='block_1_13' title="bbox 138 1070 1737 1341">
    <p class='ocr_par' dir='ltr' id='par_1_19' title="bbox 140 1070 1737 1204">
     <span class='ocr_line' id='line_1_19' title="bbox 140 1070 1737 1136; baseline -0.006 -12"><span class='ocrx_word' id='word_1_110' title='bbox 140 1079 309 1136; x_wconf 82' lang='grc' dir='ltr'><em>ἀδικίης</em></span> <span class='ocrx_word' id='word_1_111' title='bbox 341 1080 566 1134; x_wconf 79' lang='grc' dir='ltr'><em>προτέρων</em></span> <span class='ocrx_word' id='word_1_112' title='bbox 594 1082 684 1122; x_wconf 77' lang='grc' dir='ltr'><strong>τῶν</strong></span> <span class='ocrx_word' id='word_1_113' title='bbox 711 1075 985 1130; x_wconf 83' lang='grc' dir='ltr'><em>Ἐρετριέων·</em></span> <span class='ocrx_word' id='word_1_114' title='bbox 1038 1076 1129 1119; x_wconf 77' lang='grc' dir='ltr'><em>ἐπεί</em></span> <span class='ocrx_word' id='word_1_115' title='bbox 1169 1090 1212 1117; x_wconf 91' lang='grc' dir='ltr'><em>τε</em></span> <span class='ocrx_word' id='word_1_116' title='bbox 1244 1074 1288 1117; x_wconf 79' lang='grc' dir='ltr'><strong>δὲ</strong></span> <span class='ocrx_word' id='word_1_117' title='bbox 1320 1072 1406 1117; x_wconf 78' lang='grc' dir='ltr'><em>εἶδέ</em></span> <span class='ocrx_word' id='word_1_118' title='bbox 1465 1080 1526 1109; x_wconf 70' lang='lat'><strong>‘1¹1⁰</strong></span> <span class='ocrx_word' id='word_1_119' title='bbox 1543 1070 1737 1098; x_wconf 80' lang='lat' dir='ltr'><strong>hauriuntur.</strong></span> 
     </span>
     <span class='ocr_line' id='line_1_20' title="bbox 140 1141 1408 1204; baseline -0.006 -13"><span class='ocrx_word' id='word_1_120' title='bbox 140 1158 278 1204; x_wconf 86' lang='grc' dir='ltr'><em>σφεας</em></span> <span class='ocrx_word' id='word_1_121' title='bbox 309 1146 581 1202; x_wconf 84' lang='grc' dir='ltr'><em>ἀπαχθέντας</em></span> <span class='ocrx_word' id='word_1_122' title='bbox 633 1143 742 1199; x_wconf 81' lang='grc' dir='ltr'><em>παρ’</em></span> <span class='ocrx_word' id='word_1_123' title='bbox 782 1144 969 1192; x_wconf 77' lang='grc' dir='ltr'><em>ἑωυτὸν,</em></span> <span class='ocrx_word' id='word_1_124' title='bbox 1016 1143 1089 1186; x_wconf 82' lang='grc' dir='ltr'><em>καὶ</em></span> <span class='ocrx_word' id='word_1_125' title='bbox 1128 1141 1408 1197; x_wconf 78' lang='grc' dir='ltr'><em>ὑποχειρίους</em></span> 
     </span>
    </p>

    <p class='ocr_par' dir='ltr' id='par_1_20' title="bbox 138 1207 1466 1272">
     <span class='ocr_line' id='line_1_21' title="bbox 138 1207 1466 1272; baseline -0.007 -12"><span class='ocrx_word' id='word_1_126' title='bbox 138 1216 287 1272; x_wconf 74' lang='grc' dir='ltr'><em>ἑωυτῷ</em></span> <span class='ocrx_word' id='word_1_127' title='bbox 326 1214 490 1266; x_wconf 79' lang='grc' dir='ltr'><em>ἐόντας,</em></span> <span class='ocrx_word' id='word_1_128' title='bbox 549 1215 722 1270; x_wconf 75' lang='grc' dir='ltr'><em>ἐποίησε</em></span> <span class='ocrx_word' id='word_1_129' title='bbox 760 1213 899 1256; x_wconf 80' lang='grc' dir='ltr'><em>κακὸν</em></span> <span class='ocrx_word' id='word_1_130' title='bbox 942 1211 1045 1255; x_wconf 77' lang='grc' dir='ltr'><em>ἄλλο</em></span> <span class='ocrx_word' id='word_1_131' title='bbox 1090 1209 1242 1260; x_wconf 77' lang='grc' dir='ltr'><em>οὐδὲν,</em></span> <span class='ocrx_word' id='word_1_132' title='bbox 1298 1207 1466 1254; x_wconf 84' lang='grc' dir='ltr'><em>ἀλλά40</em></span> 
     </span>
    </p>

    <p class='ocr_par' dir='ltr' id='par_1_21' title="bbox 141 1277 1409 1341">
     <span class='ocr_line' id='line_1_22' title="bbox 141 1277 1409 1341; baseline -0.006 -13"><span class='ocrx_word' id='word_1_133' title='bbox 141 1295 279 1340; x_wconf 83' lang='grc' dir='ltr'><em>σφεας</em></span> <span class='ocrx_word' id='word_1_134' title='bbox 306 1287 381 1340; x_wconf 78' lang='grc' dir='ltr'><strong>τῆς</strong></span> <span class='ocrx_word' id='word_1_135' title='bbox 404 1285 588 1341; x_wconf 83' lang='grc' dir='ltr'><em>Κισσίης</em></span> <span class='ocrx_word' id='word_1_136' title='bbox 614 1281 754 1340; x_wconf 80' lang='grc' dir='ltr'><em>χώρης</em></span> <span class='ocrx_word' id='word_1_137' title='bbox 776 1282 995 1327; x_wconf 78' lang='grc' dir='ltr'><em>κατοίκισε</em></span> <span class='ocrx_word' id='word_1_138' title='bbox 1026 1280 1072 1324; x_wconf 79' lang='grc' dir='ltr'><strong>ἐν</strong></span> <span class='ocrx_word' id='word_1_139' title='bbox 1094 1281 1275 1336; x_wconf 75' lang='grc' dir='ltr'><em>σταθμῷ</em></span> <span class='ocrx_word' id='word_1_140' title='bbox 1305 1277 1409 1322; x_wconf 78' lang='grc' dir='ltr'><em>ἑωυ-</em></span> 
     </span>
    </p>
   </div>
   <div class='ocr_carea' id='block_1_14' title="bbox 87 1482 764 2897">
    <p class='ocr_par' dir='ltr' id='par_1_22' title="bbox 87 1482 758 2382">
     <span class='ocr_line' id='line_1_23' title="bbox 88 1482 750 1534; baseline -0.002 -14"><span class='ocrx_word' id='word_1_141' title='bbox 88 1482 297 1521; x_wconf 81' lang='lat' dir='ltr'><strong>Phoenissa</strong></span> <span class='ocrx_word' id='word_1_142' title='bbox 315 1497 414 1521; x_wconf 80' lang='lat' dir='ltr'><strong>nave</strong></span> <span class='ocrx_word' id='word_1_143' title='bbox 433 1484 587 1534; x_wconf 83' lang='lat' dir='ltr'><strong>signum</strong></span> <span class='ocrx_word' id='word_1_144' title='bbox 597 1483 750 1534; x_wconf 87' lang='lat' dir='ltr'><strong>Apolli—</strong></span> 
     </span>
     <span class='ocr_line' id='line_1_24' title="bbox 87 1541 751 1592; baseline -0.002 -15"><span class='ocrx_word' id='word_1_145' title='bbox 87 1542 146 1577; x_wconf 85' lang='lat' dir='ltr'><strong>nis</strong></span> <span class='ocrx_word' id='word_1_146' title='bbox 167 1554 188 1577; x_wconf 86' lang='lat' dir='ltr'><strong>a</strong></span> <span class='ocrx_word' id='word_1_147' title='bbox 206 1542 394 1591; x_wconf 81' lang='lat' dir='ltr'><strong>sacrilegis</strong></span> <span class='ocrx_word' id='word_1_148' title='bbox 404 1541 535 1578; x_wconf 85' lang='lat' dir='ltr'><strong>furtim</strong></span> <span class='ocrx_word' id='word_1_149' title='bbox 554 1547 668 1592; x_wconf 77' lang='lat' dir='ltr'><strong>atque.</strong></span> <span class='ocrx_word' id='word_1_150' title='bbox 688 1541 751 1576; x_wconf 82' lang='lat' dir='ltr'><strong>in-</strong></span> 
     </span>
     <span class='ocr_line' id='line_1_25' title="bbox 88 1596 751 1648; baseline -0.002 -14"><span class='ocrx_word' id='word_1_151' title='bbox 88 1599 166 1634; x_wconf 78' lang='lat' dir='ltr'><strong>scio</strong></span> <span class='ocrx_word' id='word_1_152' title='bbox 187 1597 284 1634; x_wconf 80' lang='lat' dir='ltr'><strong>duce</strong></span> <span class='ocrx_word' id='word_1_153' title='bbox 312 1599 548 1648; x_wconf 84' lang='lat' dir='ltr'><strong>subreptum.</strong></span> <span class='ocrx_word' id='word_1_154' title='bbox 589 1596 751 1634; x_wconf 87' lang='lat' dir='ltr'><strong>Phrases</strong></span> 
     </span>
     <span class='ocr_line' id='line_1_26' title="bbox 89 1650 751 1701; baseline 0.005 -11"><span class='ocrx_word' id='word_1_155' title='bbox 89 1661 178 1691; x_wconf 90' lang='lat' dir='ltr'><strong>sunt</strong></span> <span class='ocrx_word' id='word_1_156' title='bbox 205 1656 470 1691; x_wconf 79' lang='lat' dir='ltr'><strong>usitatissimae</strong></span> <span class='ocrx_word' id='word_1_157' title='bbox 509 1653 683 1701; x_wconf 78' lang='grc' dir='ltr'><em>ἐξέτασιν</em></span> <span class='ocrx_word' id='word_1_158' title='bbox 713 1650 751 1693; x_wconf 71' lang='lat'><strong>‘6-</strong></span> 
     </span>
     <span class='ocr_line' id='line_1_27' title="bbox 88 1707 753 1761; baseline -0.005 -11"><span class='ocrx_word' id='word_1_159' title='bbox 88 1714 200 1750; x_wconf 83' lang='grc' dir='ltr'><em>πλων</em></span> <span class='ocrx_word' id='word_1_160' title='bbox 213 1715 418 1750; x_wconf 82' lang='grc' dir='ltr'><em>ποιεῖσθαι</em></span> <span class='ocrx_word' id='word_1_161' title='bbox 438 1712 500 1748; x_wconf 82' lang='lat' dir='ltr'><strong>vel</strong></span> <span class='ocrx_word' id='word_1_162' title='bbox 514 1707 674 1761; x_wconf 74' lang='grc' dir='ltr'><em>ἀνδρῶν</em></span> <span class='ocrx_word' id='word_1_163' title='bbox 690 1711 753 1748; x_wconf 81' lang='lat' dir='ltr'><strong>vel</strong></span> 
     </span>
     <span class='ocr_line' id='line_1_28' title="bbox 88 1767 749 1807; baseline -0.005 -1"><span class='ocrx_word' id='word_1_164' title='bbox 88 1770 162 1807; x_wconf 85' lang='grc' dir='ltr'><em>τοῦ</em></span> <span class='ocrx_word' id='word_1_165' title='bbox 195 1767 410 1807; x_wconf 80' lang='grc' dir='ltr'><em>ἷππικοῦ.“</em></span> <span class='ocrx_word' id='word_1_166' title='bbox 452 1767 663 1806; x_wconf 76' lang='lat' dir='ltr'><strong>Valcken.</strong></span> <span class='ocrx_word' id='word_1_167' title='bbox 697 1769 749 1804; x_wconf 89' lang='lat' dir='ltr'><strong>At</strong></span> 
     </span>
     <span class='ocr_line' id='line_1_29' title="bbox 88 1820 750 1875; baseline -0.002 -14"><span class='ocrx_word' id='word_1_168' title='bbox 88 1825 176 1861; x_wconf 85' lang='lat' dir='ltr'><strong>satis</strong></span> <span class='ocrx_word' id='word_1_169' title='bbox 196 1837 332 1862; x_wconf 80' lang='lat' dir='ltr'><strong>vocem</strong></span> <span class='ocrx_word' id='word_1_170' title='bbox 345 1820 507 1875; x_wconf 80' lang='grc' dir='ltr'><em>ζήτησιν</em></span> <span class='ocrx_word' id='word_1_171' title='bbox 522 1826 750 1874; x_wconf 82' lang='lat' dir='ltr'><strong>scriptorum</strong></span> 
     </span>
     <span class='ocr_line' id='line_1_30' title="bbox 90 1881 751 1918; baseline -0.002 -1"><span class='ocrx_word' id='word_1_172' title='bbox 90 1881 275 1917; x_wconf 84' lang='lat' dir='ltr'><strong>librorum</strong></span> <span class='ocrx_word' id='word_1_173' title='bbox 301 1883 476 1917; x_wconf 88' lang='lat' dir='ltr'><strong>omnium</strong></span> <span class='ocrx_word' id='word_1_174' title='bbox 505 1888 635 1918; x_wconf 83' lang='lat' dir='ltr'><strong>tuetur</strong></span> <span class='ocrx_word' id='word_1_175' title='bbox 654 1893 751 1917; x_wconf 86' lang='lat' dir='ltr'><strong>con-</strong></span> 
     </span>
     <span class='ocr_line' id='line_1_31' title="bbox 90 1937 754 1988; baseline -0.002 -14"><span class='ocrx_word' id='word_1_176' title='bbox 90 1950 232 1984; x_wconf 84' lang='lat' dir='ltr'><strong>sensus,</strong></span> <span class='ocrx_word' id='word_1_177' title='bbox 254 1943 367 1988; x_wconf 83' lang='lat' dir='ltr'><strong>atque</strong></span> <span class='ocrx_word' id='word_1_178' title='bbox 388 1937 531 1974; x_wconf 84' lang='lat' dir='ltr'><strong>Suidae</strong></span> <span class='ocrx_word' id='word_1_179' title='bbox 551 1938 754 1974; x_wconf 87' lang='lat' dir='ltr'><strong>auctoritas</strong></span> 
     </span>
     <span class='ocr_line' id='line_1_32' title="bbox 92 1991 750 2032; baseline 0 -2"><span class='ocrx_word' id='word_1_180' title='bbox 92 1991 188 2030; x_wconf 86' lang='lat' dir='ltr'><strong>haec</strong></span> <span class='ocrx_word' id='word_1_181' title='bbox 217 1994 366 2030; x_wconf 81' lang='lat' dir='ltr'><strong>citantis</strong></span> <span class='ocrx_word' id='word_1_182' title='bbox 394 1994 468 2032; x_wconf 93' lang='grc'><strong>].1.</strong></span> <span class='ocrx_word' id='word_1_183' title='bbox 513 1994 654 2031; x_wconf 84' lang='lat' dir='ltr'><strong>Sensus</strong></span> <span class='ocrx_word' id='word_1_184' title='bbox 677 2000 750 2030; x_wconf 85' lang='lat' dir='ltr'><strong>est:</strong></span> 
     </span>
     <span class='ocr_line' id='line_1_33' title="bbox 92 2051 756 2100; baseline -0.002 -13"><span class='ocrx_word' id='word_1_185' title='bbox 92 2052 353 2100; x_wconf 75' lang='lat' dir='ltr'><strong>inquisitionem</strong></span> <span class='ocrx_word' id='word_1_186' title='bbox 375 2052 519 2088; x_wconf 78' lang='lat' dir='ltr'><strong>navium</strong></span> <span class='ocrx_word' id='word_1_187' title='bbox 538 2051 694 2098; x_wconf 75' lang='lat' dir='ltr'><strong>institui,</strong></span> <span class='ocrx_word' id='word_1_188' title='bbox 724 2063 756 2087; x_wconf 84' lang='lat' dir='ltr'><strong>s.</strong></span> 
     </span>
     <span class='ocr_line' id='line_1_34' title="bbox 88 2107 757 2158; baseline -0.003 -14"><span class='ocrx_word' id='word_1_189' title='bbox 88 2109 251 2158; x_wconf 75' lang='lat' dir='ltr'><strong>perquiri</strong></span> <span class='ocrx_word' id='word_1_190' title='bbox 263 2107 426 2155; x_wconf 75' lang='lat' dir='ltr'><strong>singulas</strong></span> <span class='ocrx_word' id='word_1_191' title='bbox 442 2119 549 2144; x_wconf 76' lang='lat' dir='ltr'><strong>naves</strong></span> <span class='ocrx_word' id='word_1_192' title='bbox 565 2108 681 2144; x_wconf 78' lang='lat' dir='ltr'><strong>iussit.</strong></span> <span class='ocrx_word' id='word_1_193' title='bbox 711 2108 757 2142; x_wconf 86' lang='lat' dir='ltr'><strong>In</strong></span> 
     </span>
     <span class='ocr_line' id='line_1_35' title="bbox 94 2158 756 2216; baseline 0.003 -16"><span class='ocrx_word' id='word_1_194' title='bbox 94 2177 202 2216; x_wconf 87' lang='lat' dir='ltr'><strong>seqq.</strong></span> <span class='ocrx_word' id='word_1_195' title='bbox 225 2163 274 2200; x_wconf 85' lang='lat' dir='ltr'><strong>ad</strong></span> <span class='ocrx_word' id='word_1_196' title='bbox 304 2158 474 2203; x_wconf 78' lang='grc' dir='ltr'><em>ἀπίκατο</em></span> <span class='ocrx_word' id='word_1_197' title='bbox 495 2164 597 2200; x_wconf 89' lang='lat' dir='ltr'><strong>conf.</strong></span> <span class='ocrx_word' id='word_1_198' title='bbox 619 2161 756 2202; x_wconf 82' lang='lat' dir='ltr'><strong>Matth.</strong></span> 
     </span>
     <span class='ocr_line' id='line_1_36' title="bbox 95 2219 758 2271; baseline -0.005 -13"><span class='ocrx_word' id='word_1_199' title='bbox 95 2222 163 2258; x_wconf 81' lang='lat' dir='ltr'><strong>Gr.</strong></span> <span class='ocrx_word' id='word_1_200' title='bbox 188 2221 254 2257; x_wconf 84' lang='lat' dir='ltr'><strong>Gr.</strong></span> <span class='ocrx_word' id='word_1_201' title='bbox 284 2233 371 2271; x_wconf 81' lang='lat' dir='ltr'><strong>pag.</strong></span> <span class='ocrx_word' id='word_1_202' title='bbox 401 2223 483 2261; x_wconf 83' lang='lat'><strong>377</strong></span> <span class='ocrx_word' id='word_1_203' title='bbox 513 2227 549 2258; x_wconf 90' lang='lat' dir='ltr'><strong>et</strong></span> <span class='ocrx_word' id='word_1_204' title='bbox 570 2219 618 2257; x_wconf 83' lang='lat' dir='ltr'><strong>ad</strong></span> <span class='ocrx_word' id='word_1_205' title='bbox 639 2233 758 2270; x_wconf 79' lang='lat' dir='ltr'><strong>argu-</strong></span> 
     </span>
     <span class='ocr_line' id='line_1_37' title="bbox 96 2276 758 2324; baseline 0 -10"><span class='ocrx_word' id='word_1_206' title='bbox 96 2284 273 2314; x_wconf 87' lang='lat' dir='ltr'><strong>mentum</strong></span> <span class='ocrx_word' id='word_1_207' title='bbox 297 2278 373 2314; x_wconf 86' lang='lat' dir='ltr'><strong>loci</strong></span> <span class='ocrx_word' id='word_1_208' title='bbox 391 2278 455 2324; x_wconf 85' lang='lat' dir='ltr'><strong>VI,</strong></span> <span class='ocrx_word' id='word_1_209' title='bbox 478 2280 544 2318; x_wconf 81' lang='lat'><strong>97.</strong></span> <span class='ocrx_word' id='word_1_210' title='bbox 602 2276 664 2313; x_wconf 87' lang='lat' dir='ltr'><strong>Ad</strong></span> <span class='ocrx_word' id='word_1_211' title='bbox 684 2292 758 2315; x_wconf 76' lang='grc' dir='ltr'><em>κα-</em></span> 
     </span>
     <span class='ocr_line' id='line_1_38' title="bbox 97 2333 756 2382; baseline -0.005 -9"><span class='ocrx_word' id='word_1_212' title='bbox 97 2334 336 2373; x_wconf 81' lang='grc' dir='ltr'><em>τατίθεσθαι</em></span> <span class='ocrx_word' id='word_1_213' title='bbox 361 2334 463 2374; x_wconf 82' lang='lat' dir='ltr'><strong>conf.</strong></span> <span class='ocrx_word' id='word_1_214' title='bbox 491 2340 589 2371; x_wconf 88' lang='lat' dir='ltr'><strong>nott.</strong></span> <span class='ocrx_word' id='word_1_215' title='bbox 624 2333 673 2370; x_wconf 85' lang='lat' dir='ltr'><strong>ad</strong></span> <span class='ocrx_word' id='word_1_216' title='bbox 693 2334 756 2382; x_wconf 87' lang='lat' dir='ltr'><strong>VI,</strong></span> 
     </span>
    </p>

    <p class='ocr_par' dir='ltr' id='par_1_23' title="bbox 99 2442 764 2897">
     <span class='ocr_line' id='line_1_39' title="bbox 156 2442 757 2498; baseline 0 -13"><span class='ocrx_word' id='word_1_217' title='bbox 156 2445 196 2492; x_wconf 83' lang='grc' dir='ltr'><em>ἔς</em></span> <span class='ocrx_word' id='word_1_218' title='bbox 243 2442 398 2497; x_wconf 85' lang='grc' dir='ltr'><em>Δήλιον</em></span> <span class='ocrx_word' id='word_1_219' title='bbox 446 2443 489 2487; x_wconf 80' lang='grc' dir='ltr'><em>τὸ</em></span> <span class='ocrx_word' id='word_1_220' title='bbox 546 2446 757 2498; x_wconf 87' lang='grc' dir='ltr'><em>Θηβαίων]</em></span> 
     </span>
     <span class='ocr_line' id='line_1_40' title="bbox 99 2504 759 2554; baseline 0.003 -15"><span class='ocrx_word' id='word_1_221' title='bbox 99 2504 333 2552; x_wconf 77' lang='lat' dir='ltr'><strong>„Pausanias</strong></span> <span class='ocrx_word' id='word_1_222' title='bbox 379 2510 569 2554; x_wconf 80' lang='lat' dir='ltr'><strong>repertam</strong></span> <span class='ocrx_word' id='word_1_223' title='bbox 599 2505 638 2540; x_wconf 89' lang='lat' dir='ltr'><strong>in</strong></span> <span class='ocrx_word' id='word_1_224' title='bbox 669 2505 759 2541; x_wconf 81' lang='lat' dir='ltr'><strong>navi</strong></span> 
     </span>
     <span class='ocr_line' id='line_1_41' title="bbox 99 2558 761 2611; baseline 0 -15"><span class='ocrx_word' id='word_1_225' title='bbox 99 2558 309 2597; x_wconf 86' lang='lat' dir='ltr'><strong>Phoenissa</strong></span> <span class='ocrx_word' id='word_1_226' title='bbox 337 2560 522 2611; x_wconf 82' lang='lat' dir='ltr'><strong>Apollinis</strong></span> <span class='ocrx_word' id='word_1_227' title='bbox 550 2562 761 2611; x_wconf 74' lang='lat' dir='ltr'><strong>imaginem</strong></span> 
     </span>
     <span class='ocr_line' id='line_1_42' title="bbox 101 2616 762 2665; baseline -0.002 -11"><span class='ocrx_word' id='word_1_228' title='bbox 101 2618 228 2654; x_wconf 83' lang='lat' dir='ltr'><strong>Nostri</strong></span> <span class='ocrx_word' id='word_1_229' title='bbox 246 2617 370 2654; x_wconf 86' lang='lat' dir='ltr'><strong>verbis</strong></span> <span class='ocrx_word' id='word_1_230' title='bbox 393 2616 619 2665; x_wconf 78' lang='lat' dir='ltr'><strong>describens,</strong></span> <span class='ocrx_word' id='word_1_231' title='bbox 640 2616 762 2654; x_wconf 82' lang='lat' dir='ltr'><strong>tradi-</strong></span> 
     </span>
     <span class='ocr_line' id='line_1_43' title="bbox 102 2673 764 2725; baseline 0.003 -15"><span class='ocrx_word' id='word_1_232' title='bbox 102 2679 182 2710; x_wconf 85' lang='lat' dir='ltr'><strong>tam</strong></span> <span class='ocrx_word' id='word_1_233' title='bbox 202 2675 253 2710; x_wconf 87' lang='lat' dir='ltr'><strong>ait</strong></span> <span class='ocrx_word' id='word_1_234' title='bbox 272 2675 322 2720; x_wconf 83' lang='lat' dir='ltr'><strong>X,</strong></span> <span class='ocrx_word' id='word_1_235' title='bbox 335 2675 387 2713; x_wconf 81' lang='lat'><strong>28</strong></span> <span class='ocrx_word' id='word_1_236' title='bbox 416 2674 453 2718; x_wconf 64' lang='grc' dir='ltr'><strong>ξ.</strong></span> <span class='ocrx_word' id='word_1_237' title='bbox 476 2677 515 2714; x_wconf 84' lang='lat'><strong>3.</strong></span> <span class='ocrx_word' id='word_1_238' title='bbox 541 2673 764 2725; x_wconf 85' lang='grc' dir='ltr'><em>Ταναγραί-</em></span> 
     </span>
     <span class='ocr_line' id='line_1_44' title="bbox 104 2726 763 2780; baseline -0.003 -11"><span class='ocrx_word' id='word_1_239' title='bbox 104 2743 164 2776; x_wconf 85' lang='grc' dir='ltr'><em>οις</em></span> <span class='ocrx_word' id='word_1_240' title='bbox 201 2729 240 2776; x_wconf 81' lang='grc' dir='ltr'><em>ἔς</em></span> <span class='ocrx_word' id='word_1_241' title='bbox 280 2726 455 2780; x_wconf 86' lang='grc' dir='ltr'><em>Δήλιον,</em></span> <span class='ocrx_word' id='word_1_242' title='bbox 513 2731 763 2767; x_wconf 83' lang='lat' dir='ltr'><strong>contractiore</strong></span> 
     </span>
     <span class='ocr_line' id='line_1_45' title="bbox 105 2787 763 2837; baseline 0.002 -15"><span class='ocrx_word' id='word_1_243' title='bbox 105 2799 193 2823; x_wconf 88' lang='lat' dir='ltr'><strong>usus</strong></span> <span class='ocrx_word' id='word_1_244' title='bbox 229 2787 460 2825; x_wconf 86' lang='lat' dir='ltr'><strong>narratione.</strong></span> <span class='ocrx_word' id='word_1_245' title='bbox 523 2787 700 2837; x_wconf 83' lang='lat' dir='ltr'><strong>Namque</strong></span> <span class='ocrx_word' id='word_1_246' title='bbox 721 2788 763 2823; x_wconf 87' lang='lat' dir='ltr'><strong>in</strong></span> 
     </span>
     <span class='ocr_line' id='line_1_46' title="bbox 105 2842 763 2897; baseline 0 -17"><span class='ocrx_word' id='word_1_247' title='bbox 105 2842 421 2895; x_wconf 84' lang='lat' dir='ltr'><strong>Tanagraeorum</strong></span> <span class='ocrx_word' id='word_1_248' title='bbox 460 2854 552 2894; x_wconf 84' lang='lat' dir='ltr'><strong>agro</strong></span> <span class='ocrx_word' id='word_1_249' title='bbox 598 2843 763 2897; x_wconf 86' lang='lat' dir='ltr'><strong>ipsisque</strong></span> 
     </span>
    </p>
   </div>
   <div class='ocr_carea' id='block_1_15' title="bbox 805 1475 1478 2552">
    <p class='ocr_par' dir='ltr' id='par_1_24' title="bbox 805 1475 1478 2552">
     <span class='ocr_line' id='line_1_47' title="bbox 807 1475 1468 1519; baseline -0.014 0"><span class='ocrx_word' id='word_1_250' title='bbox 807 1481 991 1519; x_wconf 82' lang='lat' dir='ltr'><strong>Boeotiae</strong></span> <span class='ocrx_word' id='word_1_251' title='bbox 1011 1479 1149 1517; x_wconf 88' lang='lat' dir='ltr'><strong>finibus</strong></span> <span class='ocrx_word' id='word_1_252' title='bbox 1168 1475 1367 1514; x_wconf 83' lang='lat' dir='ltr'><strong>maritimis</strong></span> <span class='ocrx_word' id='word_1_253' title='bbox 1386 1476 1468 1511; x_wconf 83' lang='lat' dir='ltr'><strong>De·-</strong></span> 
     </span>
     <span class='ocr_line' id='line_1_48' title="bbox 805 1531 1470 1587; baseline -0.011 -12"><span class='ocrx_word' id='word_1_254' title='bbox 805 1540 902 1575; x_wconf 86' lang='lat' dir='ltr'><strong>lium</strong></span> <span class='ocrx_word' id='word_1_255' title='bbox 925 1536 1044 1584; x_wconf 79' lang='lat' dir='ltr'><strong>illud3</strong></span> <span class='ocrx_word' id='word_1_256' title='bbox 1077 1536 1123 1573; x_wconf 87' lang='lat' dir='ltr'><strong>de</strong></span> <span class='ocrx_word' id='word_1_257' title='bbox 1145 1548 1220 1587; x_wconf 87' lang='lat' dir='ltr'><strong>quo</strong></span> <span class='ocrx_word' id='word_1_258' title='bbox 1242 1533 1289 1571; x_wconf 87' lang='lat' dir='ltr'><strong>ad</strong></span> <span class='ocrx_word' id='word_1_259' title='bbox 1310 1531 1470 1569; x_wconf 85' lang='lat' dir='ltr'><strong>Diodor.</strong></span> 
     </span>
     <span class='ocr_line' id='line_1_49' title="bbox 807 1595 1470 1643; baseline -0.012 -11"><span class='ocrx_word' id='word_1_260' title='bbox 807 1597 894 1643; x_wconf 83' lang='lat' dir='ltr'><strong>XII,</strong></span> <span class='ocrx_word' id='word_1_261' title='bbox 928 1598 994 1636; x_wconf 81' lang='lat'><strong>69.</strong></span> <span class='ocrx_word' id='word_1_262' title='bbox 1034 1595 1201 1630; x_wconf 77' lang='lat' dir='ltr'><strong>Multum</strong></span> <span class='ocrx_word' id='word_1_263' title='bbox 1223 1598 1352 1628; x_wconf 87' lang='lat' dir='ltr'><strong>autem</strong></span> <span class='ocrx_word' id='word_1_264' title='bbox 1374 1602 1470 1626; x_wconf 91' lang='lat' dir='ltr'><strong>con-</strong></span> 
     </span>
     <span class='ocr_line' id='line_1_50' title="bbox 810 1645 1470 1690; baseline -0.012 -1"><span class='ocrx_word' id='word_1_265' title='bbox 810 1652 956 1690; x_wconf 75' lang='lat' dir='ltr'><strong>ducunt</strong></span> <span class='ocrx_word' id='word_1_266' title='bbox 977 1651 1024 1689; x_wconf 85' lang='lat' dir='ltr'><strong>ad</strong></span> <span class='ocrx_word' id='word_1_267' title='bbox 1046 1649 1231 1687; x_wconf 85' lang='lat' dir='ltr'><strong>Herodoti</strong></span> <span class='ocrx_word' id='word_1_268' title='bbox 1259 1645 1470 1684; x_wconf 83' lang='lat' dir='ltr'><strong>finiendam</strong></span> 
     </span>
     <span class='ocr_line' id='line_1_51' title="bbox 809 1703 1470 1758; baseline -0.015 -11"><span class='ocrx_word' id='word_1_269' title='bbox 809 1717 974 1746; x_wconf 80' lang='lat' dir='ltr'><strong>aetatem</strong></span> <span class='ocrx_word' id='word_1_270' title='bbox 1025 1708 1161 1758; x_wconf 77' lang='lat' dir='ltr'><strong>viginti</strong></span> <span class='ocrx_word' id='word_1_271' title='bbox 1198 1706 1258 1742; x_wconf 84' lang='lat' dir='ltr'><strong>isti</strong></span> <span class='ocrx_word' id='word_1_272' title='bbox 1272 1734 1281 1752; x_wconf 85' lang='grc'><em>,</em></span> <span class='ocrx_word' id='word_1_273' title='bbox 1331 1703 1470 1755; x_wconf 84' lang='lat' dir='ltr'><strong>quibus</strong></span> 
     </span>
     <span class='ocr_line' id='line_1_52' title="bbox 808 1761 1471 1814; baseline -0.015 -10"><span class='ocrx_word' id='word_1_274' title='bbox 808 1768 966 1804; x_wconf 82' lang='lat' dir='ltr'><strong>evolutis</strong></span> <span class='ocrx_word' id='word_1_275' title='bbox 987 1766 1026 1802; x_wconf 88' lang='lat' dir='ltr'><strong>in</strong></span> <span class='ocrx_word' id='word_1_276' title='bbox 1051 1767 1369 1814; x_wconf 80' lang='lat' dir='ltr'><strong>Tanagraeorum</strong></span> <span class='ocrx_word' id='word_1_277' title='bbox 1388 1761 1471 1795; x_wconf 87' lang='lat' dir='ltr'><strong>De-</strong></span> 
     </span>
     <span class='ocr_line' id='line_1_53' title="bbox 807 1815 1470 1873; baseline -0.015 -13"><span class='ocrx_word' id='word_1_278' title='bbox 807 1824 904 1861; x_wconf 85' lang='lat' dir='ltr'><strong>lium</strong></span> <span class='ocrx_word' id='word_1_279' title='bbox 941 1822 1127 1873; x_wconf 86' lang='lat' dir='ltr'><strong>Apollinis</strong></span> <span class='ocrx_word' id='word_1_280' title='bbox 1156 1822 1311 1870; x_wconf 78' lang='lat' dir='ltr'><strong>signum</strong></span> <span class='ocrx_word' id='word_1_281' title='bbox 1344 1815 1470 1863; x_wconf 80' lang='lat' dir='ltr'><strong>rediit,</strong></span> 
     </span>
     <span class='ocr_line' id='line_1_54' title="bbox 809 1874 1473 1924; baseline -0.012 -8"><span class='ocrx_word' id='word_1_282' title='bbox 809 1880 939 1916; x_wconf 88' lang='lat' dir='ltr'><strong>anni.“</strong></span> <span class='ocrx_word' id='word_1_283' title='bbox 976 1878 1126 1915; x_wconf 72' lang='lat' dir='ltr'><strong>lVesse</strong></span> <span class='ocrx_word' id='word_1_284' title='bbox 1142 1877 1264 1924; x_wconf 77' lang='lat' dir='ltr'><strong>ling.</strong></span> <span class='ocrx_word' id='word_1_285' title='bbox 1302 1874 1473 1920; x_wconf 85' lang='lat' dir='ltr'><strong>Delium,</strong></span> 
     </span>
     <span class='ocr_line' id='line_1_55' title="bbox 810 1934 1472 1987; baseline -0.014 -14"><span class='ocrx_word' id='word_1_286' title='bbox 810 1935 915 1987; x_wconf 86' lang='lat' dir='ltr'><strong>quod</strong></span> <span class='ocrx_word' id='word_1_287' title='bbox 935 1934 1168 1984; x_wconf 80' lang='lat' dir='ltr'><strong>Tanagraeis</strong></span> <span class='ocrx_word' id='word_1_288' title='bbox 1184 1938 1338 1983; x_wconf 85' lang='lat' dir='ltr'><strong>portum</strong></span> <span class='ocrx_word' id='word_1_289' title='bbox 1358 1942 1472 1980; x_wconf 87' lang='lat' dir='ltr'><strong>prae-</strong></span> 
     </span>
     <span class='ocr_line' id='line_1_56' title="bbox 810 1988 1473 2041; baseline -0.012 -11"><span class='ocrx_word' id='word_1_290' title='bbox 810 1995 944 2040; x_wconf 81' lang='lat' dir='ltr'><strong>bebat,</strong></span> <span class='ocrx_word' id='word_1_291' title='bbox 977 1993 1022 2028; x_wconf 88' lang='lat' dir='ltr'><strong>ab</strong></span> <span class='ocrx_word' id='word_1_292' title='bbox 1044 1993 1124 2041; x_wconf 83' lang='lat' dir='ltr'><strong>ipsa</strong></span> <span class='ocrx_word' id='word_1_293' title='bbox 1153 1991 1335 2038; x_wconf 78' lang='lat' dir='ltr'><strong>Tanagra</strong></span> <span class='ocrx_word' id='word_1_294' title='bbox 1356 1988 1473 2039; x_wconf 87' lang='lat' dir='ltr'><strong>quin-</strong></span> 
     </span>
     <span class='ocr_line' id='line_1_57' title="bbox 813 2045 1473 2101; baseline -0.012 -15"><span class='ocrx_word' id='word_1_295' title='bbox 813 2063 887 2101; x_wconf 72' lang='lat' dir='ltr'><strong>que</strong></span> <span class='ocrx_word' id='word_1_296' title='bbox 915 2049 1021 2085; x_wconf 87' lang='lat' dir='ltr'><strong>mille</strong></span> <span class='ocrx_word' id='word_1_297' title='bbox 1056 2060 1151 2097; x_wconf 87' lang='lat' dir='ltr'><strong>pass.</strong></span> <span class='ocrx_word' id='word_1_298' title='bbox 1189 2045 1349 2083; x_wconf 84' lang='lat' dir='ltr'><strong>distabat</strong></span> <span class='ocrx_word' id='word_1_299' title='bbox 1379 2050 1473 2080; x_wconf 85' lang='lat' dir='ltr'><strong>teste</strong></span> 
     </span>
     <span class='ocr_line' id='line_1_58' title="bbox 811 2101 1472 2150; baseline -0.012 -6"><span class='ocrx_word' id='word_1_300' title='bbox 811 2107 919 2144; x_wconf 86' lang='lat' dir='ltr'><strong>Livio</strong></span> <span class='ocrx_word' id='word_1_301' title='bbox 938 2105 1089 2142; x_wconf 84' lang='lat' dir='ltr'>XXXV</span> <span class='ocrx_word' id='word_1_302' title='bbox 1102 2133 1111 2150; x_wconf 83' lang='lat'><em>‚</em></span> <span class='ocrx_word' id='word_1_303' title='bbox 1143 2101 1193 2143; x_wconf 82' lang='lat'><strong>51</strong></span> <span class='ocrx_word' id='word_1_304' title='bbox 1228 2101 1275 2139; x_wconf 82' lang='lat' dir='ltr'><strong>ad</strong></span> <span class='ocrx_word' id='word_1_305' title='bbox 1296 2114 1400 2138; x_wconf 87' lang='lat' dir='ltr'><strong>mare</strong></span> <span class='ocrx_word' id='word_1_306' title='bbox 1420 2101 1472 2137; x_wconf 90' lang='lat' dir='ltr'><strong>si-</strong></span> 
     </span>
     <span class='ocr_line' id='line_1_59' title="bbox 812 2158 1475 2212; baseline -0.011 -11"><span class='ocrx_word' id='word_1_307' title='bbox 812 2171 897 2201; x_wconf 85' lang='lat' dir='ltr'><strong>tum</strong></span> <span class='ocrx_word' id='word_1_308' title='bbox 927 2170 964 2199; x_wconf 84' lang='lat' dir='ltr'><strong>et</strong></span> <span class='ocrx_word' id='word_1_309' title='bbox 994 2161 1183 2212; x_wconf 83' lang='lat' dir='ltr'><strong>Apollinis</strong></span> <span class='ocrx_word' id='word_1_310' title='bbox 1209 2160 1353 2210; x_wconf 88' lang='lat' dir='ltr'><strong>templo</strong></span> <span class='ocrx_word' id='word_1_311' title='bbox 1394 2158 1475 2195; x_wconf 84' lang='lat' dir='ltr'><strong>cla-</strong></span> 
     </span>
     <span class='ocr_line' id='line_1_60' title="bbox 814 2218 1475 2258; baseline -0.012 0"><span class='ocrx_word' id='word_1_312' title='bbox 814 2234 915 2258; x_wconf 87' lang='lat' dir='ltr'><strong>rum.</strong></span> <span class='ocrx_word' id='word_1_313' title='bbox 943 2222 1055 2257; x_wconf 86' lang='lat' dir='ltr'><strong>Nunc</strong></span> <span class='ocrx_word' id='word_1_314' title='bbox 1078 2231 1123 2255; x_wconf 90' lang='lat' dir='ltr'><strong>eo</strong></span> <span class='ocrx_word' id='word_1_315' title='bbox 1146 2218 1230 2254; x_wconf 85' lang='lat' dir='ltr'><strong>loco</strong></span> <span class='ocrx_word' id='word_1_316' title='bbox 1251 2218 1381 2253; x_wconf 81' lang='lat' dir='ltr'><strong>vicum</strong></span> <span class='ocrx_word' id='word_1_317' title='bbox 1399 2228 1475 2251; x_wconf 90' lang='lat' dir='ltr'><strong>no-</strong></span> 
     </span>
     <span class='ocr_line' id='line_1_61' title="bbox 814 2270 1475 2315; baseline -0.009 -1"><span class='ocrx_word' id='word_1_318' title='bbox 814 2279 920 2315; x_wconf 88' lang='lat' dir='ltr'><strong>mine</strong></span> <span class='ocrx_word' id='word_1_319' title='bbox 941 2277 1102 2314; x_wconf 79' lang='lat' dir='ltr'><strong>Dramisi</strong></span> <span class='ocrx_word' id='word_1_320' title='bbox 1112 2288 1190 2311; x_wconf 84' lang='lat' dir='ltr'><strong>esse</strong></span> <span class='ocrx_word' id='word_1_321' title='bbox 1199 2272 1366 2311; x_wconf 86' lang='lat' dir='ltr'><strong>tradunt.</strong></span> <span class='ocrx_word' id='word_1_322' title='bbox 1387 2270 1475 2309; x_wconf 77' lang='lat' dir='ltr'><strong>vid.</strong></span> 
     </span>
     <span class='ocr_line' id='line_1_62' title="bbox 813 2332 1477 2381; baseline -0.014 -9"><span class='ocrx_word' id='word_1_323' title='bbox 813 2337 948 2373; x_wconf 87' lang='lat' dir='ltr'><strong>Kruse.</strong></span> <span class='ocrx_word' id='word_1_324' title='bbox 971 2333 1098 2370; x_wconf 86' lang='lat' dir='ltr'><strong>Hellas</strong></span> <span class='ocrx_word' id='word_1_325' title='bbox 1119 2333 1167 2378; x_wconf 83' lang='grc' dir='ltr'><strong>ΙΙ,</strong></span> <span class='ocrx_word' id='word_1_326' title='bbox 1193 2333 1212 2371; x_wconf 90' lang='grc'>1</span> <span class='ocrx_word' id='word_1_327' title='bbox 1237 2345 1275 2381; x_wconf 87' lang='lat' dir='ltr'><strong>p.</strong></span> <span class='ocrx_word' id='word_1_328' title='bbox 1294 2332 1373 2371; x_wconf 77' lang='lat'><strong>623</strong></span> <span class='ocrx_word' id='word_1_329' title='bbox 1395 2342 1477 2380; x_wconf 88' lang='lat' dir='ltr'><strong>seq.</strong></span> 
     </span>
     <span class='ocr_line' id='line_1_63' title="bbox 816 2386 1476 2433; baseline -0.012 -4"><span class='ocrx_word' id='word_1_330' title='bbox 816 2395 897 2433; x_wconf 75' lang='lat'><strong>626</strong></span> <span class='ocrx_word' id='word_1_331' title='bbox 911 2398 948 2428; x_wconf 87' lang='lat' dir='ltr'><strong>et</strong></span> <span class='ocrx_word' id='word_1_332' title='bbox 957 2391 999 2427; x_wconf 85' lang='lat' dir='ltr'><strong>C.</strong></span> <span class='ocrx_word' id='word_1_333' title='bbox 1016 2390 1058 2428; x_wconf 92' lang='grc' dir='ltr'><strong>Ο.</strong></span> <span class='ocrx_word' id='word_1_334' title='bbox 1071 2389 1221 2425; x_wconf 64' lang='lat' dir='ltr'><strong>Mtffler.</strong></span> <span class='ocrx_word' id='word_1_335' title='bbox 1244 2386 1476 2425; x_wconf 82' lang='lat' dir='ltr'><strong>Orchomen-</strong></span> 
     </span>
     <span class='ocr_line' id='line_1_64' title="bbox 815 2439 1478 2499; baseline -0.009 -12"><span class='ocrx_word' id='word_1_336' title='bbox 815 2462 902 2499; x_wconf 78' lang='lat' dir='ltr'><strong>pag.</strong></span> <span class='ocrx_word' id='word_1_337' title='bbox 926 2446 1007 2487; x_wconf 78' lang='lat'><strong>490</strong></span> <span class='ocrx_word' id='word_1_338' title='bbox 1027 2459 1169 2497; x_wconf 84' lang='lat' dir='ltr'><strong>seq.—</strong></span> <span class='ocrx_word' id='word_1_339' title='bbox 1201 2443 1264 2481; x_wconf 84' lang='lat' dir='ltr'><strong>Ad</strong></span> <span class='ocrx_word' id='word_1_340' title='bbox 1285 2439 1343 2483; x_wconf 81' lang='grc' dir='ltr'><strong>δι’</strong></span> <span class='ocrx_word' id='word_1_341' title='bbox 1359 2441 1478 2483; x_wconf 80' lang='grc' dir='ltr'><em>ἐτέων</em></span> 
     </span>
     <span class='ocr_line' id='line_1_65' title="bbox 817 2501 1478 2552; baseline -0.009 -10"><span class='ocrx_word' id='word_1_342' title='bbox 817 2505 961 2542; x_wconf 86' lang='lat' dir='ltr'><strong>confer.</strong></span> <span class='ocrx_word' id='word_1_343' title='bbox 999 2501 1136 2541; x_wconf 83' lang='lat' dir='ltr'><strong>Matth.</strong></span> <span class='ocrx_word' id='word_1_344' title='bbox 1177 2502 1245 2539; x_wconf 86' lang='lat' dir='ltr'><strong>Gr.</strong></span> <span class='ocrx_word' id='word_1_345' title='bbox 1285 2502 1352 2538; x_wconf 85' lang='lat' dir='ltr'><strong>Gr.</strong></span> <span class='ocrx_word' id='word_1_346' title='bbox 1387 2512 1478 2552; x_wconf 83' lang='lat' dir='ltr'><strong>pag.</strong></span> 
     </span>
    </p>
   </div>
   <div class='ocr_carea' id='block_1_16' title="bbox 876 2638 1479 2784">
    <p class='ocr_par' dir='ltr' id='par_1_25' title="bbox 876 2638 1479 2784">
     <span class='ocr_line' id='line_1_66' title="bbox 1024 2638 1282 2691; baseline 0 -14"><span class='ocrx_word' id='word_1_347' title='bbox 1024 2640 1119 2691; x_wconf 70' lang='lat' dir='ltr'><strong>cap.</strong></span> <span class='ocrx_word' id='word_1_348' title='bbox 1141 2638 1282 2677; x_wconf 77' lang='lat' dir='ltr'><strong>cxlx.</strong></span> 
     </span>
     <span class='ocr_line' id='line_1_67' title="bbox 876 2721 1479 2784; baseline -0.012 -13"><span class='ocrx_word' id='word_1_349' title='bbox 876 2728 1095 2784; x_wconf 84' lang='grc' dir='ltr'><em>προσέσχον</em></span> <span class='ocrx_word' id='word_1_350' title='bbox 1135 2728 1176 2775; x_wconf 77' lang='grc' dir='ltr'><em>ἐς</em></span> <span class='ocrx_word' id='word_1_351' title='bbox 1230 2723 1306 2777; x_wconf 79' lang='grc' dir='ltr'><strong>τήν</strong></span> <span class='ocrx_word' id='word_1_352' title='bbox 1339 2721 1479 2776; x_wconf 80' lang='grc' dir='ltr'><em>Ἀσίην</em></span> 
     </span>
    </p>
   </div>
   <div class='ocr_carea' id='block_1_17' title="bbox 818 2783 1482 2896">
    <p class='ocr_par' dir='ltr' id='par_1_26' title="bbox 818 2783 1482 2896">
     <span class='ocr_line' id='line_1_68' title="bbox 818 2783 1480 2835; baseline -0.012 -7"><span class='ocrx_word' id='word_1_353' title='bbox 818 2786 1030 2835; x_wconf 82' lang='grc' dir='ltr'><em>πλέοντες]</em></span> <span class='ocrx_word' id='word_1_354' title='bbox 1083 2785 1194 2823; x_wconf 77' lang='lat' dir='ltr'><strong>Conl‘.</strong></span> <span class='ocrx_word' id='word_1_355' title='bbox 1218 2789 1314 2820; x_wconf 89' lang='lat' dir='ltr'><strong>nott.</strong></span> <span class='ocrx_word' id='word_1_356' title='bbox 1349 2783 1396 2820; x_wconf 85' lang='lat' dir='ltr'><strong>ad</strong></span> <span class='ocrx_word' id='word_1_357' title='bbox 1415 2783 1480 2832; x_wconf 91' lang='lat' dir='ltr'><strong>IV,</strong></span> 
     </span>
     <span class='ocr_line' id='line_1_69' title="bbox 820 2836 1482 2896; baseline -0.006 -13"><span class='ocrx_word' id='word_1_358' title='bbox 820 2846 891 2887; x_wconf 88' lang='lat'><strong>76.</strong></span> <span class='ocrx_word' id='word_1_359' title='bbox 910 2845 974 2894; x_wconf 90' lang='lat' dir='ltr'><strong>VI,</strong></span> <span class='ocrx_word' id='word_1_360' title='bbox 996 2846 1064 2886; x_wconf 85' lang='lat'><strong>99.</strong></span> <span class='ocrx_word' id='word_1_361' title='bbox 1121 2840 1184 2879; x_wconf 88' lang='lat' dir='ltr'><strong>Ad</strong></span> <span class='ocrx_word' id='word_1_362' title='bbox 1198 2841 1315 2881; x_wconf 79' lang='lat' dir='ltr'><strong>verba</strong></span> <span class='ocrx_word' id='word_1_363' title='bbox 1335 2836 1482 2896; x_wconf 72' lang='grc' dir='ltr'><em>ἀρξάν-</em></span> 
     </span>
    </p>
   </div>
  </div>
 </body>
</html>
