1806 3181
253 211 339 252 810
505 202 775 245 EXCURSUS
796 202 847 240 IV
875 201 945 238 AD
976 198 1299 237 HERODOTUM
1327 195 1392 246 VI,
1423 199 1489 238 69.

257 324 451 374 vatimque
470 333 559 358 suus
579 317 774 356 constabat
793 313 938 361 honor,
959 325 1028 350 sua
1053 312 1241 350 sanctitas.
1298 310 1436 360 Arguit
1463 308 1523 346 vel
1544 307 1738 344 Astrabaci

258 390 420 428 heroum
445 389 595 441 publice
614 386 867 437 privatimque
898 380 1092 419 residuum
1111 378 1400 418 Lacedaemone
1422 373 1516 427 (vid.
1538 373 1681 412 Herod.
1711 387 1732 410 e

257 461 421 497 Pausan.
440 459 465 494 l.
481 456 574 508 l‚).“
593 476 651 482 —-

370 527 575 576 Comparat
595 522 684 560 dein
710 522 783 559 Cr.
804 518 949 572 Hygini
966 515 1222 553 narrationem
1251 516 1357 551 Poet.
1379 519 1517 553 astron.
1546 524 1605 561 cp.
1627 511 1680 550 23
1702 522 1741 559 p.
1792 536 1795 537 γ

257 593 338 636 473
367 607 445 646 seq.
467 605 542 630 van
569 592 729 639 Staver.,
767 602 865 641 quae
901 600 1017 640 quam
1036 586 1205 622 maxime
1225 581 1301 619 huc
1322 581 1450 618 referri
1470 579 1596 630 possit,
1627 577 1681 613 ita
1700 582 1742 613 ut

259 663 403 701 Baccho
429 663 544 712 prisco
572 660 724 709 adeoque
763 659 883 696 Sileno
915 655 1113 693 simillimus
1137 652 1268 690 evadat
1297 649 1385 687 illem
1417 648 1477 686 ille
1502 646 1742 690 Astrabacu55

261 745 351 769 cum
365 731 566 781 utrobique
586 729 822 778 magicarum
840 737 970 762 rerum
991 722 1400 770 daemoniacarumque
1417 715 1617 752 manifesta
1626 713 1743 751 vesti-

260 801 336 851 gia.
364 801 443 836 Nec
463 798 689 835 Astrabacus
710 796 836 832 minus
851 792 957 830 asello
976 792 1125 827 iunctus
1145 789 1371 836 insaniaeque
1389 784 1605 835 implicitus,
1627 794 1744 834 quam

260 866 447 905 Bacchus.
503 866 636 903 Neutri
664 866 758 901 item
789 861 892 899 deest
918 858 1141 910 significatio
1175 861 1361 894 astrorum.
1419 849 1652 902 cogitandus
1674 862 1744 886 au-

261 944 342 974 tem
370 934 410 974 h.
444 935 470 975 l.
502 941 557 971 est
583 931 930 970 Bacchus-Silenus
966 929 1175 979 priscarum
1199 925 1429 974 religionum
1449 919 1744 969 Pelasgicarum‚

263 1017 361 1057 quae
381 1001 484 1054 apud
503 1002 730 1040 Dodonaeos
749 999 920 1050 inprimis
936 996 1190 1034 invaluerunt.
1249 990 1361 1038 Quod
1390 1002 1481 1028 vero
1501 985 1603 1038 apud
1621 984 1747 1036 Hyg‘-

261 1086 359 1110 num
392 1073 417 1111 l.
448 1073 475 1109 1.
533 1069 706 1107 Bacchus
734 1069 838 1105 asino
858 1067 934 1114 illi,
974 1077 1050 1117 quo
1078 1063 1202 1100 fuerat
1221 1067 1362 1107 vectus,
1381 1069 1518 1097 vocem
1538 1054 1747 1091 humanam

262 1139 408 1178 dedisse
428 1138 586 1186 dicitur,
615 1137 787 1174 Balaami
807 1137 933 1173 asinae
951 1132 1140 1185 loquentis
1160 1129 1264 1166 idem
1283 1127 1459 1164 meminit
1479 1138 1499 1161 e
1528 1124 1640 1160 sacris
1666 1122 1748 1157 He-

258 1210 462 1246 braeorum
480 1207 637 1258 scriptis,
658 1206 807 1257 aliaque
828 1203 992 1253 disputat
1011 1200 1060 1237 ad
1086 1199 1179 1236 asini
1198 1198 1276 1234 vim
1298 1203 1335 1233 et
1361 1199 1586 1246 potestatem
1618 1191 1660 1226 iu
1678 1201 1748 1226 ve-

258 1283 384 1315 terum
413 1275 658 1326 religionibus
689 1269 997 1322 cognoscendam
1024 1275 1061 1305 et
1088 1263 1390 1318 perspiciendam
1411 1260 1614 1313 aptissima.
1670 1258 1749 1293 Nos
1805 1289 1806 1292 ,

256 1343 333 1382 huc
354 1357 397 1381 ea
412 1351 561 1381 tantum
581 1341 849 1387 adscribamus,
871 1351 969 1391 quae
985 1334 1252 1374 dissertationis
1273 1332 1392 1368 finem
1414 1328 1648 1367 constituunt
1681 1325 1749 1375 [p.
1805 1354 1806 1372 ἢ

260 1413 384 1461 270];
443 1413 551 1460 „Iam
577 1409 671 1447 illud
700 1418 1018 1459 unumquemque
1049 1401 1222 1439 advertat
1247 1399 1292 1437 ab
1317 1399 1490 1436 Hebraeis
1516 1408 1595 1432 non
1619 1394 1748 1430 minus

265 1494 383 1533 quam
405 1493 426 1516 a
446 1480 592 1517 Graecis
614 1479 654 1514 in
683 1477 851 1526 imagine
881 1475 976 1511 asini
1009 1478 1045 1508 et
1066 1470 1220 1508 asinarii
1238 1468 1338 1516 genii
1359 1464 1453 1503 haec
1485 1463 1560 1502 duo
1580 1460 1749 1500 includit

263 1550 433 1600 primum
452 1551 591 1597 agreste
611 1547 705 1582 vitae
724 1557 833 1593 genus
850 1542 1114 1590 solitariumque
1135 1551 1177 1574 ac
1198 1536 1375 1579 silvestre3
1406 1532 1544 1570 deinde
1565 1531 1751 1568 lasciviam

265 1625 379 1670 atque
406 1629 521 1655 rerum
546 1625 768 1657 venerearum
797 1611 1038 1661 cupiditatem.
1099 1607 1270 1653 Quarum
1296 1615 1425 1639 rerum
1451 1599 1549 1638 nihil
1579 1600 1684 1636 abest
1704 1596 1751 1634 ab

264 1686 455 1724 Astrabaci
480 1685 558 1721 sive
578 1681 702 1718 herois
729 1681 807 1716 sive
826 1680 929 1729 genii
948 1676 1088 1714 fabula.
1145 1674 1387 1722 Aggregatur
1412 1682 1434 1706 a
1463 1669 1659 1705 Clemente
1689 1662 1751 1700 hic

265 1755 345 1805 ipse
374 1756 459 1800 τοῖς
479 1754 636 1803 μιαροῖς
654 1751 680 1787 i.
702 1762 736 1785 e.
752 1747 914 1785 scelestis
935 1758 978 1782 ac
1000 1743 1118 1781 saevis
1139 1740 1403 1778 daemonibus.
1459 1738 1510 1773 Et
1530 1747 1660 1785 reapse
1681 1731 1752 1769 ad-

265 1828 390 1873 portat
409 1832 537 1858 saevas
561 1818 764 1868 religiones
792 1814 1037 1865 crudeliaque
1067 1823 1184 1857 sacra,
1219 1808 1332 1845 ducta
1353 1807 1400 1843 ab
1422 1803 1600 1842 extremis
1620 1801 1693 1838 oris
1715 1806 1753 1837 et

267 1902 365 1941 quae
396 1887 623 1925 silvestrium
655 1884 860 1922 hominum
889 1896 932 1919 ac
961 1887 1156 1932 pastorum
1187 1889 1295 1914 sensa
1324 1888 1367 1911 ac
1397 1885 1523 1910 mores
1543 1870 1754 1907 luculenter

266 1963 440 2007 arguant.
498 1954 576 1992 Sed
593 1955 707 1991 etiam
728 1952 801 1990 hoc
823 1954 939 1989 altero
959 1962 1066 1986 more
1087 1946 1287 1984 asinariam
1310 1949 1488 1979 naturam
1508 1939 1672 1977 declarat
1689 1937 1754 1973 ille

267 2027 465 2061 Laconum
484 2024 630 2073 genius,
653 2020 757 2075 quod
771 2020 941 2059 venereis
961 2018 1073 2054 rebus
1092 2013 1291 2064 indulgere
1312 2018 1348 2049 et
1369 2023 1459 2048 cum
1477 2007 1638 2045 muliere
1659 2017 1754 2042 con-

267 2094 446 2131 cumbere
467 2091 645 2133 dicitur.“

381 2163 511 2209 „Haec
532 2161 661 2197 omnia
679 2159 745 2196 ubi
764 2159 804 2194 in
819 2168 942 2194 unum
959 2152 1166 2203 collegeris,
1188 2148 1360 2200 dispicias
1380 2158 1532 2182 necesse
1553 2149 1607 2180 est
1613 2143 1754 2193 prisca·
1775 2164 1778 2168 -

272 2241 347 2266 rum
363 2229 570 2276 religionum
588 2227 758 2264 indolem
777 2226 918 2263 scilicet
939 2235 1071 2260 earum
1088 2250 1097 2268 ,
1128 2232 1246 2272 quae,
1283 2222 1324 2253 ut
1353 2214 1395 2251 fit
1423 2215 1462 2250 in
1483 2211 1676 2264 pastoritio
1696 2209 1756 2246 vi-

271 2304 330 2334 tae
351 2309 504 2348 genere,
526 2303 562 2333 et
577 2297 704 2333 ritibus
724 2295 884 2341 horrent,
916 2306 958 2330 ac
981 2292 1084 2343 quasi
1098 2287 1282 2325 sarmentis
1310 2283 1496 2320 silvescunt
1526 2283 1558 2317 et
1578 2279 1684 2327 vagis
1703 2289 1756 2313 se-

273 2367 374 2404 dibus
401 2365 584 2417 feruntur,
621 2367 653 2401 et
677 2363 874 2414 promiscuo
899 2361 1036 2410 lateque
1062 2359 1099 2395 in
1118 2355 1247 2404 vulgus
1276 2353 1464 2401 grassante
1484 2348 1654 2387 vaticinio
1672 2357 1754 2382 con-

273 2435 500 2474 turbantur.⁴‘
