1789 3213
466 202 927 242 POLYMNIA
983 202 1082 240 V11.

110 318 227 358 ὄναα

0 382 73 429 ,99
143 380 274 433 ἄλλος
313 380 507 436 ποταμός
545 380 656 432 ἐστι,
696 378 742 431 ὃς
781 380 975 423 καλέεται
1017 379 1180 429 Μέλας.

1313 203 1396 243 749

295 312 381 357 οἷπὸ
420 312 467 357 δὲ
509 311 686 361 τούτου,
739 309 800 355 δι’
842 310 986 355 ἄλλων
1025 312 1163 354 ε’ίκοσι
1191 309 1393 361 σταδίων,

1242 377 1396 433 Τρηχὶς
1452 405 1509 432 ᾗ..

139 451 186 494 δὲ
220 449 344 500 πόλις
385 446 469 491 ἀπὸ
512 452 593 492 τοῦ
623 446 826 497 Μέλανος
846 447 1010 490 τούτου
1038 448 1239 501 ποταμοῦ
1270 447 1396 489 πέντε

140 517 292 562 στάδια
321 515 476 572 ἀπέχει.
533 515 670 572 ταύτῃ
702 515 747 559 δὲ
776 516 849 558 καὶ
871 511 1111 568 εὐρύτατόν
1141 513 1230 556 ἐστι
1255 511 1395 568 πάσης

137 589 212 641 τῆς
240 583 381 640 χώρης
409 582 568 639 ταύτης
595 583 643 627 ἐκ
661 587 749 627 τῶν
764 581 931 637 οὐρέων
951 582 994 632 ἐς
1014 578 1353 633 θάλασσαν,κατ’
1372 578 1455 622 ἂ60

144 653 296 708 Τρηχὶς
340 650 614 695 πεπόλισται·
658 649 842 707 δισχίλιά
872 665 915 692 τε
944 649 1026 704 γὰρ
1072 648 1146 692 καὶ
1191 647 1395 703 δισμύρια

109 722 309 774 Ξπλέθρα
336 723 418 763 τοῦ
445 721 598 763 πεδίου
640 718 739 762 ἐστί.
797 720 877 759 τοῦ
907 716 952 759 δὲ
983 715 1162 770 οὔρεος,
1190 715 1239 759 τὸ
1271 731 1393 770 περι·
1450 706 1531 746 599

135 790 273 844 κληΐει
311 787 391 844 τήν
431 791 512 844 γῆν
551 787 632 844 τήν
674 785 926 842 Τρηχινίην,
964 784 1049 828 ἔστι
1073 782 1261 839 διασφὰξ
1290 783 1398 838 πρὸς

82 1013 240 1043 recentt.
262 1005 349 1044 edd.
370 1005 511 1044 adscivi
531 1020 551 1043 e
571 1008 741 1058 pluribus

82 1062 168 1099 cod.
197 1060 315 1113 λόγος
349 1063 429 1103 ἐστὶ
462 1065 507 1100 ab
543 1064 739 1101 Herodoto

80 1120 174 1170 poni
188 1120 226 1154 in
240 1133 366 1156 rerum
377 1121 635 1157 fabulosarum
649 1134 741 1157 nar-

80 1176 226 1212 ratione
246 1177 419 1213 observat
441 1175 624 1214 Valcken.
654 1179 740 1214 lau-

79 1231 173 1269 dans
203 1233 268 1279 111,
302 1232 341 1273 5.
385 1232 476 1273 115.
524 1234 606 1281 VII,
647 1236 735 1274 129.

77 1290 205 1340 Atque
226 1290 431 1326 Herculem
450 1291 491 1325 in
509 1290 603 1326 Oeta
622 1289 737 1325 flam-

77 1346 150 1382 mis
171 1346 388 1382 absumtum
407 1346 533 1397 plures
563 1359 738 1383 comme-

47 1414 53 1418 ‘
76 1409 229 1439 morant
256 1404 465 1454 scriptores,
502 1416 596 1454 quos
619 1404 737 1440 citant

77 1458 339 1498 Heinsterhus.
370 1458 418 1496 ad
448 1460 607 1496 Lucian.
630 1461 737 1497 Tim.

77 1517 104 1555 7
120 1516 171 1553 T.
191 1517 209 1551 I
228 1529 266 1566 p.
289 1515 369 1556 348
391 1523 427 1552 et
448 1515 667 1555 Tzschuck.
693 1515 741 1552 ad

79 1573 170 1611 Mel.
190 1573 239 1620 11,
261 1575 286 1613 3
309 1573 346 1618 §.
368 1576 395 1613 2
413 1579 509 1612 nott.
543 1586 679 1624 exegg.
701 1587 740 1624 p.

83 1628 163 1670 175
184 1641 262 1680 seq.

265 1719 358 1769 Cap.
379 1718 551 1756 CXCIX.

143 1795 285 1850 Τρηχὶς
321 1795 364 1837 δὲ
401 1795 539 1845 πόλις]
591 1797 743 1848 Scylaci

81 1861 239 1892 vocatur
262 1854 419 1905 Τραχίς,
440 1855 620 1891 Straboni
641 1857 743 1905 Τρα-

83 1911 161 1961 χίν.
219 1910 336 1946 Plura
355 1923 434 1947 non
454 1917 648 1958 constant,
669 1911 742 1947 nisi

83 1965 189 2018 quod
216 1980 285 2004 sex
314 1966 405 2003 inde
434 1966 561 2004 stadiis
595 1973 743 2004 remota

83 2030 170 2074 post
208 2036 229 2060 a
269 2023 462 2074 Spartanis
502 2022 654 2061 condita
688 2030 742 2060 est

84 2079 274 2118 Heraclea.
332 2080 443 2117 Conf.
463 2081 652 2118 Mannert.
673 2081 743 2117 VII

83 2149 122 2186 p.
153 2139 248 2177 618.
305 2137 516 2188 Utramque
546 2138 681 2173 urbem
700 2138 742 2173 in

82 2191 209 2228 radice
227 2193 418 2229 montium
447 2195 673 2230 Oetaearum
692 2195 746 2230 si-

85 2255 166 2286 tam
193 2249 306 2286 fuisse
334 2262 356 2286 a
375 2249 534 2287 meridie
562 2263 744 2302 campum

84 2306 308 2343 Maliensem
338 2307 628 2357 attingentium,
677 2308 746 2344 ubi

88 2375 137 2398 ex
165 2360 272 2399 hiatu
301 2362 470 2415 quodam
512 2371 743 2415 perangusto

88 2431 211 2455 unum
240 2422 319 2456 tere
347 2421 496 2461 milliar.
532 2420 742 2472 geograph.

88 2487 111 2511 a
129 2475 296 2512 fontibus
315 2475 666 2529 Thermopylarum
679 2491 746 2515 ca-

87 2530 173 2568 lidis
211 2538 358 2568 remoto
406 2533 543 2571 fluvius
589 2533 747 2586 quidam

87 2587 262 2640 profluit,
292 2601 408 2639 quem
434 2603 502 2640 pro
521 2591 651 2642 Asopo
674 2590 748 2628 ha-

87 2645 170 2682 beri
198 2645 343 2692 volunt,
365 2643 476 2682 docet
495 2646 652 2698 Kriegk.
672 2649 698 2688 l.
719 2649 745 2686 l.

89 2714 178 2752 pag.
199 2703 252 2742 29
268 2714 346 2754 seq.
404 2700 467 2739 Ad
488 2701 600 2740 huius
619 2702 744 2742 hiatus

89 2758 325 2808 ingressum,
368 2770 466 2810 quae
494 2760 533 2796 in
562 2760 665 2810 rupis
695 2759 744 2797 ad

90 2815 278 2853 sinistram
296 2815 402 2854 fluvii
422 2817 657 2867 exsurgentis
677 2829 743 2854 ca-

797 1007 950 1043 cumine
978 1005 1218 1057 reperiuntur
1250 1007 1342 1042 arcis
1363 1005 1453 1041 reli-

797 1065 909 1115 quiae
942 1076 984 1100 ac
1014 1064 1129 1113 paulo
1168 1062 1322 1099 inferius
1352 1063 1454 1098 urbis

794 1122 973 1171 vestigia,
996 1119 1045 1157 ad
1071 1118 1183 1156 hasce
1209 1120 1319 1156 urbes
1339 1119 1454 1170 perti-

793 1190 885 1213 nere
914 1176 1018 1213 idem
1056 1175 1264 1213 contendit.
1296 1198 1348 1203 —-
1378 1177 1454 1212 Pro

794 1228 1010 1283 εὐρύτατον
1024 1234 1065 1268 in
1084 1232 1172 1269 Ald.
1195 1240 1316 1269 exstat
1337 1227 1455 1281 εὔρυ-

792 1286 1030 1341 χωρότατον.
1073 1290 1139 1326 Tu
1159 1289 1259 1325 conf.
1280 1286 1455 1325 Eustath.

795 1345 843 1382 ad
870 1347 1031 1397 Dionys.
1065 1346 1217 1395 Perieg.
1247 1344 1342 1385 414.
1399 1345 1458 1380 De

793 1403 911 1439 verbo
933 1403 1106 1449 πολίζειν
1126 1401 1205 1439 vid.
1225 1408 1323 1438 nott.
1351 1400 1399 1437 ad
1409 1401 1456 1449 V,

799 1462 863 1500 13.
922 1458 1077 1496 Plethra
1099 1460 1234 1509 viginti
1254 1458 1330 1495 duo
1350 1459 1458 1494 mille

798 1528 818 1550 e
845 1523 974 1552 nostro
1006 1522 1190 1566 computu
1217 1513 1324 1560 (vid.
1357 1521 1456 1551 nott.

798 1570 846 1607 ad
875 1573 924 1620 ΙΙ,
960 1571 1057 1620 149)
1095 1571 1303 1608 conficiunt
1338 1570 1459 1608 stadia

797 1628 922 1679 366}
981 1629 1053 1674 Qui
1077 1641 1260 1665 numerus
1289 1640 1379 1664 cum
1409 1628 1457 1664 ab

798 1687 906 1720 omni
924 1686 1005 1721 veri
1023 1685 1148 1736 specie
1169 1683 1380 1732 abhorreat,
1391 1685 1458 1722 vix

799 1739 961 1777 dubium
1001 1749 1067 1788 est,
1103 1754 1276 1792 peccasse
1305 1739 1367 1777 hio
1407 1741 1457 1777 li-

797 1797 961 1845 brarios,
997 1811 1095 1850 quae
1123 1797 1259 1834 eadem
1284 1796 1459 1847 Kriegkii

797 1854 825 1890 l.
846 1855 869 1890 l.
891 1868 929 1905 p.
942 1857 994 1895 26
1015 1862 1069 1891 est
1089 1856 1296 1902 sententia;
1318 1867 1458 1905 quam-

800 1923 916 1962 quam
945 1910 1038 1963 quid
1058 1924 1218 1963 reponas
1241 1912 1282 1947 in
1311 1912 1457 1948 incerto

799 1974 866 2004 est.

856 2022 932 2062 ἔστι
952 2021 1154 2073 διασφοὶξ]
1177 2024 1277 2061 Hinc
1297 2023 1458 2075 profecti

797 2080 975 2117 videntur
1006 2082 1227 2132 Etymolog.
1256 2095 1286 2118 s.
1306 2094 1343 2118 v.
1363 2093 1454 2131 pag.

800 2139 882 2177 270
914 2144 950 2173 et
979 2137 1115 2175 Strabo
1147 2140 1204 2174 IX
1232 2152 1269 2188 p.
1299 2137 1380 2178 656
1408 2138 1458 2177 A.

799 2207 829 2231 s.
841 2192 920 2233 428
934 2194 976 2231 C.
1006 2196 1063 2230 De
1077 2195 1158 2245 ipsa
1177 2207 1270 2232 voce
1284 2190 1458 2241 διασφοὲξ

801 2250 903 2289 conf.
943 2257 1039 2288 nott.
1079 2250 1128 2288 ad
1155 2252 1226 2295 111,
1260 2253 1353 2291 117.
1378 2250 1461 2297 Vn,

800 2309 883 2347 216
914 2314 951 2344 et
976 2306 1024 2344 de
1050 2320 1145 2345 voce
1174 2305 1336 2358 ὖπωρέα
1364 2313 1459 2344 nott.

802 2361 850 2399 ad
869 2364 898 2411 I,
923 2366 1016 2404 110.
1071 2364 1224 2415 Asopum
1257 2377 1305 2399 ex
1324 2364 1460 2400 intimo

801 2421 993 2457 montium
1020 2434 1166 2458 recessu
1197 2420 1462 2471 prolabentem

804 2484 840 2514 et
870 2484 955 2514 octo
976 2477 1185 2514 stadiorum
1208 2477 1408 2514 intervallo
1439 2489 1461 2512 a

803 2532 1157 2585 Thermopylarum
1205 2534 1461 2584 septentrione

803 2592 901 2627 mari
920 2604 959 2627 se
979 2592 1201 2628 miscentem
1212 2591 1332 2641 attigit
1348 2591 1461 2625 Man-

801 2654 898 2684 nert.
917 2648 987 2684 VII
1006 2661 1044 2698 p.
1063 2650 1159 2688 620.
1188 2646 1288 2685 Add.
1310 2648 1460 2684 Wasse.

802 2703 850 2741 ad
870 2702 1051 2755 Thucyd.
1071 2705 1119 2751 11,
1137 2704 1161 2745 5
1181 2711 1216 2740 et
1236 2703 1283 2740 cf.
1303 2700 1461 2752 Kriegk.

800 2761 826 2798 l.
854 2761 880 2797 l.
903 2774 942 2812 p.
972 2759 1040 2800 25.
1073 2763 1140 2801 29.
1173 2761 1219 2797 E.
1242 2761 1295 2796 M.
1316 2760 1362 2800 L.
1381 2760 1458 2795 Ha-

799 2829 887 2868 gen.
935 2817 975 2853 in
1007 2817 1105 2854 Diss.
1141 2815 1188 2853 de
1224 2816 1352 2867 Asopo
1386 2821 1459 2854 etc.

1452 370 1598 411 Traehin.
1609 373 1726 408 Asopon

1509 414 1573 433 aus.
