1806 3181
415 116 500 156 661
841 113 1298 151 HERODOTI

418 218 567 275 οὗτοι,
616 220 719 277 ἡμῖν
757 223 872 265 σιτία
909 223 1328 278 παρακομίζοντες;“
1395 223 1450 265 Οί
1485 221 1565 278 μέν
1592 231 1726 266 νυνῑι

417 291 712 341 κατάσκοποι,
755 288 871 333 οὕτω
900 289 1162 345 θεησάμενοί
1189 307 1233 334 τε
1261 290 1334 334 καὶ
1363 289 1674 346 ἀποπεμφθέν-

417 376 495 412 τες,
527 357 765 414 ἐνόστησαν
801 357 843 409 ἐς
871 357 951 414 τὴν
979 357 1215 414 Εὐρώπην.

261 459 359 504 148
503 450 558 492 Οἵ
586 448 632 492 δὲ
660 448 909 503 συνωμόται
933 446 1151 505 Ἑλλήνων
1180 447 1249 491 ἐπὶ
1269 451 1330 506 τῷ
1368 447 1538 506 Πέρσῃ,
1575 447 1679 504 μετὰ

89 521 214 584 ἓιεὲξὸ
216 530 250 584 {²0
253 526 363 584 5⁰³⁸?
418 516 498 574 τὴν
537 514 787 571 ἀπόπεμψιν
815 520 904 560 τῶν
933 515 1241 566 κατασκόπων
1282 516 1461 570 δεύτερα
1490 517 1680 572 ἔπεμπον

89 589 333 652 -vitatgitatemiw
393 585 472 635 239
497 583 655 640 ’Ἀργος
692 582 916 639 ἀγγέλους.
982 583 1163 639 Ἀργεῖοι
1202 584 1248 627 δὲ
1284 583 1457 639 λέγουσι
1494 583 1546 626 τοὶ
1590 581 1680 628 κατ’
1695 588 1736 623 15

421 649 614 702 ἑωυτούς
642 654 845 706 γενέσθαι
875 646 978 695 ὦδε·
1038 652 1261 695 πυθέσθαι
1293 651 1375 708 γάρ
1408 650 1565 695 αὐτίκα
1590 649 1680 694 κατ’

421 718 552 773 ἀρχὰς
580 718 632 762 τοὶ
652 718 698 762 ἐκ
726 722 810 763 τοῦ
842 719 1069 776 βαρβάρου
1099 719 1350 776 ἐγειρόμενα
1381 719 1449 762 ἐπὶ
1478 719 1558 775 τὴν
1584 717 1682 762 ιἘλ-

391 787 545 831 3λάδα.
584 785 832 841 πυθόμενοι
861 787 920 840 δὲ,
951 788 1022 830 καὶ
1052 786 1266 843 μαθόντες
1289 786 1348 838 ὥς
1369 799 1504 842 σφεας
1525 785 1682 830 oz‘ffl-

423 861 547 911 ληνες
584 854 867 911 πειρήσονται
906 855 1318 911 παραλαμβάνοντες
1355 855 1423 898 ἐπὶ
1461 854 1541 898 τὸν
1571 854 1682 908 Πέρ-

423 935 518 979 σην,
546 923 712 978 πέμψαι
723 921 1003 978 θεοπρόπους
1034 924 1076 974 ἐς
1088 923 1305 978 Δελφούς,
1333 921 1411 966 τὸν
1438 921 1548 966 θεόν
1576 921 1743 965 ἐπει-ΞΟ

423 990 695 1047 ρησομένους
748 991 846 1043 „dig
877 1003 956 1047 σφι
985 991 1128 1045 μέλλει
1159 990 1338 1045 ἄριστον
1367 995 1539 1034 ποιεῦσι
1567 991 1684 1045 γενέ-

422 1064 574 1110 „aem-
621 1060 774 1102 νεωστὶ
813 1058 896 1115 γὰρ
939 1059 1087 1114 σφέων
1119 1059 1331 1103 τεθνάναι
1371 1059 1685 1114 ἑξακισχιλίους

425 1125 537 1179 „find
568 1129 929 1183 Λακεδαιμονίων
958 1129 1030 1170 καὶ
1073 1128 1344 1182 Κλεομένεος
1376 1130 1456 1170 τοῦ
1483 1125 1686 1177 Ἀναξαν-

398 1201 420 1236 4
431 1196 653 1250 ,,δρι’δεω.“

709 1197 846 1238 τῶνδε
893 1194 945 1251 δὴ
990 1197 1133 1238 εἵνεκα
1162 1195 1365 1251 πέμπειν·
1407 1195 1486 1251 τήν
1517 1194 1563 1237 δὲ
1594 1197 1685 1238 Πυ-

424 1265 528 1320 θίην
558 1263 823 1318 ἐπειρωτῶσι
851 1261 1021 1307 αὐτοῖσι
1050 1261 1215 1307 ἀνελεῖν
1244 1260 1368 1306 τάδε·

371 1464 475 1503 773:
508 1460 768 1514 ἐξηρτυμένος
789 1460 896 1515 παροέ
915 1462 1035 1514 Ηρο-

372 1514 475 1572 δότῳ
508 1517 888 1567 κατεσκευασμένος,
923 1535 1034 1569 ητοι-

374 1573 619 1626 μασμένοςί.
642 1589 673 1613 e.
693 1579 866 1624 paratus,
898 1578 1031 1612 anstru-

372 1635 462 1669 εἰπε.
510 1630 612 1671 Add.
632 1631 878 1673 Blomfield,
868 1634 1034 1669 1118108-

374 1700 445 1726 sar.
465 1687 513 1724 ad
533 1686 710 1741 Aeschyl.
730 1687 927 1728 Prometh.
949 1691 1030 1730 736

374 1759 414 1796 p.
438 1746 517 1785 138
537 1745 639 1795 Lips.

433 1822 476 1863 οἷ
485 1821 556 1874 μέν
568 1839 640 1862 νυν
650 1819 893 1864 κατάσκοποι
904 1824 1032 1872 κ.τ.λ.]

378 1881 616 1918 Generosum
635 1882 772 1918 Xerxis
791 1882 936 1918 facinus
951 1894 1034 1917 me-

378 1938 448 1974 rito
462 1938 653 1974 celebrant
670 1939 854 1990 Polyaen.
874 1939 955 1985 VII,
970 1937 1033 1985 15,

381 1997 421 2034 2.
451 1993 645 2034 Plutarch.
666 1996 702 2030 II
718 2008 757 2045 p.
775 1998 852 2036 173
874 1995 929 2042 C„
949 2007 1036 2030 me-

381 2057 627 2102 moraturque
661 2052 783 2088 simile
812 2052 956 2088 facinus
989 2052 1036 2087 P.

381 2105 547 2143 Cornelii
577 2107 762 2157 Scipionis
796 2107 898 2158 apud
917 2107 1037 2158 Poly-

382 2175 467 2200 aen.
488 2163 586 2208 VIII,
613 2165 663 2203 16
681 2165 717 2208 ξ.
739 2168 778 2205 8.
799 2165 935 2215 Polyb.
951 2164 1036 2211 XV,

383 2219 423 2260 5.
448 2220 533 2255 Liv.
562 2220 689 2265 XXX,
712 2222 764 2259 29
800 2222 886 2260 coll,
915 2222 1039 2256 Fron-

382 2276 453 2312 tin.
478 2275 638 2325 Strateg.
672 2274 736 2321 1V,
757 2277 795 2321 7,
816 2279 853 2315 7.
889 2276 1040 2312 Attule-

384 2338 473 2368 runt
499 2329 594 2369 haec
623 2332 851 2382 Wesseling,
884 2339 920 2368 et
947 2332 1038 2369 Val-

384 2386 561 2426 ckenaer.

556 2501 648 2552 Cap.
669 2500 873 2537 cxnvm.

446 2601 500 2641 Of
527 2599 569 2641 δὲ
591 2597 816 2653 συνωμόται
833 2596 1039 2650 ’Ἑλλήνων

389 2656 454 2699 ἐπὶ
476 2660 533 2713 τῷ
559 2656 723 2713 Πέρσῃ]
764 2658 821 2699 Cf.
852 2657 932 2704 Vll,
959 2656 1039 2696 235

392 2715 730 2766 Πελοποννησίων
825 2726 847 2753 σ
857 2729 882 2753 υ
894 2728 917 2753 ν
928 2727 986 2763 ο-μ
997 2727 1041 2751 ο-

1091 1459 1304 1502 σοῖντων
1352 1460 1436 1502 ἐπι
1468 1460 1548 1501 σοί
1584 1466 1621 1499 et
1659 1459 1742 1508 Vll,

1093 1522 1183 1560 132.
1218 1521 1283 1566 ΙΙΙ,
1306 1521 1355 1559 61
1375 1519 1506 1585 ibique
1526 1523 1621 1556 nott.

1138 1572 1233 1625 μετοέ
1259 1589 1333 1626 την
1359 1570 1621 1625 ἀπόπεμψιν,
1652 1567 1746 1612 δεύ-

1088 1646 1235 1681 τε.ρακ
1257 1647 1289 1670 τ.
1313 1632 1346 1668 λ.
1359 1632 1383 1679 ]
1417 1632 1443 1668 i.
1469 1644 1504 1667 e.
1532 1631 1647 1667 messis
1678 1629 1746 1677 [iu

1088 1687 1239 1738 Asiam]
1271 1688 1544 1737 speculatoribus
1560 1690 1632 1723 tum
1650 1698 1747 1723 nun-

1089 1747 1156 1781 tias
1179 1747 1344 1781 miserunt
1363 1744 1488 1792 Argos.
1556 1743 1631 1779 Ubi
1655 1737 1747 1781 δευ-

1089 1816 1179 1853 τεροι
1193 1814 1272 1838 uon
1293 1800 1400 1836 aliter
1418 1800 1497 1836 fere
1517 1805 1631 1851 atque
1652 1793 1748 1848 εἶτα,

1090 1853 1341 1898 ἔπειταοῧτω
1353 1858 1496 1908 aliquot
1507 1857 1630 1894 verbis
1640 1868 1748 1906 prae-

1090 1915 1224 1965 gressis
1260 1914 1410 1950 illatum
1445 1913 1546 1951 valet
1565 1916 1665 1960 tum,
1705 1918 1748 1948 ut

1089 1972 1135 2019 V,
1157 1973 1224 2011 38.
1245 1970 1327 2018 VH,
1357 1972 1449 2010 112.
1482 1971 1574 2010 136.
1597 1970 1660 2009 18.
1681 1970 1747 2009 28.

1090 2030 1265 2079 Namque
1294 2027 1469 2077 πρῶτα
1510 2023 1600 2076 μὲν
1627 2039 1747 2063 κατα-

1094 2080 1269 2130 σκόπους
1297 2082 1496 2134 πέμπουσι
1522 2080 1562 2128 ἐς
1591 2096 1665 2131 την
1684 2076 1748 2119 ’Λ-

1095 2141 1186 2190 σίην
1214 2137 1363 2189 ἄνδρας
1381 2141 1496 2190 τρεῖς,
1525 2144 1569 2175 ut
1595 2138 1648 2174 ait
1665 2137 1747 2186 VII,

1098 2196 1190 2238 146.
1212 2219 1264 2224 —
1293 2194 1357 2231 Ad
1384 2195 1500 2230 verba
1532 2187 1748 2245 πειρήσον-

1094 2267 1158 2290 ται
1194 2246 1574 2303 παραλαμβανοντες
1603 2249 1704 2290 conf.
1716 2252 1747 2300 1,

1094 2311 1162 2349 77.
1183 2308 1263 2355 VII,
1290 2308 1366 2347 139
1397 2313 1434 2343 et
1461 2305 1509 2343 de
1534 2319 1629 2344 voce
1651 2309 1749 2348 θεο-

1093 2359 1249 2416 πρόπος
1268 2369 1364 2400 nott.
1387 2362 1436 2400 ad
1456 2362 1520 2410 VI,
1545 2362 1636 2404 140.

1150 2429 1291 2470 νεωστὶ
1327 2426 1402 2483 γὰρ
1438 2428 1573 2481 σφέων
1597 2423 1747 2471 τεθνοῖ-

1094 2501 1163 2526 ναι
1181 2502 1218 2525 κ.
1240 2501 1272 2525 τ.
1294 2487 1356 2536 λ.]
1406 2487 1560 2538 Spectat
1593 2485 1668 2525 hoc
1698 2485 1747 2524 ad

1096 2555 1162 2591 ea,
1193 2555 1291 2595 quae
1311 2544 1375 2591 VI,
1384 2545 1437 2584 78
1455 2544 1748 2596 seqqmeferun·

1096 2607 1168 2639 tur.
1226 2599 1289 2636 Ad
1316 2600 1480 2637 formam
1510 2599 1748 2652 ἐπειρωτῶσι

1096 2656 1198 2694 conf.
1213 2654 1347 2698 Matth.
1369 2658 1436 2695 Gr.
1456 2657 1523 2696 Gr.
1543 2657 1581 2702 ς.
1606 2658 1697 2704 167,
1718 2653 1745 2695 4

1098 2725 1183 2764 pag.
1206 2711 1300 2754 304.
