1815 3181
408 190 489 228 176

409 306 490 359 „toi
521 304 730 348 ἀνέκαθεν
773 305 972 358 Λαπίθης
1006 319 1049 345 τε
1083 304 1154 346 καὶ
1187 306 1299 345 Kem
1292 304 1410 358 ί·δης

791 184 1258 221 HERODOTI

1452 302 1498 345 ἐκ
1536 301 1581 345 δέ
1620 305 1663 347 οἱ

409 372 592 427 ,,ταύτης
611 375 686 425 τῆς
703 369 910 425 γυναικὸς
939 368 1035 414 οὐδ’
1067 371 1109 422 ἐξ
1131 370 1262 425 ἄλλης
1291 368 1476 420 παῖδες’
1461 372 1669 424 εγίνοντο.

378 438 588 492 &jordan
619 433 680 480 ὧν
710 438 751 488 ἐς
772 438 978 491 Δελφούς
1007 438 1105 489 περὶ
1135 437 1286 492 γόνου.
1318 437 1490 481 ἐσιόντα
1520 438 1566 481 δὲ
1589 437 1662 482 αὖ·
1674 446 1719 480 90

733 503 745 518 (¹

409 508 513 559 ,τὸν
554 507 681 556 ἰθέως
719 522 746 561 η
794 507 944 560 Πυθίη
989 504 1307 560 προσαγορεύει
1355 506 1516 548 τοισίδε
1549 511 1664 550 τοῖσι

410 575 524 617 ἔπεσι
535 589 543 596 ·

487 651 679 693 ,,Ἠετίων,
706 647 808 690 οὔτις
831 661 868 684 σε
893 652 961 685 τίει
991 650 1189 685 πολύτιτον
1218 650 1339 687 ἐόντα.

486 708 645 753 ,Λάβδα
668 706 767 749 κύει,
801 707 895 750 τέξει
920 705 957 741 δ’
984 707 1238 754 ὀλοοίτροχον·

351 930 558 966 Observatt.
589 928 637 966 ad
662 927 885 980 Apollodor.
912 931 940 976 I,
962 931 1000 977 9,

356 989 402 1025 {6
423 999 460 1036 p.
490 987 563 1034 73)
591 986 719 1022 nobile
746 998 890 1021 nomen
915 985 1002 1022 Cae-

349 1055 430 1078 neus
452 1040 702 1091 (Καινεύς),
740 1042 840 1078 Elati
879 1043 1000 1089 filius,

349 1111 464 1149 quem
484 1112 560 1135 una
580 1112 669 1135 cum
681 1097 918 1149 Polyphemo
938 1100 1003 1135 in—

349 1162 406 1190 ter
451 1157 649 1206 superioris
698 1157 826 1192 aetatis
867 1154 1000 1191 heroas

349 1213 483 1248 Nestor
521 1214 665 1249 iuvenis
704 1212 870 1258 viderat,
911 1219 1006 1248 teste

351 1270 505 1305 Homer.
534 1270 578 1305 11.
608 1271 636 1316 Ι,
668 1268 770 1316 264,
807 1270 873 1305 ubi
903 1270 1004 1306 cons.

349 1324 479 1361 Schol.
537 1326 608 1370 Qui
629 1328 797 1362 Caeneus
817 1339 906 1362 cum
924 1327 1005 1376 ipse

348 1380 596 1432 Lapithariun
617 1396 637 1418 e
656 1384 770 1433 stirpe
792 1389 910 1430 esset,
932 1395 1003 1433 ap—

348 1445 455 1488 paret
488 1452 624 1475 vocem
663 1440 860 1490 Καινίὸης
899 1438 1002 1490 apud

350 1494 586 1532 Herodotum
634 1495 682 1532 ad
729 1497 1002 1532 accuratiorem

348 1553 469 1602 stirpis
489 1565 517 1588 s.
539 1553 702 1588 familiae
730 1552 1002 1589 indicationem

351 1622 428 1644 esse
459 1608 638 1646 additam.
694 1611 773 1646 Nec
809 1612 1002 1646 immerito

349 1664 438 1701 hinc
470 1666 646 1716 colligere
684 1666 833 1703 videtur
867 1667 910 1703 C.
955 1668 1000 1703 O.

347 1722 600 1760 Miiller.Dor.
620 1724 637 1759 I
665 1736 752 1774 pag.
773 1723 848 1771 85,
878 1724 1001 1774 prisco

348 1791 396 1814 ex
415 1785 586 1830 tempore
608 1779 778 1816 Corinthi
796 1782 873 1816 iam
889 1781 1002 1817 fuisse

347 1842 476 1884 gentes
505 1837 648 1873 nobiles
678 1844 791 1889 atque
821 1839 1000 1887 insignes,

348 1904 445 1942 quae
481 1893 609 1929 Dorici
647 1896 794 1943 generis
841 1895 1001 1930 minime

350 1949 487 1985 suerint
523 1949 588 1986 sed
618 1950 770 1987 aliunde
798 1951 1002 2000 ingressae.

348 2026 404 2031 —-
442 2006 516 2041 Pro
557 2008 752 2056 Καινίὸης
796 2008 934 2043 Aldina
966 2014 1002 2044 et

350 2060 425 2096 duo
456 2063 590 2098 Pax-iss.
621 2062 732 2099 codd.
772 2065 1000 2114 Καινείδης,

350 2116 452 2167 quod
473 2117 610 2154 arridet
629 2120 799 2169 Apetzio,
820 2134 910 2157 cum
932 2121 1002 2158 de-

348 2172 503 2210 scendat
523 2186 543 2210 a
563 2175 751 2225 prin'iitivo
769 2173 953 2224 Καινεύς.

407 2284 448 2324 ἐκ
477 2285 518 2324 δέ
546 2286 587 2324 οἱ
611 2282 756 2337 ταύτης
781 2303 849 2338 της
867 2304 1002 2339 γυναι-

351 2356 420 2387 κως
447 2357 482 2379 κ.
508 2357 539 2380 τ.
571 2344 627 2390 λ.]
669 2344 882 2380 Dicendum
911 2359 1002 2395 pio-

353 2399 431 2447 prie
452 2398 599 2434 fuisse’
583 2413 625 2436 εκ
638 2399 678 2437 δέ
700 2400 739 2438 οἱ
764 2416 782 2438 υ
796 2397 820 2438 v⁷
833 2401 881 2439 6
868 2416 884 2439 ε
905 2417 999 2440 ταυ-

351 2468 419 2504 της
431 2453 688 2506 τῆςγυναικὸς
705 2451 762 2494 ου’
775 2453 810 2495 6'
826 2457 864 2503 ἐξ
883 2455 1002 2508 ἄλλης

352 2512 488 2556 παῖδες
544 2510 718 2562 ἐγίνοντο
740 2541 750 2558 ,
829 2514 1002 2551 observat

350 2565 659 2616 Schweighaeus.
681 2568 744 2603 Tu
756 2568 830 2605 vid.
854 2569 900 2605 de
914 2583 1001 2606 om-

351 2625 462 2660 missa
483 2625 519 2659 in
552 2624 666 2673 priori
694 2625 866 2661 membro
888 2628 998 2675 parti-

351 2681 435 2715 cula
473 2679 639 2729 negandi
668 2680 802 2717 Manli.
837 2682 902 2717 (arr.
934 2683 998 2718 Gr.

352 2748 438 2785 pag.
473 2739 592 2777 1227.
650 2738 750 2772 Nam
774 2750 902 2773 sensus
923 2745 998 2774 est:

351 2804 455 2841 neque
474 2806 517 2829 ex
541 2793 609 2830 Ιιαι·
630 2793 782 2841 muliere,
814 2806 920 2844 neque
958 2807 1001 2831 ea:

1281 707 1319 744 ἐν
1343 707 1383 744 δὲ
1407 713 1571 746 πεσεῖται

1059 929 1135 967 alia
1160 930 1291 980 prolem
1320 932 1518 982 suscepisse,
1554 952 1610 956 —
1654 927 1719 966 Ad

1059 987 1174 1023 verba
1195 982 1452 1038 ἐστάλη-ἐς
1473 982 1656 1037 Δελφούς
1673 987 1719 1031 (ἰ.

1060 1056 1093 1080 e.
1120 1044 1303 1094 profectus
1332 1048 1383 1081 est
1409 1042 1590 1094 Delphos)
1618 1042 1720 1079 conf.

1057 1101 1205 1148 similia,
1228 1114 1325 1152 quae
1346 1114 1367 1137 e
1398 1102 1586 1138 Pausania
1614 1101 1722 1136 exci-

1057 1163 1113 1193 tat
1143 1158 1301 1194 Siebelis
1333 1157 1381 1194 ad
1408 1159 1438 1205 I,
1461 1160 1487 1197 2
1519 1159 1555 1203 §.
1578 1160 1617 1198 3.
1674 1157 1721 1192 In

1063 1227 1167 1266 seqq.
1191 1213 1313 1261 ἰθέως
1345 1221 1399 1251 est
1421 1216 1600 1261 continuo,
1640 1216 1722 1249 sta-

1063 1272 1145 1318 tim,
1170 1273 1332 1320 protinus
1348 1301 1358 1320 ,
1389 1272 1493 1319 ut11‚
1519 1274 1595 1311 121
1620 1271 1656 1315 ξ.
1679 1272 1721 1310 2·

1060 1328 1124 1374 IV,
1147 1330 1200 1368 68
1222 1328 1324 1364 alibi.

1117 1382 1215 1431 τέξει
1256 1379 1295 1423 δ’
1334 1380 1615 1434 ὀλοοίτροχον]
1663 1383 1722 1419 Ita

1059 1453 1163 1477 nunc
1192 1439 1339 1477 editum
1370 1454 1418 1477 ex
1446 1441 1585 1477 Euseb.
1607 1440 1652 1475 P.
1671 1440 1720 1476 E.

1057 1497 1102 1544 V,
1125 1500 1192 1537 29.
1223 1498 1371 1548 Vulgo:
1403 1498 1501 1545 τέξει
1522 1494 1565 1535 δὲ
1583 1491 1721 1535 ‹ilot-

1057 1569 1076 1591 τ
1090 1569 1111 1605 ρ
1126 1569 1146 1592 ο
1159 1569 1180 1604 χ
1192 1570 1211 1593 ο
1223 1570 1257 1602 v,
1278 1562 1321 1590 ut
1339 1555 1439 1602 VIII,
1453 1554 1518 1600 52,
1539 1554 1606 1589 ubi
1625 1550 1721 1589 haec

1057 1623 1135 1647 vox
1165 1611 1211 1647 de
1239 1610 1424 1662 lapidibus
1455 1611 1618 1647 occurrit
1639 1610 1718 1647 sive

1057 1668 1167 1714 saxis,
1187 1670 1226 1704 in
1239 1667 1386 1704 hostem
1401 1680 1498 1719 quae
1508 1666 1719 1703 demittun-

1057 1730 1119 1760 tur
1139 1731 1252 1776 atque
1273 1726 1537 1761 coniiciuntur.
1568 1724 1614 1759 In
1633 1724 1719 1759 Ho-

1058 1794 1142 1816 mer
1160 1783 1204 1818 Il.
1226 1783 1330 1829 XIII,
1356 1784 1433 1821 137
1461 1781 1564 1817 varie
1595 1792 1722 1829 expo-

1058 1844 1156 1873 nunt
1176 1846 1319 1875 veteres
1339 1838 1600 1874 Grammatici.
1630 1837 1719 1873 Μο-

1060 1892 1109 1930 do
1131 1897 1236 1931 enim
1265 1895 1435 1931 scribtuit
1464 1889 1718 1945 ὀλοοίτροχος

1058 1951 1084 1987 i·
1116 1964 1148 1987 Θ.
1181 1950 1204 1991 ό
1230 1947 1345 1997 ὄλοός
1372 1950 1414 1990 ἐν
1436 1954 1491 2004 τῷ
1518 1949 1666 2002 τρέχειν
1694 1962 1717 1985 a

1058 2020 1153 2044 voce
1201 2004 1347 2072 τρόχος·
1393 2020 1538 2055 ειη-,ειιε
1597 2004 1715 2043 modo

1058 2062 1316 2116 ὀλοοίτροχος,
1337 2065 1362 2100 i.
1377 2078 1410 2100 e.
1427 2063 1447 2103 ὁ
1468 2060 1558 2111 <mog
1568 2077 1717 2130 τροχο-

1060 2119 1168 2171 ειὸής
1187 2121 1252 2160 καὶ
1275 2120 1524 2170 πανταχόθεν
1553 2115 1718 2170 οἷστήρι-

1058 2192 1171 2223 κτος,
1203 2181 1293 2214 totus
1311 2177 1482 2213 rotundas
1511 2179 1544 2213 et
1562 2176 1716 2225 undique

1059 2234 1231 2272 volubilis.
1270 2234 1363 2270 Utut
1383 2234 1518 2284 placet,
1540 2232 1578 2268 h.
1599 2233 1625 2268 1.
1645 2244 1716 2269 co-

1057 2289 1269 2340 gitandum,
1292 2291 1438 2340 opinor,
1462 2289 1507 2326 de
1519 2288 1643 2339 lapide
1653 2290 1716 2325 in-

1056 2348 1162 2397 genti
1181 2360 1224 2383 ac
1233 2347 1368 2383 molari
1386 2347 1517 2393 ferme,
1549 2347 1614 2397 qui
1626 2358 1716 2382 cur-

1056 2403 1176 2439 rendo
1197 2405 1356 2440 conterit
1387 2405 1426 2439 in
1449 2414 1715 2454 quaecumque

1055 2459 1243 2496 inciderit.
1302 2460 1385 2504 Quo
1425 2461 1541 2496 etiam
1570 2459 1714 2495 faciunt

1055 2518 1273 2568 sequentia:
1320 2516 1361 2555 ἐν
1390 2513 1432 2555 δὲ
1465 2518 1638 2554 πεσεῖται
1660 2516 1714 2552 in-

1056 2574 1146 2609 cidet
1168 2575 1204 2610 in
1227 2574 1340 2620 viros,
1373 2573 1439 2609 ubi
1458 2571 1592 2622 lapidis
1614 2573 1714 2607 ima-

1055 2641 1103 2678 go
1133 2631 1327 2666 retinetur.
1363 2630 1463 2665 Hinc
1484 2628 1533 2665 ad
1560 2639 1714 2665 sensum

1055 2685 1160 2722 haud
1195 2686 1294 2722 male
1333 2684 1567 2722 Larcherus:
1629 2683 1716 2730 „ille

1057 2741 1216 2778 ‹feras-era
1239 2743 1299 2779 des
1310 2741 1538 2791 Μοηανιμιεε,
1555 2740 1714 2777 laudans

1058 2798 1223 2834 similem
1243 2797 1579 2835 Plutarchilocum
1599 2810 1619 2833 e
1631 2797 1714 2834 Cat.
