1815 3181
403 194 460 232 6⁰

791 186 1259 223 HERODOTI

407 293 534 355 δρῖδῃ
556 295 801 352 γάρ,ἕχοντι
814 298 1002 350 γυναῖκα
1023 292 1233 351 ἀδελφεῆς
1253 295 1422 339 ἑωυτοῦ
1432 296 1669 350 θυγατέρα,

408 367 481 411 καὶ
495 364 648 419 ἐούσης
668 362 824 418 ταύτης
844 364 887 406 οἷ
897 363 1338 419 καταθυμίης,παῖδες
1362 362 1443 406 οὐκ
1457 363 1668 418 ἐγίνοντο.

378 433 568 478 3τούτου
589 431 635 475 δὲ
662 428 866 473 τοιούτου
887 429 1054 481 ἐόντος,
1085 432 1128 474 οἱ
1159 431 1315 486 ἔφοροι
1340 429 1494 486 εἶπαν,
1524 430 1667 473 ἐπικα-
1680 437 1724 471 95

407 499 634 556 λεσάμενοι
665 496 813 549 αὐτόν,
846 499 935 549 ,,Εἴ
962 514 1030 560 τοι,
1060 498 1115 541 ου’
1143 515 1190 554 γε
1221 501 1416 541 σεωυτοῦ
1446 496 1504 553 μὴ
1532 513 1667 551 προο-

407 575 538 629 ,,ρᾷς,
578 566 676 612 ἀλλ’
715 565 818 623 ἡμῖν
846 564 978 609 τοῦτό
1011 565 1099 609 ἐστι
1127 564 1181 609 ου’
1214 565 1496 620 περιοπτέον,
1541 565 1668 621 γένος

353 780 396 803 ac
406 766 558 817 probus,
579 764 700 801 multa
720 762 885 815 disputat
896 762 1010 799 Hoff-

351 824 504 860 meister
531 823 558 859 l.
578 823 603 859 l.
631 833 720 872 pag.
740 820 808 860 48.
830 819 909 861 134
929 833 1009 871 seq.

351 881 450 916 Eam
482 881 586 915 enim
628 876 908 929 οἷνὸραγοιθίην
946 877 1009 912 ille

351 937 525 974 observat
540 935 758 980 Cleomeni,
779 935 860 971 viro
883 939 1011 970 caete-

351 993 464 1045 roqui
492 993 613 1043 probo
646 991 723 1041 (cf.
742 991 809 1038 III,
835 989 942 1040 148)
973 996 1009 1027 et

350 1051 530 1087 bellicoso
551 1048 732 1099 denegari
744 1049 789 1085 ab
801 1046 1008 1093 Herodoto,

354 1105 459 1159 quod
478 1108 562 1157 pius
582 1106 646 1142 ille
666 1118 746 1141 non
774 1105 909 1151 fuerit,
942 1102 1010 1140 sed

353 1163 516 1200 deorum
532 1162 742 1200 reverentia
753 1162 910 1207 abiecta,
921 1161 1010 1210 plu-

351 1234 394 1257 ra
425 1226 555 1256 contra
586 1231 693 1256 sacra
720 1231 763 1254 ac
783 1218 1011 1266 religionem

350 1277 575 1328 perpetrarit
595 1279 650 1325 (v.
669 1288 703 1312 c.
725 1275 768 1322 V,
782 1276 848 1314 66.
861 1276 930 1314 76.
942 1276 1010 1313 72.

351 1335 420 1374 79.
443 1335 509 1373 80.
535 1332 654 1382 181);
677 1344 726 1367 ex
747 1343 823 1382 quo
843 1331 924 1380 ipso
945 1343 1012 1366 ca-

351 1391 539 1427 lamitates
551 1418 561 1436 ,
590 1390 631 1424 in
652 1401 742 1440 quas
762 1394 847 1438 post
866 1387 930 1423 ille
949 1387 1012 1422 in-

355 1445 509 1494 ciderit,
557 1446 656 1496 patri
695 1443 872 1481 historiae
910 1442 1013 1479 deri-

353 1501 497 1542 vandas
509 1501 707 1540 videri.—
725 1501 829 1537 Infra
839 1501 901 1548 VI,
918 1501 1010 1540 128:
1023 1521 1031 1524 ν

355 1560 578 1610 διεπειρᾶτο
610 1553 743 1598 αὐτῶν
769 1560 839 1609 τῆς
869 1571 908 1596 τε
939 1552 1012 1596 οἷν-

355 1615 588 1668 δραγαθίης.

411 1671 479 1711 καὶ
500 1668 645 1722 ἐούσης
668 1666 812 1721 ταύτης
833 1669 874 1709 οἵ
891 1685 1012 1709 κατα-

354 1729 536 1779 θυμίης]
569 1729 595 1765 i.
617 1742 651 1765 e.
672 1733 704 1766 et
726 1741 803 1765 cum
823 1728 906 1765 haec
924 1739 1012 1764 uxor

354 1787 424 1835 ipsi
450 1789 572 1834 grata,
601 1799 686 1823 cara
708 1789 805 1823 esset.
863 1783 1013 1820 Eadem

354 1842 495 1878 locutio
525 1843 594 1889 IX,
623 1841 691 1883 45.
737 1839 897 1879 -suidas
917 1842 953 1876 II
972 1854 1012 1891 p.

355 1898 460 1939 254:
498 1895 775 1950 καταθύμιον·
807 1892 904 1936 και-οἷ
929 1906 1013 1947 ψυ-

355 1952 443 2005 χήν,
481 1950 705 2005 εὐάρεστον.
752 1957 933 1992 Nostrum
953 1954 1014 1990 lo-

355 2024 445 2048 cum
464 2013 629 2061 respexit
648 2010 822 2048 Eustath.
845 2010 893 2048 ad
903 2009 1012 2046 Iliad.

353 2081 393 2118 p.
417 2067 509 2114 149,
531 2070 584 2108 32
603 2081 632 2104 5.
658 2071 750 2115 113,
775 2070 841 2108 12.
896 2065 1013 2117 Apud

354 2125 518 2160 Pausan.
549 2125 615 2171 111,
647 2127 673 2164 2
701 2125 737 2168 §.
769 2127 795 2163 7
826 2118 900 2159 had
912 2125 952 2159 in
972 2136 1012 2158 re

355 2181 539 2230 legimus:
561 2177 768 2230 (γυναῖκα)
779 2201 835 2206 —
849 2175 1014 2231 α’ρίστην

356 2235 403 2276 τοὶ
423 2233 522 2275 ἄλλα
546 2232 687 2275 οὖσαν.

414 2293 472 2331 Εἴ
507 2307 568 2332 τοι
588 2315 639 2321 —-
662 2292 868 2346 προορᾷς]
901 2291 1013 2328 Conf.

355 2348 490 2387 Matth.
513 2351 580 2387 Gr.
600 2351 666 2387 Gr.
687 2351 724 2395 ξ.
747 2351 826 2389 379
861 2362 899 2399 p.
918 2350 1012 2396 6973

357 2406 406 2443 ad
426 2408 652 2457 particulam
666 2402 777 2452 α’λλᾶ,
800 2418 897 2456 quae
918 2417 1014 2440 con-

358 2465 466 2500 tinuo
495 2466 687 2516 sequitur,
717 2463 874 2508 faciunt,
915 2474 1013 2513 quae

357 2521 397 2556 iu
419 2521 595 2557 Creuzeri
613 2521 758 2556 Melett.
778 2520 831 2554 111
851 2530 939 2568 pag.
961 2520 1014 2558 26

357 2578 585 2615 notavimus.
642 2578 700 2613 De
727 2588 821 2612 voce
842 2574 1015 2625 ἐξίτηλος

358 2633 504 2674 dictum
534 2641 589 2672 est
622 2632 671 2670 ad
699 2634 729 2680 I,
754 2635 799 2679 13
829 2631 913 2669 add.
931 2634 1014 2669 Iso-

357 2697 449 2728 crat.
468 2691 660 2742 Areopag.
684 2691 734 2730 18
754 2690 883 2741 ibique
893 2691 1014 2726 inter-

358 2754 468 2797 prett.
489 2762 528 2798 p.
546 2750 628 2788 277
649 2746 800 2784 Bensel.
821 2744 1011 2783 Themist.

359 2806 477 2841 Oratt.
497 2819 536 2855 p.
556 2803 633 2845 175
655 2804 699 2842 C.
718 2817 748 2842 s.
768 2817 806 2854 p.
829 2803 933 2851 215,
961 2806 1009 2844 17

1065 761 1238 800 Dindorf.
1261 769 1297 799 et
1318 762 1395 814 qui,
1416 762 1726 799 monenteWes-

1066 820 1249 869 selingio,
1290 818 1529 856 Herodotum
1557 820 1726 856 imitatus

1068 882 1143 923 est,
1172 877 1335 926 Procop.
1363 877 1459 912 Bell.
1489 872 1594 912 Pers.
1624 877 1655 923 I,
1682 875 1724 916 5.

1064 933 1113 979 II,
1144 935 1211 973 22.
1231 954 1288 958 —
1335 933 1505 969 Pertinet
1533 944 1624 969 vero
1662 930 1726 968 hic

1064 989 1170 1026 locus
1200 988 1249 1025 ad
1279 1002 1364 1025 eam
1387 987 1619 1040 ephororum
1656 1001 1728 1025 cu-

1064 1058 1168 1093 ram,
1192 1045 1286 1097 qua,
1316 1059 1366 1081 ne
1384 1047 1463 1082 ullo
1483 1044 1601 1082 modo
1621 1046 1727 1095 regia

1065 1102 1354 1139 Heraclidarum
1387 1104 1497 1153 stirps
1547 1114 1724 1139 comma-

1066 1160 1256 1196 cularetur
1285 1166 1350 1196 aut
1377 1160 1632 1210 pollueretur,
1663 1172 1726 1195 se-

1065 1215 1157 1252 dulo
1177 1217 1221 1252 iis
1243 1223 1321 1253 erat
1345 1215 1573 1253 cavendum.
1603 1217 1727 1252 Nam-

1067 1285 1142 1324 que
1169 1273 1315 1322 regiam
1334 1272 1559 1323 dignitatem
1578 1272 1624 1308 ab
1643 1273 1726 1322 ipso

1066 1330 1225 1366 numine
1241 1342 1331 1365 cum
1361 1328 1576 1366 derivarent
1586 1330 1727 1373 Dores,

1067 1392 1109 1422 ut
1128 1387 1226 1422 bene
1250 1387 1400 1422 monuit
1429 1386 1472 1423 C.
1503 1386 1547 1423 O.
1576 1385 1727 1422 Mffller.

1067 1444 1159 1480 Dor.
1179 1444 1215 1478 Π
1234 1457 1273 1494 p.
1298 1445 1392 1482 101.
1413 1445 1492 1483 120
1511 1455 1603 1494 seq.‚
1638 1442 1728 1492 plu-

1068 1500 1156 1535 rimi
1175 1512 1266 1536 sane
1276 1500 1458 1547 interfuit,
1478 1512 1527 1535 ne
1540 1500 1623 1550 quis
1634 1511 1728 1549 spu-

1067 1557 1143 1593 rius
1163 1557 1461 1604 immisceretur,
1492 1555 1559 1593 sed
1577 1557 1726 1605 integra

1067 1626 1219 1664 semper
1248 1611 1342 1650 haec
1378 1625 1471 1663 gens
1498 1619 1611 1664 atque
1630 1624 1726 1662 pura

1068 1676 1111 1707 ut
1145 1677 1443 1707 conservaretur.
1494 1670 1551 1706 Cf.
1581 1667 1726 1706 Herod.

1066 1727 1112 1774 V,
1133 1726 1200 1766 41.
1220 1727 1284 1774 VI,
1307 1729 1373 1766 63.
1429 1725 1542 1763 Unde
1568 1726 1726 1773 factum,

1068 1790 1122 1830 ut,
1144 1785 1211 1834 qui
1231 1784 1379 1830 omnia,
1409 1795 1508 1834 quae
1529 1782 1577 1819 ad
1597 1783 1728 1832 reipu-

1068 1840 1190 1877 blicae
1209 1841 1372 1877 salutem
1392 1846 1457 1876 aut
1484 1838 1532 1876 ad
1562 1851 1728 1889 reguum

1069 1896 1375 1934 conservandum
1393 1896 1584 1943 facerent,
1611 1894 1660 1932 ad
1688 1908 1729 1932 se

1068 1955 1257 2005 pertinere
1297 1954 1441 1991 vellent
1483 1951 1618 2004 ephori
1662 1952 1730 1988 vix

1068 2011 1146 2047 ulla
1174 2012 1307 2061 legum
1334 2011 1374 2047 vi
1401 2008 1686 2059 circumscripti,
1707 2020 1729 2044 a

1069 2068 1220 2116 regibus
1242 2079 1395 2118 quoque
1409 2068 1491 2102 iure
1506 2067 1576 2103 sibi
1596 2071 1729 2115 postu—

1069 2124 1148 2159 lare
1168 2136 1278 2173 posse
1298 2121 1541 2169 viderentur,
1572 2128 1615 2158 ut
1635 2133 1727 2170 pro-

1069 2180 1159 2215 bam
1205 2180 1463 2230 relinquerent
1501 2178 1727 2229 progeniem

1071 2242 1184 2286 atque
1204 2236 1420 2282 robustam,
1452 2237 1494 2271 iu
1525 2247 1619 2287 quos
1641 2246 1728 2271 eos-

1071 2290 1160 2328 dem
1179 2292 1295 2345 igitur
1315 2291 1678 2338 animadvertebant,
1696 2291 1728 2327 si

1070 2361 1176 2385 secus
1205 2348 1393 2386 fecissent.
1460 2350 1541 2395 Ita,
1579 2354 1623 2384 ut
1651 2345 1726 2384 hoc

1070 2411 1156 2441 utar
1193 2406 1392 2456 exemplo,
1447 2404 1727 2442 Archidamum

1070 2462 1302 2511 vituperasse
1350 2461 1529 2499 dicuntur
1580 2459 1726 2512 ephori,

1072 2517 1176 2570 quod
1211 2519 1398 2555 feminam
1435 2517 1577 2556 statura
1612 2517 1727 2554 nimis

1072 2576 1253 2625 exiguam
1275 2575 1463 2623 duxisset,
1493 2573 1597 2612 haud
1618 2574 1726 2610 aliter

1072 2638 1185 2683 atque
1206 2631 1279 2669 hoc
1300 2633 1385 2670 loco
1398 2662 1408 2680 ,
1438 2633 1505 2669 ubi
1524 2643 1655 2681 regem
1675 2629 1724 2666 ob

1070 2689 1199 2725 uxoris
1224 2690 1458 2726 sterilitatem
1493 2686 1725 2738 compellant

1071 2758 1257 2797 emnque,
1293 2759 1454 2783 uxorem
1488 2750 1533 2782 ut
1571 2742 1725 2780 duceret

1068 2802 1193 2839 liberis
1224 2802 1466 2853 procreandis
1498 2801 1618 2852 magis
1637 2797 1725 2836 ido-
