1806 3181
281 165 366 206 818
862 169 1201 207 ADDENDA

504 271 635 316 αὐτὸν,
671 273 721 320 τῷ
753 270 893 318 ἤρεσκε.
925 297 969 302 --
1014 277 1106 311 Idem
1130 277 1256 322 Negris
1286 279 1425 313 verbum
1455 276 1646 323 ἐπιτιμέων
1677 291 1750 324 cap.
1788 286 1805 329 ‘1

501 321 544 354 39
568 319 654 352 idem
678 320 790 353 valere
814 321 885 354 vult
908 327 1013 367 atque
1034 323 1174 368 simplex
1191 324 1316 366 τιμῶν.

281 365 330 398 Ad
359 365 417 406 VI,
441 363 486 399 44
508 376 586 409 pag.
611 366 689 399 283.
739 366 842 399 Urbis
870 369 1017 402 Acautlzi
1036 380 1159 413 paucas
1183 370 1342 414 quasdam
1366 370 1475 404 adhuc
1498 381 1673 414 superesse
1683 369 1751 404 rui-
1790 364 1806 411 ἶ

374 426 377 427 ⁷
501 422 573 450 nas,
599 410 721 454 quibus
746 423 861 446 nomen
889 414 1050 454 llicrisos,
1073 414 1193 448 scribit
1216 415 1410 460 Cousinery.
1436 417 1574 460 Voyage
1601 428 1642 450 en
1677 416 1750 450 Ma·
1795 419 1806 467 Σ,-

501 455 572 488 ced.
596 456 632 488 11
656 467 690 499 p.
721 459 794 492 150.

282 501 330 534 Ad
359 501 415 543 VI,
438 499 483 536 46
508 513 584 545 pag.
610 502 677 536 285
701 501 757 534 lin.
787 504 815 535 1.
840 503 969 547 πρῶτα
991 501 1056 548 μὲν
1079 505 1272 550 respondet,
1294 509 1333 539 ut
1355 511 1494 540 annotat
1509 504 1648 549 Negris,
1672 516 1751 538 ver·
1796 503 1806 542 .,’-

498 546 568 579 bis:
593 544 682 588 μετὰ
710 544 748 580 δὲ
773 548 884 582 τοῦτο
910 560 982 593 cap.
1007 551 1063 585 48.

281 591 331 624 Ad
360 591 420 632 VI,
443 593 488 627 50
512 603 590 634 pag.
615 593 681 626 289
719 593 774 626 lin.
800 595 854 628 12.
902 595 1039 628 Editum
1064 599 1097 629 et
1120 596 1183 629 hoc
1205 596 1277 629 loco
1311 599 1346 629 et
1368 597 1428 637 VI,
1449 597 1495 631 73
1518 597 1642 638 Κρῖος.
1682 594 1752 628 Sed
1788 601 1806 639 ζ

500 637 591 678 vul,
615 639 660 672 92
688 638 789 681 vulgo
814 637 960 681 Κριός.”
989 642 1042 675 Tu
1054 642 1118 675 vid.
1142 641 1187 675 ibi
1198 642 1441 682 nott.-—Quod
1459 642 1558 685 paulo
1583 640 1753 674 antecedit
1786 643 1806 688 ἢ

496 681 585 716 1ῐιι.2
611 680 670 716 ἐπὶ
696 684 797 726 σφίσι
822 682 980 727 ἔχοντας,
1006 687 1129 730 Negris
1146 687 1305 731 explicuit
1324 683 1658 730 ἐπέχονταςαῦτοῖς
1673 686 1751 730 δηλ.
1794 690 1806 734 2

496 728 677 767 τείνοντες
701 727 777 762 κατ’
804 728 939 772 αὐτῶν,
964 729 1102 772 αὐτοὺς
1126 731 1275 776 ἔχοντας
1297 731 1368 777 πρὸ
1404 729 1634 776 ὀφθαλμῶν,
1670 744 1753 766 con-
1794 735 1806 765 ’,ὃ

495 774 569 806 silio
591 775 663 807 scil.
686 774 849 809 laedendi.

280 817 329 849 Ad
353 817 411 861 VI,
436 819 480 853 52
501 831 535 863 p.
559 819 702 854 2901in.
727 820 786 854 ult.
812 821 939 855 Graeci
966 825 1047 855 text.
1075 820 1331 867 ὁμολογέοντες
1355 820 1480 857 οὐδενὶ
1503 822 1637 867 ποιητῇ
1662 834 1694 857 κ.
1716 834 1748 856 τ.

493 866 524 897 λ.
573 865 648 897 Hoc
684 865 853 899 Laconum
884 868 1110 901 testimonium
1146 869 1255 913 poetis
1284 870 1326 902 de
1353 869 1480 913 origine
1502 880 1563 902 sua
1585 868 1668 901 nihil
1689 868 1750 911 ttri-
1793 908 1796 914 .

491 910 663 943 buentium
688 922 726 944 eo
751 913 856 955 magis
880 913 986 946 teneri
1010 914 1081 946 vult
1104 915 1277 948 Heinecke
1301 915 1436 948 Homer.
1459 926 1492 948 u.
1509 914 1661 957 Lykurg.
1673 924 1749 958 pag.

494 956 548 995 19,
572 956 659 1000 quod
685 957 894 991 Graecarum
922 959 1092 992 civitatum
1122 961 1313 994 conditores
1336 965 1370 993 et
1392 960 1604 1004 legislatores
1626 959 1750 993 veteri-
1800 973 1806 1005 ’Σ

492 1001 555 1034 bus
603 1001 712 1045 poetis
762 1014 945 1048 eorumque
991 1005 1193 1039 carminibus
1238 1006 1415 1051 plurimum
1461 1016 1523 1051 pro
1554 1015 1647 1038 more
1686 1003 1751 1037 tri-
1802 1024 1806 1032 .-

490 1046 637 1079 buerint.

276 1089 327 1122 Ad
354 1090 412 1130 VI,
434 1091 478 1126 57
495 1103 573 1136 pag.
596 1093 664 1127 300
689 1092 746 1126 lin.
771 1095 802 1129 1.
850 1093 1023 1139 διπλήσια
1038 1093 1215 1138 νέμοντας
1241 1093 1396 1151 ἑκατέρῳ
1413 1093 1459 1129 τὰ
1477 1091 1602 1129 πάντα
1624 1090 1751 1138 ἢτοῖσι
1802 1115 1806 1135 ,=

498 1134 640 1190 ἄλλοισι
673 1137 918 1182 δαιτυμόνεσι.
970 1141 1021 1174 De
1050 1153 1113 1195 usu
1148 1141 1335 1195 particulae
1367 1139 1394 1185 η’
1425 1140 1626 1194 abundantis
1647 1142 1752 1174 ferme

491 1188 573 1261 fbf-{tl
590 1183 764 1273 §gguggi
785 1185 1752 1278 'ggflzss'axssss‘ssss³222..¹}2221‘·..¹1{1.¹'agahae&

491 1273 633 1317 Epicur.
653 1276 772 1318 fragm.
798 1277 998 1320 (Hamburg.
1027 1279 1131 1321 1833)
1156 1289 1189 1322 p.
1225 1280 1282 1318 32,
1306 1278 1362 1320 qui
1395 1278 1519 1310 hancce
1550 1275 1750 1319 προεδρίαν

493 1330 558 1352 non
582 1320 624 1352 ad
648 1321 815 1354 theatrum
838 1325 979 1364 tantum,
1001 1334 1114 1356 verum
1139 1323 1181 1355 ad
1209 1322 1664 1367 quodcunquespectaculum
1686 1333 1751 1365 pu-

491 1364 614 1397 blicum
644 1366 845 1418 pertinuisse
878 1368 1039 1402 observat
1070 1368 1177 1402 citans
1210 1369 1406 1402 Herodotea
1436 1368 1466 1411 I,
1500 1367 1556 1402 54.
1593 1367 1669 1410 VII,
1695 1367 1749 1401 88.

276 1452 329 1486 Ad
361 1453 421 1495 VI,
457 1409 719 1536 571Xpagg4303
743 1456 801 1490 lin.
829 1459 863 1492 2.
910 1453 956 1501 ἢν
990 1455 1040 1502 μή
1075 1469 1155 1503 περ.
1203 1458 1280 1495 vid.
1313 1460 1482 1503 Hartung.
1514 1458 1537 1491 1.
1564 1457 1586 1491 l.
1611 1457 1710 1491 Tom.
1733 1457 1751 1490 I

492 1511 570 1544 pag.
669 1526 676 1534 .

275 1542 327 1576 Ad
351 1544 410 1585 VI,
434 1547 475 1580 61
500 1557 578 1590 pag.
601 1547 680 1580 309.
725 1547 941 1581 Locutionem
969 1547 1137 1603 ἐπίβασιν
1164 1546 1199 1588 ἐς
1225 1545 1342 1582 αὐτὸν
1373 1545 1590 1591 ποιεύμενος
1619 1547 1668 1582 ita
1697 1547 1748 1581 in·
1803 1598 1806 1602 Ι

491 1596 700 1636 terpretatur
722 1592 869 1636 Negris:
894 1594 998 1638 δίκην
1023 1595 1124 1640 αυτῷ
1149 1591 1304 1638 ἐπάγων.

275 1634 327 1667 Ad
345 1635 401 1677 VI,
427 1638 470 1670 62
493 1648 570 1680 pag.
594 1639 659 1672 311
685 1637 741 1671 lin.
769 1640 821 1673 12.
868 1640 919 1672 Ad
944 1640 1092 1673 voculam
1118 1636 1192 1683 ἄρα
1216 1640 1283 1673 vid.
1309 1643 1394 1673 nott.
1421 1640 1465 1672 ad
1488 1638 1584 1679 VIII,
1608 1640 1642 1673 8.

277 1680 324 1712 Ad
352 1682 410 1724 VI,
437 1684 480 1717 63
506 1694 580 1726 pag.
606 1682 684 1717 314.
733 1683 790 1726 Iis,
815 1695 902 1728 quae
920 1686 962 1718 de
983 1686 1162 1719 Demarati
1178 1685 1309 1718 nomine
1323 1685 1549 1726 disseruimus,
1574 1684 1650 1717 add.
1667 1683 1748 1717 Hei-

493 1728 598 1760 necke
622 1728 777 1771 (Homer.
800 1740 833 1762 u.
858 1730 903 1772 L)
913 1731 1007 1774 kurg.
1030 1742 1062 1773 p.
1087 1733 1109 1766 6
1133 1731 1259 1775 seqq.)‚
1283 1731 1339 1763 ubi
1363 1736 1397 1763 et
1421 1731 1486 1764 alia
1510 1741 1553 1763 ex
1577 1729 1749 1763 Herodoto

492 1773 596 1806 affert
625 1774 757 1807 nomina
790 1775 948 1819 propria,
987 1775 1109 1820 quibus
1141 1776 1281 1809 alicuius
1314 1776 1365 1809 rei
1387 1775 1543 1819 operisve
1567 1780 1686 1808 natura
1710 1786 1750 1808 ac

493 1818 545 1851 vis
568 1819 770 1859 declaratur,
794 1832 826 1853 v.
851 1832 880 1853 c.
908 1822 1109 1854 Dcmocedes
1133 1822 1223 1864 (111,
1248 1822 1357 1864 137),
1394 1822 1548 1864 Oiolycus
1573 1825 1606 1853 et
1623 1821 1749 1854 Battus
1801 1830 1803 1833 ’

491 1863 570 1907 (lv,
599 1867 672 1899 149.
692 1866 799 1909 155),
829 1867 1003 1899 Demonaz·
1029 1867 1103 1911 (lv,
1131 1868 1224 1909 161),
1250 1868 1343 1900 Leon
1355 1867 1450 1909 (VII,
1471 1866 1566 1908 179),
1591 1867 1751 1899 Dieneces

492 1910 585 1952 (VII,
603 1911 701 1953 ο226),
724 1915 759 1944 et
782 1922 862 1944 vero
885 1912 1089 1955 potissimum
1123 1913 1185 1945 hoc
1208 1916 1350 1956 utroque
1367 1912 1609 1956 Spartanorum
1633 1922 1749 1954 regum

491 1956 623 1989 nomine
659 1957 866 2000 Leotychide
901 1961 936 1990 et
969 1959 1156 1992 Demarato
1185 1957 1353 1992 declarari
1373 1957 1445 1992 vult
1476 1957 1583 2001 plebis
1605 1956 1750 2000 gratiam

492 2006 593 2044 atque
617 2001 776 2035 invidiam
800 2002 867 2035 sibi
891 2003 1090 2047 oppositam.

276 2055 326 2088 Ad
353 2056 412 2098 VI,
435 2058 479 2093 65
504 2067 582 2099 pag.
606 2056 673 2090 315
698 2057 756 2091 lin.
782 2059 815 2092 4.
862 2059 929 2092 Pro
945 2054 1065 2102 ’Ἄγιος
1089 2059 1215 2102 Negris
1238 2059 1272 2092 in
1294 2062 1424 2093 textum
1447 2058 1577 2103 recepit
1607 2054 1750 2101 Ἡγησί-

491 2102 571 2134 λεω.
596 2120 640 2126 —-
672 2102 758 2136 Ibid.
783 2103 838 2137 lin.
858 2106 879 2138 9
916 2105 958 2138 ad
984 2117 1100 2138 vocem
1125 2103 1316 2147 Πέρκαλον
1340 2105 1382 2138 ob
1406 2108 1563 2138 accentus
1586 2104 1748 2137 rationem
1802 2105 1806 2107 “

489 2147 578 2179 conf.
614 2147 721 2181 Lehrs
756 2147 808 2182 De
835 2149 1019 2183 Aristarchi
1043 2151 1164 2184 studiis
1187 2162 1264 2195 pag.
1289 2151 1367 2191 274,
1393 2149 1452 2195 qui
1474 2149 1561 2183 idem
1579 2160 1655 2193 pag.
1680 2150 1749 2183 280

489 2192 533 2224 ob
558 2191 697 2226 similem
722 2205 856 2228 causam
873 2196 1001 2229 excitat
1021 2197 1164 2230 Μενίου
1189 2207 1308 2229 nomen
1333 2207 1408 2240 cap.
1432 2196 1474 2229 71
1500 2206 1577 2239 pag.
1600 2195 1668 2229 328
1691 2193 1747 2226 lin.

489 2237 512 2269 2
536 2239 570 2268 et
592 2249 667 2281 pag.
692 2240 756 2273 291
773 2251 891 2273 nomen
914 2238 1141 2284 Ὀνομαστῦς
1167 2241 1226 2283 VI,
1253 2242 1318 2277 127
1342 2253 1376 2286 p.
1402 2239 1470 2275 405
1492 2240 1549 2274 lin·
1573 2241 1616 2275 10
1638 2250 1748 2284 quum

490 2280 575 2314 alias
598 2282 789 2317 inveniatur
811 2282 1052 2329 Ὀνόμαστος.

273 2334 327 2368 Ad
344 2334 401 2375 Vl,
427 2335 470 2370 68
495 2347 571 2380 pag.
604 2338 673 2373 320
695 2339 751 2374 lin.
783 2342 817 2374 2.
866 2343 1011 2376 Verbum
1035 2341 1309 2385 καταπτόμενος
1339 2340 1465 2385 Negris
1503 2340 1746 2385 interpretatur

487 2379 678 2425 μάρτυρας
701 2383 922 2428 ποιούμενος
946 2387 1034 2428 τούς
1053 2401 1090 2422 τε
1117 2385 1248 2426 ἄλλους
1271 2384 1397 2425 θεούς.

273 2435 324 2468 Ad
349 2435 406 2478 VI,
431 2435 480 2471 74
500 2448 578 2481 pag·
602 2440 667 2474 331
694 2441 753 2475 lin.
778 2444 808 2475 1.
833 2444 865 2476 2.
912 2444 1021 2477 Bothe
1049 2445 1090 2478 ad
1116 2444 1252 2488 Homeri
1285 2445 1382 2478 Iliad.
1407 2442 1468 2484 IX,
1493 2440 1561 2478 504
1583 2443 1670 2477 hunc
1693 2442 1746 2475 lo·

490 2494 563 2515 cum
599 2485 750 2520 excitans
783 2487 891 2532 iungit
922 2487 1116 2532 πρόθυμος
1140 2489 1187 2533 ἠν
1212 2486 1379 2533 ἀγινέων,
1402 2489 1450 2523 ita
1473 2492 1510 2521 ut
1532 2488 1745 2534 participium

488 2539 549 2572 pro
572 2529 738 2565 infinitivo
761 2533 908 2577 positum
932 2535 1127 2580 accipiatur.
1153 2555 1197 2560 —
1239 2536 1305 2576 lis,
1329 2547 1417 2580 quae
1439 2535 1473 2567 in
1508 2539 1588 2567 nota
1611 2534 1679 2567 dixi
1702 2534 1745 2567 de

490 2575 681 2610 iuramento
708 2579 844 2623 Stygio,
868 2580 944 2615 add.
968 2581 1103 2615 Homer.
1128 2580 1251 2625 Odyss.
1264 2582 1302 2623 V,
1328 2581 1395 2617 184
1417 2580 1497 2625 ibiq.
1521 2579 1618 2624 plura
1639 2579 1744 2613 disse-

489 2624 616 2654 rentem
634 2622 789 2658 Nitzsch.
810 2636 888 2668 pag.
911 2627 965 2661 30.

276 2671 325 2705 Ad
342 2672 400 2714 VI,
427 2674 470 2710 76
486 2686 565 2729 pag.
589 2678 656 2712 336
670 2678 726 2712 lin.
750 2681 782 2714 2.
834 2682 1007 2726 Tirynthis
1030 2683 1123 2716 urbis
1155 2682 1234 2716 nihil
1255 2683 1363 2717 adhuc
1385 2692 1560 2727 superesse
1582 2679 1742 2722 scribunt,

493 2731 557 2755 nlsl
589 2734 769 2768 murorum,
793 2738 877 2772 quos
900 2729 1088 2774 Cyclopeos
1112 2729 1212 2774 vulgo
1237 2732 1380 2771 vocant,
1402 2728 1617 2763 fundamenta
1638 2730 1741 2771 quae-

1800 2735 1806 2778 ἑ
