1834 3258
428 221 905 261 POLYMNIA.
963 221 1072 260 Vll.

0 340 29 384 0
181 330 471 388 Ποιησάντων
500 331 546 375 δὲ
575 329 745 374 τούτων
773 334 918 383 τοῦτο,
949 329 1054 387 μετὰ
1082 333 1221 374 ταῦτα
1251 329 1357 380 διεξ-

522 399 727 455 Ἡγέοντο
760 399 805 443 δὲ
835 403 1003 454 πρῶτοι
1023 399 1102 455 μὲν
1134 399 1177 442 οἱ
1206 408 1356 442 σκευο-

91 467 229 525 φόροι
257 484 301 511 τε
331 468 405 511 καὶ
433 466 485 510 τὰ
505 466 741 523 ὑποζύγια·
771 466 877 522 μετα
907 467 954 512 δὲ
985 467 1191 518 τούτους,
1232 476 1357 520 στρα-

93 401 161 458 ήϊε
200 398 223 444 ὁ
262 399 457 453 στρατός.

1270 221 1354 261 5οῖ

64 538 171 589 Ξτὸς
199 538 422 581 παντοίων
451 535 616 579 ἐθνέων
646 534 802 591 ἀναμὶξ
813 566 823 586 ‚
861 534 915 579 ου’
945 534 1277 592 διακεκριμένοι.
1307 537 1475 589 τῇ9008ΐ·

91 605 140 649 δὲ
168 602 448 660 ὑπερημίσεες
476 599 604 661 ἦσαν,
635 605 829 648 ἐνθαῦτα
860 606 1137 648 διελέλειπτο·
1184 602 1257 647 καὶ
1302 599 1358 645 οὐ

93 673 357 728 συνέμισγον
386 666 510 715 οὗτοι
540 673 720 728 βασιλέϊ.
781 675 1064 728 Προηγεῦντο
1102 671 1181 726 μὲν
1211 671 1263 727 δὴ
1293 671 1361 713 ἵπ-

63 738 223 785 Βπόται
263 741 414 797 χίλιοι,
463 740 509 784 ἐκ
542 743 751 797 Περσέων
790 740 966 784 πάντων
1006 737 1358 795 ἀπολελεγμένοι·

91 809 196 865 μετα
235 808 299 861 δὲ,
353 810 618 866 αἰχμοφόροι
647 812 800 865 χίλιοι,
840 808 913 852 καὶ
951 801 1075 851 οὗτοι
1104 807 1152 851 ἐκ
1182 805 1360 850 πάντων

91 875 441 933 ἀπολελεγμένοι,
470 878 546 929 τοὶς
575 876 732 934 λόγχας
761 876 877 920 κάτω
909 876 951 927 ές
977 875 1057 933 τήν
1075 879 1158 931 γῆν
1180 874 1359 931 τρέψαν-

63 948 176 997 4τες·
204 944 311 1001 μετὰ
342 946 409 997 δὲ,
451 947 535 1001 ἱροὶ
566 945 759 989 ιΝισαῖοι
788 943 1047 1000 καλεύμενοι
1079 945 1205 987 ἵπποι
1245 943 1362 995 δέκα,

94 1012 479 1071 κεκοσμημένοιώς
509 1013 727 1058 κάλλιστα.
760 1016 940 1057 Νισαῖοι
962 1013 1008 1057 δὲ
1036 1012 1268 1056 καλέονται
1297 1012 1420 1054 vav-96

39 1191 236 1249 στρατόν.]
256 1195 391 1233 Simile
416 1195 508 1249 quid
527 1195 574 1234 de
585 1197 702 1234 Peleo

40 1251 144 1307 epud
162 1252 444 1304 Apollodorum
472 1253 571 1291 tradi
601 1255 703 1291 Bibl.

39 1311 194 1358 111,§.7
218 1317 377 1348 annotat
397 1312 577 1359 Wessel„
599 1311 704 1348 idem

47 1368 258 1416 observans,
296 1369 386 1404 talia
422 1369 464 1404 iu
503 1368 704 1405 foederum

43 1436 197 1476 quoque
215 1425 410 1461 sanctione
439 1424 541 1476 apud
561 1433 705 1463 veteres

42 1482 362 1529 commemorari,
398 1495 473 1533 qua
498 1481 546 1519 de
565 1496 606 1518 re
626 1482 704 1520 vid.

42 1537 252 1588 interprett.
275 1536 322 1574 ad
331 1538 466 1576 Matth.
487 1541 628 1587 XXVI,
640 1542 705 1581 28.

43 1594 171 1645 Atque
209 1592 312 1632 hunc
340 1603 515 1633 veterum
544 1609 705 1642 morem,

43 1663 122 1703 quo
167 1652 353 1689 exercitus
393 1654 492 1689 intra
539 1652 706 1690 hominis

44 1708 143 1745 caesi
164 1721 207 1745 ac
228 1707 337 1746 divisi
365 1717 488 1760 partes
519 1710 707 1761 procede-

44 1771 123 1813 ret,
144 1767 267 1816 tangit
296 1779 450 1819 quoque
473 1768 514 1805 G.
538 1769 582 1809 Ο.
603 1769 707 1804 Min-

45 1821 112 1917 leZ.
135 1821 182 1859 ad
216 1822 396 1875 Aescliyl.
429 1824 636 1862 Eumenid.
669 1839 706 1876 p.

273 1968 366 2020 Cap.
399 1971 483 2007 XL.

107 2043 373 2098 Ποιησάντων
387 2046 429 2088 δὲ
439 2045 710 2098 τούτων]τού-

48 2117 127 2142 των
156 2103 245 2141 dedi
264 2118 332 2156 pro
358 2105 539 2145 τουτέων.
599 2106 710 2151 Quod

49 2162 219 2212 sequitur
237 2164 377 2210 τοῦτο,
408 2162 447 2199 id
472 2176 493 2199 a
522 2162 709 2213 Mediceo,

50 2218 283 2268 Florentino,
305 2220 384 2256 aliis
405 2221 521 2259 abest.

107 2268 277 2326 οἷναμὶξ,
325 2272 374 2315 ου’
398 2274 708 2328 διακεκριμένοι]

52 2330 123 2378 „Si
159 2333 331 2369 abessent
369 2333 561 2371 codicibus
600 2347 713 2372 voees

54 2380 106 2427 ου’
126 2388 427 2440 διακεκριμένοι,
451 2389 517 2428 has
545 2389 593 2427 ad
615 2386 714 2430 οἷνα-

56 2440 123 2494 μὶξ
159 2446 366 2496 suspicarer
409 2449 501 2484 olim
540 2446 715 2486 adiectas.

55 2498 225 2552 Ἀναμὶξ
241 2501 429 2554 Hesychio
453 2506 488 2553 [Ι
509 2517 594 2555 pag.
614 2506 714 2554 332]

59 2557 230 2596 redditur
262 2554 610 2613 οἷναμεμιγμένωςς
639 2575 716 2599 vox

60 2613 266 2666 Sophocli,
300 2614 541 2668 Thucydidi,
582 2619 718 2655 Xeno-

59 2670 216 2723 phonti,
255 2678 313 2708 ter
353 2673 410 2720 [I,
437 2675 528 2714 109.
549 2674 717 2720 V11,40.

60 2728 147 2777 41.]
162 2727 330 2765 adhibita
352 2729 586 2768 Herodoto.“
614 2730 719 2767 Val-

61 2784 183 2823 cken.
255 2787 313 2821 De
337 2799 431 2823 voce
453 2781 597 2836 ἀναμὶξ
618 2787 720 2825 conf.

63 2842 177 2880 etiam
195 2843 353 2880 Lucian.
379 2843 538 2881 Conviv.
571 2845 634 2883 10.

817 1199 868 1251 τῇ
891 1194 933 1235 δὲ
962 1195 1222 1249 ὑπερημίσεες
1248 1189 1354 1246 ἦσαν
1383 1211 1423 1235 κ.

760 1270 793 1293 τ.
833 1254 896 1303 λ.]
940 1254 965 1290 ἰ.
1010 1266 1042 1290 e.
1083 1267 1152 1304 quo
1198 1253 1272 1289 Ioco
1299 1254 1421 1303 copia-

761 1323 839 1348 rum
893 1310 1076 1348 dimidium
1122 1313 1423 1360 praetergressum

762 1372 850 1414 erat,
881 1368 932 1405 ibi
965 1371 1040 1404 erat
1072 1366 1301 1405 intervallum
1337 1367 1425 1404 reli-

763 1429 867 1464 ctum.
927 1426 1006 1460 Nec
1032 1425 1141 1461 aliter
1158 1426 1316 1474 Lange:
1361 1422 1426 1460 W'o

763 1483 845 1519 aber
862 1482 917 1518 die
947 1479 1081 1531 Hz'ilfte
1104 1482 1221 1518 vorbez’
1238 1492 1335 1528 war,
1377 1480 1425 1517 da

764 1551 836 1576 war
856 1542 910 1576 ein
937 1538 1224 1575 Zwischenraum
1250 1537 1426 1586 gelassen,

762 1595 835 1632 und
864 1596 956 1633 diese
984 1594 1106 1632 kametz
1136 1595 1233 1632 nicht
1257 1596 1321 1631 mit
1351 1594 1426 1631 (lem

764 1653 903 1702 Kiinige
947 1664 1159 1689 zusammen.
1216 1650 1279 1688 Ad
1304 1649 1428 1690 διελέ-

764 1713 895 1749 λειπτο
909 1709 1010 1747 conf.
1022 1710 1102 1756 VII,
1116 1708 1180 1749 41.
1201 1731 1253 1735 ——
1264 1709 1309 1744 In
1318 1721 1424 1759 seqq.

765 1774 853 1803 ante
901 1767 1152 1818 προηγεῦντο
1205 1763 1428 1815 Schweigh-

765 1822 949 1860 excidisse
974 1823 1234 1873 suspicabatur
1263 1820 1430 1872 βασιλέϊ,

766 1879 870 1932 quod
905 1892 1024 1931 quum
1054 1879 1110 1916 bis
1138 1878 1316 1928 deinceps
1337 1878 1430 1928 poni

766 1936 966 1983 debuisset,
988 1936 1106 1972 semel
1125 1942 1277 1971 tantum
1287 1947 1429 1985 posue-

766 1995 842 2030 rint
865 1993 1020 2029 librarii.
1078 1991 1270 2043 Equidem
1291 2004 1430 2028 vocem

768 2048 923 2101 βασιλέϊ
940 2048 988 2085 ad
1001 2049 1162 2086 verbum
1182 2050 1429 2100 προηγεῦντο

767 2105 972 2144 commode
1002 2104 1195 2143 subaudiri
1222 2118 1331 2156 posse
1348 2118 1434 2142 cre-

768 2163 871 2200 dam.
911 2163 1007 2213 'Qui
1048 2175 1143 2199 mox
1168 2169 1434 2199 memorantur

767 2221 872 2266 mille
888 2221 1033 2271 equites
1049 2219 1171 2267 electi,
1189 2232 1323 2256 eorum
1333 2232 1433 2270 quo-

771 2291 844 2330 que
865 2278 1025 2323 mentio,
1048 2277 1195 2327 opinor,
1215 2276 1315 2323 VIII,
1340 2278 1434 2316 113.

828 2337 994 2373 Νισαῖοι
1011 2331 1053 2372 δὲ
1082 2331 1286 2372 καλέονται
1316 2331 1434 2371 ἵπποι

771 2389 836 2431 ε’πὶ
871 2390 1012 2438 τοῦδε]
1064 2392 1122 2426 De
1151 2389 1434 2440 praepositione

772 2446 836 2488 ἐπὶ
864 2446 1029 2484 diximus
1061 2446 1109 2483 ad
1141 2447 1206 2494 IV,
1237 2445 1304 2486 45.
1359 2447 1434 2482 Pro

775 2507 940 2544 Νισαῖοι
957 2505 1100 2555 aliquot
1120 2504 1206 2540 libri
1230 2505 1408 2552 Νησαῖοι
1425 2514 1435 2550 3

773 2562 887 2600 male.
945 2563 1047 2597 Nam
1080 2560 1304 2609 intelligitur
1334 2557 1373 2594 h.
1408 2558 1435 2594 l.

775 2630 962 2669 equorum
992 2630 1124 2667 genus,
1159 2617 1223 2667 qui
1240 2621 1435 2665 praestan-

772 2675 905 2712 tissimi
933 2674 1024 2711 olim
1055 2672 1292 2709 habebantur
1320 2677 1435 2721 atque

775 2732 987 2767 etiamnum
1002 2730 1189 2766 habentur
1212 2726 1314 2778 apud
1339 2728 1436 2762 Pcr-

774 2800 845 2833 sas,
866 2786 1019 2833 staturai,
1042 2786 1127 2821 albo
1150 2785 1276 2821 colore
1300 2790 1336 2820 et
1365 2795 1436 2820 ve-

776 2845 926 2881 locitate
955 2843 1144 2893 insignes,
1172 2841 1308 2893 quibus
1328 2852 1434 2890 reges

1415 325 1496 354 Ordo
1514 325 1654 363 agminis,

1415 361 1547 396 Campus
1565 361 1672 388 Nisae-

1413 402 1458 429 us,
1480 403 1625 430 equorum
1637 402 1689 429 ge-

1414 436 1593 455 nerosorum
1613 428 1660 454 se-

1413 464 1483 489 tura
1501 461 1690 488 nobilitatus.

1415 495 1531 523 Currus
1550 494 1614 523 lovi
1625 503 1673 523 sa.-

1422 947 1502 989 530
