1870 3249
375 237 1035 274 TERPSICHORE.
1098 237 1143 272 V.

1316 238 1397 276 117

130 352 232 391 σθαι
273 348 362 388 τῶν
393 345 632 401 Ὁμηρείων
665 344 803 388 ἐπέων
833 346 993 395 εἵνεκα,
1037 344 1102 388 ὅτι
1130 343 1315 399 Ἀργεῖοί
1351 360 1395 387 τε

129 415 200 458 καὶ
228 411 387 468 ’Ἀργος
435 415 487 456 τὰ
524 413 666 456 πολλοὶ
713 411 855 456 πάντα
884 412 1113 467 ὑμνέαται·
1162 415 1292 454 τοῦτο
1335 412 1393 463 δὲ,

128 482 273 540 ἡρῷον
291 480 376 535 γάρ
397 477 452 536 ἦν
472 483 540 524 καὶ
565 482 652 524 ἔστι
674 481 721 524 ἐν
742 477 854 537 αὐτῇ
876 484 927 537 τῇ
950 478 1090 538 ἀγορῇ
1112 484 1200 522 τῶν
1221 483 1393 522 Σικυω-

125 550 232 592 νίων
255 546 492 605 Ἀδρήστου
528 554 606 593 τοῦ
645 552 842 601 Ταλαοῦ,
882 550 1044 605 τοῦτον
1083 548 1329 604 ἐπεθύμησε
1368 546 1391 590 ὁ

70 758 234 808 Sicyone
256 757 391 794 cedere
423 759 565 805 coacti,
597 771 635 794 se
666 771 728 794 re—

68 815 208 865 cepisse
239 827 403 866 eamque
441 816 517 851 suis
547 815 728 851 carmini-

69 872 137 908 bus
156 871 217 907 vel
237 873 360 921 magis
381 872 587 908 celebrasse
603 872 658 907 illi
668 873 729 908 vi-

67 927 217 965 dentur.
274 927 361 965 Vid.
391 926 558 965 Nitzsch.
588 929 647 964 De
667 927 729 964 hi-

67 991 157 1022 stor.
177 985 334 1021 Homer.
355 997 443 1035 pag.
470 983 548 1025 154
568 998 650 1037 seq.

123 1043 202 1080 τῶν
236 1039 458 1093 Ὁμηρείων
496 1038 625 1080 ἐπέων
671 1040 728 1080 εἵ-

67 1098 190 1146 νεκα]
222 1098 307 1144 „Ob
329 1097 514 1145 eandem,
545 1110 644 1149 quae
663 1096 726 1134 hic

66 1154 310 1204 significatur,
333 1167 487 1191 causam
503 1153 640 1191 divinis
653 1153 727 1190 ho—

66 1211 221 1248 noribus
267 1213 484 1247 Homerum
538 1212 728 1262 prosecuti

36 1274 43 1279 '
68 1275 154 1304 sunt
188 1268 343 1318 Argivi3
382 1269 472 1320 quia
509 1269 727 1305 universam

69 1323 225 1375 quidem
235 1326 464 1362 carminibus
476 1326 551 1362 suis
560 1325 728 1361 illustra-

71 1382 122 1417 vit
143 1381 364 1429 Graeciam,
395 1380 507 1432 ἔξοχα
529 1376 562 1420 ὁ’
579 1376 727 1434 Ἀργεί-

71 1452 153 1485 ους,
165 1444 208 1474 ut
228 1444 283 1474 est
302 1439 341 1474 in
361 1439 492 1488 Epigr.
507 1438 727 1475 CDXCVII.

70 1494 120 1530 Τ.
128 1493 553 1532 111.Ana1ectt.B1-uuck.
563 1494 728 1545 p.256.“

72 1550 352 1600 Schweigha
365 1564 414 1589 eu
427 1565 454 1591 s,
513 1550 614 1589 Add.
646 1552 727 1588 Ae-

67 1607 156 1643 lian.
176 1608 223 1644 V.
242 1609 291 1645 H.
312 1609 381 1655 IX,
407 1607 456 1648 15
478 1615 515 1644 et
533 1621 632 1660 quae
653 1609 727 1645 alia

67 1664 190 1701 attulit
208 1663 374 1702 Nitzsch.
414 1666 471 1701 De
492 1663 621 1702 histor.
641 1667 726 1702 Ho-

65 1733 159 1757 mer.
176 1733 263 1772 pag.
280 1720 371 1762 155.
394 1721 611 1759 Herodotea
626 1735 726 1774 quo-

66 1790 140 1829 que
171 1778 292 1828 attigit
324 1777 500 1815 Eustath.
536 1778 584 1816 ad
614 1778 724 1820 Iliad,

66 1846 152 1884 pag.
174 1835 253 1874 288
274 1847 303 1870 s.
325 1837 420 1882 218,
442 1837 508 1875 36.

123 1886 169 1928 τὰ
199 1887 323 1928 πολλὰ
353 1887 483 1929 πάντα
513 1888 723 1941 ὑμνέαται]

66 1948 92 1984 i.
114 1959 148 1982 e.
181 1949 342 1995 quoniam
372 1948 410 1983 in
433 1948 479 1983 iis
511 1948 638 1997 ubique
648 1946 727 1997 fere

67 2015 134 2039 non
161 2003 233 2039 uisi
263 2002 394 2051 Argivi
424 2005 456 2039 et
495 2003 611 2052 Argos
641 2003 727 2040 cele-

67 2059 227 2097 brantur.
312 2060 370 2096 Ita
415 2058 726 2111 Schweighaeus.

67 2115 168 2152 Olim
177 2116 303 2152 minus
322 2116 420 2152 bene
442 2123 478 2153 et
488 2124 619 2153 contra
639 2129 725 2153 me—

64 2172 204 2209 liorum
239 2172 423 2209 librorum
461 2173 725 2210 auctoritatem

65 2225 112 2267 τοὶ
129 2224 256 2268 πολλα
278 2225 456 2267 πάντων.
513 2231 565 2267 At
582 2229 661 2267 vid.
692 2232 723 2278 1,

65 2287 144 2326 203
176 2285 304 2338 ibique
323 2292 420 2323 nott.
450 2284 671 2324 Eustathius
695 2287 722 2325 l.

64 2342 90 2378 l.
129 2339 224 2378 haec
263 2343 378 2379 verba
411 2342 464 2380 sic
494 2342 627 2380 effert:
677 2341 726 2382 τοὶ

64 2395 189 2436 πολλὰ
224 2396 267 2437 ἕν
319 2394 456 2446 αὐτοῖς
484 2397 723 2450 ὖμνοῧνται.

65 2454 176 2499 Quod
219 2467 308 2491 vero
354 2455 536 2494 Valcken.
588 2458 722 2508 reponi

66 2511 145 2548 vult
154 2507 221 2550 διοῖ
231 2507 405 2560 πάντων,
426 2513 451 2549 i.
465 2527 498 2549 e.
507 2526 595 2564 prae
614 2516 721 2551 onmi-

60 2568 146 2615 bus,
178 2574 219 2604 ut
238 2568 302 2615 Vl,
325 2571 392 2609 68.
427 2569 510 2617 VH,
533 2571 600 2610 83.
620 2571 720 2617 vm,

61 2625 127 2664 69.
161 2623 252 2664 142.
272 2625 302 2671 I,
318 2624 391 2670 25,
419 2624 460 2662 id
480 2639 502 2663 a
517 2625 629 2664 codd.
651 2640 708 2664 ve-

60 2680 176 2731 stigiis
194 2681 309 2717 nimis
327 2680 482 2719 recedit.

116 2734 255 2790 ήρῷον
298 2734 374 2788 γοῖρ
406 2731 460 2788 ἦν
485 2736 552 2777 καὶ
576 2736 656 2777 ἔστι
685 2754 720 2777 κ.

64 2794 175 2842 uk]
216 2795 274 2830 De
304 2795 487 2845 particula
522 2791 596 2846 γοῖρ
618 2796 721 2832 conf.

64 2860 159 2899 quae
194 2849 241 2887 ad
275 2851 304 2897 1,
326 2852 365 2891 8.
388 2849 439 2892 24
471 2858 557 2888 sunt
578 2858 721 2888 notata.

786 755 926 810 ἡρῷον
946 757 1076 792 locum
1098 755 1172 792 dici
1194 754 1355 791 heroum
1388 768 1450 791 sa-

787 816 858 850 cris
876 811 1095 849 dedicatum
1111 813 1259 848 monuit
1273 812 1450 849 Creuzer.

785 872 824 906 in
856 870 1032 920 Symbol.
1062 871 1116 905 111
1144 881 1232 919 pag.
1254 868 1308 908 49
1330 882 1450 920 seqq.‚

789 927 854 963 ubi
875 934 912 963 et
933 923 1042 976 ἱερόν
1059 933 1096 962 et
1110 925 1270 976 τέμενος
1289 925 1451 962 subinde

788 984 881 1034 poni
901 981 1006 1019 addit
1019 1012 1028 1029 ‚
1051 995 1289 1035 quamquam
1309 984 1376 1034 qui
1385 995 1451 1019 ac-

785 1041 951 1076 curatius
984 1039 1195 1090 loquuntur
1211 1068 1221 1086 ,
1259 1039 1286 1074 ii
1312 1038 1360 1076 de
1381 1038 1450 1076 diis

784 1097 872 1133 solis
910 1093 1094 1132 adhibent
1130 1096 1292 1132 verbum
1325 1093 1448 1147 ἱερόν.

783 1155 962 1204 Namque
972 1165 1051 1190 vox
1072 1150 1234 1203 τέμενος
1253 1152 1363 1189 latius
1375 1165 1449 1203 pa-

785 1215 838 1246 tet
858 1210 1032 1261 quemvis
1053 1210 1182 1246 locum
1201 1215 1401 1245 exemtum
1414 1217 1451 1246 et

785 1265 858 1303 deo
893 1265 1048 1303 cuidam
1079 1267 1158 1303 sive
1180 1266 1293 1302 sacris
1316 1267 1450 1303 ritibus

786 1322 1019 1360 destinatum
1038 1322 1211 1360 indicans
1227 1334 1236 1358 :
1260 1322 1450 1374 quemad—

784 1379 946 1417 modtun
983 1381 1064 1430 ipse
1096 1378 1314 1416 Herodotus
1353 1380 1451 1416 infra

784 1443 1063 1474 commemorat
1092 1437 1302 1487 Melanippi
1339 1435 1453 1487 τέμε-

786 1509 868 1541 νος.
901 1494 1013 1530 Conf.
1034 1500 1131 1530 nott.
1154 1492 1203 1530 ad
1220 1494 1287 1540 ΙΙΙ,
1312 1492 1405 1534 142.

839 1546 1057 1601 Ἀδρήστου
1069 1553 1146 1590 τοῦ
1167 1550 1344 1598 Ταλαοῦ]
1359 1551 1450 1596 „Sic

785 1606 846 1644 ed.
867 1607 1104 1657 Wesseling.
1128 1607 1450 1644 consentientibus

783 1665 886 1701 libris
900 1694 910 1712 ‚
976 1662 1309 1716 quemadmodum
1348 1663 1450 1715 apud

784 1720 1080 1772 Apollodorum,
1092 1722 1323 1757 Pausaniam
1336 1723 1450 1757 alios-

785 1791 860 1829 que
895 1778 1072 1815 scribitur
1100 1777 1140 1814 id
1167 1790 1327 1814 nomen.
1373 1780 1449 1815 Τα-

783 1829 884 1872 mov
946 1833 1006 1872 ed.
1061 1833 1258 1871 Schaefer.
1308 1845 1449 1870 casune

784 1889 889 1926 haud
910 1889 1036 1927 dicam
1058 1903 1106 1926 au
1138 1889 1334 1936 consulto,
1371 1903 1448 1941 quo

783 1947 855 1983 viri
874 1958 1017 1983 nomen
1035 1945 1290 1996 distinguatur
1309 1946 1357 1982 ab
1378 1945 1448 1982 ad-

783 2004 920 2039 iectivo
935 2000 1090 2049 ταλαὸς,
1111 2002 1215 2054 quod
1236 2002 1344 2039 Valla
1362 2016 1449 2053 spe-

784 2066 953 2096 ctaverat
976 2089 986 2107 ,
1039 2060 1192 2097 Adrasti
1251 2059 1452 2096 calamitosi

784 2123 945 2154 vertens.
965 2118 989 2136 ‘⁶
1062 2115 1446 2164 Schweighaeus.

782 2174 883 2209 Hinc
916 2172 1034 2209 Gaisf.
1067 2185 1111 2209 ac
1137 2171 1321 2209 Matthiae
1346 2181 1447 2210 recte

782 2228 973 2266 dederunt
993 2231 1163 2269 Ταλαοῦ.
1206 2230 1264 2265 De
1285 2228 1447 2267 Adrasto

781 2286 883 2325 conf.
906 2287 1067 2323 Excurs.
1088 2285 1137 2323 ad
1157 2287 1251 2329 I‚35
1268 2298 1356 2336 pag.
1366 2288 1448 2327 890

781 2343 900 2380 Tom.
920 2344 952 2379 I.
1012 2343 1085 2388 Qui
1115 2342 1220 2379 idem
1253 2343 1445 2392 Argorum

780 2412 849 2436 rex
869 2399 1041 2437 Athenis‘
1060 2412 1214 2451 quoque.
1234 2412 1348 2452 suum
1374 2398 1447 2436 ha-

779 2456 861 2493 buit
880 2455 1017 2508 ἦρῷον
1038 2463 1131 2493 teste
1144 2466 1147 2469 ’
1161 2457 1325 2493 Pausan.
1347 2458 1377 2501 Ι,
1393 2459 1446 2497 30

778 2513 845 2551 fin.
874 2519 911 2549 et
932 2526 954 2549 a
972 2513 1259 2563 Megarensibus
1281 2513 1446 2563 accipie—

779 2570 843 2606 bat
870 2568 1035 2607 honores
1049 2583 1059 2617 3
1075 2570 1220 2622 quippe
1233 2568 1335 2620 apud
1350 2581 1444 2620 quos

778 2624 925 2664 Thebis
946 2627 1083 2677 *captis
1132 2625 1257 2662 redux
1304 2625 1444 2662 obiisse

778 2683 908 2728 fertur,
928 2689 1022 2720 teste
1051 2681 1189 2720 eodem
1209 2682 1395 2718 Pausania
1415 2682 1445 2724 Ι,

780 2738 848 2780 43.
904 2739 992 2788 Quo
1025 2740 1140 2776 etiam
1168 2738 1257 2775 facit
1284 2739 1445 2789 Dieuty-

781 2793 911 2832 chides
924 2825 933 2843 ‚
957 2797 1021 2847 qui
1042 2796 1151 2832 tertio
1163 2795 1444 2843 Megaricorum

782 2852 876 2889 libro
903 2851 1054 2889 Adrasti
1085 2849 1356 2902 cenotaphium
1381 2852 1444 2888 Si-
