1806 3181
375 160 461 200 746

348 275 370 308 8
383 272 488 311 σθαι
522 266 666 322 μέλλῃ.

772 158 1231 196 HERODOTI

727 264 785 317 ὥς
822 282 867 309 τε
907 267 967 310 ἔτι
1001 265 1111 320 πρὸς
1138 266 1351 322 τούτοισι,
1381 267 1530 311 πολλοὶ
1549 265 1631 324 ἤδη
1688 274 1768 318 598

374 339 462 379 τῶν
495 332 740 389 μελλόντων
768 331 938 377 τούτων
965 333 1199 385 θύσεσθαι,
1230 337 1458 387 δείσαντες,
1494 337 1631 391 οἴχον·

374 420 424 446 το
455 400 722 456 ἀποδράντες
750 400 792 452 ἐς
818 401 955 458 ἄλλην
981 401 1148 458 χώρην·
1188 402 1351 458 χρόνου
1380 404 1426 447 δὲ
1454 401 1633 458 προϊόν-

373 487 446 521 τος
481 468 621 513 ὀπίσω
653 469 958 524 κατελθόντες,
998 469 1054 526 ἣν
1083 470 1344 514 ἁλίσκωνται
1371 472 1688 523 ἐσελθόντες,30

373 539 417 590 ἐς
454 537 503 582 τὸ
543 537 839 594 πρυτανήϊον,
880 537 940 589 ὠς
968 537 1124 581 θύεταί
1150 554 1207 589 τε,
1238 539 1475 595 ἐξηγέοντο,
1506 540 1630 593 στέμ-

373 618 479 663 μασι
520 609 606 657 πᾶς
647 606 906 659 πυκασθεὶς,
943 606 1017 649 καὶ
1046 604 1106 657 ὦς
1136 605 1219 649 σὺν
1247 610 1399 664 πομπῇ
1428 607 1628 662 ἐξαχθείς.

346 678 518 718 4ταῦτα
549 675 594 717 δὲ
611 674 825 730 πάσχουσι
855 676 896 718 οἱ
918 674 1207 729 Κυτισσώρου
1236 678 1316 717 τοῦ
1349 676 1513 728 Φρίξου
1535 690 1630 717 παι-

375 743 451 794 δός
481 740 712 798 ἀπόγονοι,
743 741 855 786 διότι
885 742 1115 799 καθαρμὸν
1150 746 1226 799 τῆς
1253 742 1395 798 χώρης
1427 740 1631 797 ποιευμέ-

373 827 464 854 νων
489 808 669 866 Ἀχαιῶν
699 810 746 853 ἐκ
776 812 1050 864 θεοπροπίου
1076 809 1323 865 Ἀθάμαντα
1351 809 1430 853 τόν
1452 809 1684 860 Αἱόλου,35

372 880 446 923 καὶ
475 878 718 933 μελλόντων
747 895 822 932 μιν
850 877 1000 930 θύειν,
1030 876 1292 933 ἀπικόμενος
1322 873 1451 928 οὗτος
1481 875 1505 921 ὁ
1536 879 1630 919 Κυ-

371 949 584 1000 τίσσωρος
613 946 655 998 ἐξ
683 947 793 1002 Αἴης
824 949 899 1002 τῆς
927 947 1143 1002 Κολχίδος
1163 945 1402 1001 ἐρρύσατο·
1445 942 1631 1001 ποιήσας

317 1131 490 1179 offerret,
522 1130 717 1181 piaculum
746 1128 850 1182 quod
880 1136 975 1167 esset

317 1189 484 1226 criminis
515 1188 608 1224 olim
635 1187 848 1234 commissit,
897 1199 973 1238 quo

316 1247 386 1283 rite
397 1250 562 1296 peracto,
583 1245 662 1294 ipse
677 1243 839 1280 solemni
858 1255 974 1294 pom-

315 1315 366 1354 pa
387 1315 407 1337 e
426 1301 569 1351 templo
594 1299 829 1337 educeretur.

374 1354 427 1403 τός
466 1372 506 1396 τε
544 1356 598 1396 ε’τι
621 1353 734 1408 (πρὸς
763 1352 969 1404 τούτοισι]

316 1413 549 1452 Gaisfordius
571 1413 803 1449 coniunctim
830 1412 975 1461 scripsit

317 1468 436 1517 ω’στες
477 1469 658 1521 equidem
692 1464 746 1514 ὣς
769 1483 809 1507 τε
849 1468 974 1515 (cuius

313 1529 399 1565 loco
420 1525 622 1563 Bekkerus
641 1521 790 1562 dedit
767 1521 799 1564 ω’
809 1540 828 1571 ς
842 1520 890 1574 τ’)
911 1538 976 1561 re-

314 1585 434 1621 tinere
455 1584 574 1620 malui
594 1595 684 1618 cum
703 1582 973 1631 Wesselingio‚

316 1642 382 1693 qui
397 1642 494 1677 bene
509 1639 642 1687 docet,
680 1636 732 1685 ὥς
753 1639 974 1675 continuare

314 1697 377 1735 hic
393 1698 650 1734 narrationem
662 1697 739 1733 τῶν
757 1689 974 1745 κατηγεμό-

315 1769 421 1802 νων,
455 1766 552 1805 quae
573 1752 757 1802 incipiens
775 1751 898 1788 verbis
920 1765 974 1797 ως

327 1806 505 1861 Αθαμας
531 1825 567 1848 κ.
589 1824 622 1848 τ.
644 1811 692 1853 λ.,
720 1821 815 1845 mox
833 1820 974 1858 perga—

315 1874 377 1904 tur
406 1867 529 1904 verbis
559 1864 620 1912 ὥς
649 1864 691 1904 ἐκ
720 1865 973 1915 θεοπροπίου

315 1938 351 1963 κ.
365 1938 394 1962 τ.
405 1926 453 1971 λ.,
479 1936 522 1960 ac
545 1920 577 1962 ὦ
590 1937 610 1968 ς
635 1917 666 1960 τ’
687 1920 741 1961 ἔτι
760 1918 862 1971 πρός
879 1916 975 1960 τού-

314 1992 417 2019 τοισι
438 1981 555 2032 (quae
575 1979 740 2015 formula
768 1979 883 2014 etiam
903 1977 973 2014 ob-

314 2038 376 2074 via
403 2038 469 2085 ΙΙΙ,
504 2036 570 2077 65.
606 2037 674 2083 ΙΧ,
700 2033 808 2084 110)
840 2047 883 2071 ac
905 2032 974 2070 de-

315 2093 432 2144 nique
463 2108 523 2138 ως
559 2089 702 2131 θύεταί
730 2105 792 2130 τε.
815 2113 867 2119 --
896 2091 972 2127 Pro

314 2147 486 2188 τουτέων
515 2149 642 2199 scripsi
673 2143 839 2186 τούτων.
910 2145 973 2183 Ad

316 2206 551 2243 locutionem
592 2203 830 2242 οἷλίσκωνται
865 2202 973 2242 εσελ-

318 2259 462 2308 θόντες
487 2260 588 2297 conf.
608 2266 704 2296 nott.
726 2259 774 2295 ad
797 2262 826 2305 Ι,
848 2262 943 2299 209.

376 2316 429 2364 τός
455 2313 598 2355 θύεταί
625 2329 678 2363 τε,
710 2314 912 2366 ἐξηγέοντο
933 2330 971 2353 κ.

315 2389 349 2413 τ.
373 2375 426 2423 k]
456 2374 652 2411 structura
681 2372 857 2409 orationis
885 2383 972 2407 ma-

315 2432 374 2481 gis
424 2443 578 2467 sensum
629 2441 745 2481 quam
792 2439 970 2464 numeros

316 2488 581 2538 grammaticos
592 2486 752 2536 respicit,
773 2485 803 2521 si
814 2483 970 2536 quIdem

317 2543 544 2580 antecedens
574 2543 718 2593 plurale
745 2537 970 2586 ἐσελθόντες

318 2601 457 2651 excipit
476 2601 665 2650 singulare
691 2613 745 2644 ως
770 2593 913 2636 θυεταί
929 2610 969 2635 τε

316 2659 407 2702 πᾶς.
465 2658 544 2693 Nec
563 2663 690 2693 tamen
712 2655 801 2691 talia
822 2654 970 2690 insolita

317 2726 396 2749 esse
417 2714 537 2765 quivis
566 2711 762 2750 concedet.
802 2709 971 2749 Verbum

317 2766 519 2822 ἐξηγέοντο
549 2770 589 2806 in
635 2768 763 2806 media
802 2767 971 2805 oratione

1028 1131 1327 1202 interpositum,
1313 1137 1384 1178 est,
1411 1129 1614 1180 respiciens
1635 1127 1684 1165 ad

1029 1186 1256 1225 antecedens
1314 1180 1447 1239 ἔλεγον
1465 1208 1522 1213 ——
1551 1182 1684 1236 λόγον,

1030 1243 1134 1296 quod
1152 1245 1264 1281 nimis
1294 1251 1486 1281 remotum
1505 1241 1567 1278 hic
1579 1242 1686 1293 quasi

1027 1302 1221 1351 repetitur.
1253 1303 1331 1346 πᾶς
1356 1297 1573 1349 Schweigh.
1595 1311 1684 1335 cum

1030 1358 1145 1397 Gaisf.
1166 1359 1268 1407 prius
1289 1357 1475 1393 intellexit
1495 1356 1684 1405 unusquis-

1032 1426 1118 1463 que,
1148 1420 1279 1463 postea
1307 1425 1397 1451 vero
1429 1414 1469 1449 in
1488 1414 1585 1449 Lex.
1605 1413 1688 1448 He·

1030 1469 1114 1508 rod.
1136 1471 1271 1506 maluit
1300 1483 1390 1507 cum
1413 1468 1598 1506 Valcken.
1621 1480 1689 1505 ac-

1031 1527 1155 1577 cipere
1175 1530 1294 1564 totum.
1342 1527 1415 1572 Qui
1433 1525 1538 1563 idem
1548 1523 1686 1565 Valck.

1030 1583 1078 1619 ad
1105 1596 1217 1620 voces
1247 1581 1435 1634 στέμμασι
1464 1580 1688 1627 πυκασθεὶς

1030 1638 1179 1689 (infulis
1200 1637 1393 1690 coopertus)
1424 1639 1585 1675 conferri
1604 1638 1687 1675 vult

1028 1696 1190 1732 similem
1205 1696 1437 1732 locutionem
1455 1692 1626 1745 Euripid.
1645 1694 1686 1729 in

1027 1753 1167 1789 Alcest.
1196 1754 1277 1792 796
1308 1752 1394 1788 coll.
1433 1748 1685 1788 Demosthen.

1028 1810 1068 1845 in
1087 1808 1179 1848 Mid.
1199 1822 1237 1858 p.
1255 1810 1336 1849 332
1359 1809 1425 1858 [p.
1448 1808 1543 1856 531,
1563 1810 1588 1848 6
1617 1806 1684 1856 R·]

1028 1866 1066 1903 T
1068 1863 1226 1905 heom-it.
1245 1865 1292 1912 ΙΙ,
1316 1865 1410 1906 153.

1086 1921 1127 1961 οἷ
1152 1916 1408 1973 Κυτισσώρου
1436 1921 1510 1958 τοῦ
1532 1919 1686 1972 Φρίξου

1028 1975 1169 2025 παιδὸς
1199 1973 1415 2029 ἀπόγονοι]
1465 1975 1575 2013 Idem
1615 1975 1686 2026 Cy-

1028 2037 1151 2072 tz'ssori
1193 2047 1336 2070 nomen
1375 2031 1477 2099 apud
1504 2032 1685 2083 Apollon-

1028 2090 1213 2139 Rhod.11,
1230 2092 1336 2132 1159
1358 2097 1395 2127 et
1410 2092 1449 2126 in
1470 2088 1619 2127 scholiis
1635 2086 1684 2124 ad

1026 2150 1075 2197 ΙΙ,
1100 2147 1220 2189 1125.
1276 2146 1392 2198 Apud
1412 2147 1589 2184 Strabon.
1608 2144 1685 2181 ΧΠ

1027 2219 1066 2256 p.
1097 2205 1178 2246 544
1212 2203 1276 2242 fin.
1297 2217 1327 2244 s,
1364 2205 1444 2243 820
1492 2197 1684 2252 Κύτωρος

1027 2268 1184 2298 vocatur
1214 2267 1251 2297 et
1279 2257 1380 2309 apud
1409 2256 1631 2309 Apollodor.
1651 2257 1682 2305 Ι,

1026 2320 1066 2365 9,
1099 2321 1118 2356 1
1169 2316 1236 2352 fin.
1285 2314 1530 2364 Κυτίσωρος.
1610 2312 1681 2352 Cr.

1027 2373 1189 2410 conferri
1208 2372 1312 2408 iubet
1330 2369 1474 2421 Ephori
1501 2370 1681 2420 fragmm.

1026 2443 1064 2480 p.
1089 2430 1181 2469 198.
1239 2427 1424 2465 Herculem
1452 2439 1520 2478 pro
1556 2427 1683 2477 Cytis-

1025 2497 1123 2531 soro,
1146 2485 1210 2536 qui
1218 2483 1489 2520 Athamantem
1501 2483 1681 2529 liberarit,

1024 2548 1135 2579 vocat
1169 2539 1300 2578 Schol.
1340 2538 1533 2591 Aristoph.
1579 2539 1680 2576 Nnb.

1025 2598 1117 2639 256.
1131 2619 1188 2624 ——
1207 2596 1317 2642 Quod
1336 2598 1506 2650 sequitur
1524 2599 1681 2647 καθαρ-

1027 2651 1102 2705 μόν
1127 2654 1335 2693 ποιεῖσθαί
1363 2669 1452 2692 τινα
1483 2658 1538 2690 est
1565 2653 1679 2689 sacri-

1016 2712 1144 2762 ficium
1176 2711 1410 2761 expiator-ium
1447 2705 1677 2760 (piaculum)

1026 2767 1167 2806 reddere
1193 2768 1360 2820 aliquem
1396 2765 1563 2818 indeque
1588 2775 1677 2800 eum
