1834 3258
543 220 846 258 ERATO.

906 224 975 259 VJ.
1318 230 1401 270 337

297 324 466 371 ἐξελάσῃ,
490 326 552 362 καὶ
575 329 690 369 κῦδος
711 327 750 364 ἐν
778 328 985 375 Ἀργείοισιν
1011 330 1159 378 ἄρηται,

295 381 433 423 πολλὰς
456 381 618 427 Ἀργείων
643 384 905 433 ἀμφιδρυφέας
933 389 1017 425 τότε
1040 389 1173 436 θήσει’

293 435 344 479 (ὅς
368 437 460 473 ποτέ
483 453 537 481 τις
562 439 653 486 ἐρέει
676 444 739 479 καὶ
763 444 1016 491 ἐπεσσομένων
1043 445 1270 493 ἀνθρώπων,
1414 455 1429 486 1

292 494 416 536 δεινὸς
436 493 524 541 ὄφις
542 498 739 544 τριέλικτος
762 500 929 540 ἀπώλετο
950 505 1056 549 δουρὶ
1076 506 1290 550 δαμασθείς.

101 568 285 608 4Ταῦτα
323 563 376 620 δὴ
415 564 558 610 πάντα
600 571 870 616 συνελθόντα
908 579 1023 617 τοῖσι
1049 572 1278 630 Ἀργείοισι
1315 577 1396 634 φό-

128 634 211 687 βον
237 637 427 688 παρεῖχε
472 636 544 678 καὶ
576 635 628 692 δή
661 650 741 692 σφι
768 640 878 694 πρὸς
913 646 1048 685 ταῦτα
1086 642 1203 695 ἔδοξε
1233 649 1294 702 τῷ
1323 647 1396 702 κή-

127 715 228 753 ρυκι
259 704 349 743 τῶν
378 705 596 758 πολεμίων
624 709 827 760 χρᾶσθαι.
867 708 999 761 δόξαν
1020 709 1065 753 δέ
1094 723 1185 765 σφι,
1217 713 1422 758 έποίευνὸ

127 765 320 811 τοιόνδε·
353 768 464 821 ὅκως
496 769 520 813 ὁ
550 773 832 832 Σπαρτιήτης
861 776 999 832 κήρυξ
1032 782 1326 835 προσημαίνοι
1354 799 1395 825 τι

125 837 526 892 Λακεδαιμονίοισι,
551 840 725 884 ἐποίευν
744 844 817 886 καὶ
840 847 884 887 οἱ
899 844 1081 902 Ἀργεῖοι
1094 846 1235 891 τωύτὸ
1248 853 1391 893 τοῦτο.

123 970 274 1016 ὁκοῖόν
301 989 343 1016 τι
373 974 397 1017 ὁ
429 975 635 1032 σφέτερος
670 978 806 1034 κήρυξ
842 982 1064 1040 σημήνειε,
1101 985 1390 1042 παραγγέλλει

121 1052 201 1095 σφι
232 1040 338 1084 ὅταν
368 1042 540 1100 σημῄνῃ
567 1044 590 1088 ὁ
632 1045 767 1102 κήρυξ
794 1050 1022 1094 ποιέεσθαι
1053 1051 1253 1107 ἄριστον,
1292 1054 1387 1099 τότε
1404 1066 1445 1096 10

119 1105 423 1165 ἀναλαβόντας
461 1112 514 1154 τὰ
557 1110 691 1167 ὅπλα,
736 1117 915 1172 χωρέειν
950 1118 992 1169 ές
1022 1119 1125 1170 τοὺς
1152 1118 1384 1177 Ἀργείους.

89 1182 260 1219 Ξταῦτα
288 1178 362 1221 καὶ
392 1178 554 1235 ἐγίνετο
586 1181 778 1228 ἐπιτελέα
806 1185 853 1228 έκ
890 1189 979 1229 τῶν
1007 1190 1383 1245 Λακεδαιμονίων.

116 1244 299 1301 ἄριστον
337 1246 422 1304 γάρ
459 1249 759 1306 ποιευμένοισι
794 1258 906 1296 τοῖσι
947 1252 1173 1310 Ἀργείοισι
1214 1258 1263 1303 ἐκ
1301 1265 1384 1304 τοῦ

58 1428 108 1452 ex
128 1416 314 1455 Herodoti
333 1423 720 1475 narrationeplanum

56 1485 137 1509 non
159 1481 226 1512 est.
285 1476 476 1521 Quorsum
497 1482 601 1518 enim
623 1477 719 1522 ὅταν

55 1527 85 1579 ἦ
104 1526 250 1579 θήλεια
268 1529 339 1573 τὸν
354 1532 502 1587 ἄρσενα
521 1534 718 1590 νικήσασα

51 1579 282 1641 Ἐξελοῖσῃ.“
308 1591 515 1630 Praeterita
532 1602 620 1632 sunt
634 1596 718 1632 Te-

51 1642 194 1680 lesillae
233 1644 465 1686 documenta
503 1652 651 1688 virtutis
677 1659 715 1690 et

51 1699 276 1749 prudentiae
288 1731 305 1748 2
346 1707 484 1757 quibus
519 1715 712 1747 matronas

49 1756 304 1808 Argivorum,
350 1770 395 1799 ut
431 1766 563 1802 sumtis
599 1768 712 1804 armis

48 1813 185 1850 urbem
224 1824 488 1868 protegerent,
530 1822 711 1859 Cleome-

47 1881 216 1922 nemque
238 1880 275 1909 et
292 1875 516 1914 invadentes
549 1879 709 1929 Sparta-

46 1937 117 1962 nos
137 1929 364 1978 repellerent
377 1961 387 1977 ,
411 1934 616 1983 animavit,
638 1949 710 1986 pe-

46 1981 162 2019 tenda
193 1997 243 2022 ex
281 1987 469 2026 Pausania
507 1991 563 2038 II,
613 1993 708 2032 20.“

47 2038 159 2076 Conf.
181 2041 224 2078 C.
246 2042 290 2079 Ο.
311 2044 460 2083 Miiller.
476 2047 569 2084 Dor.
590 2049 709 2098 Ipag.

47 2097 152 2140 173,
183 2098 249 2134 ubi
277 2112 434 2138 omnem
462 2100 562 2140 hanc
582 2106 710 2142 Hero-

46 2149 126 2188 doti
145 2153 342 2193 historiam
364 2157 613 2209 dicitmiram‚
635 2174 707 2199 nec

43 2208 113 2244 sibi
147 2223 359 2262 congruam
398 2216 458 2252 vel
491 2230 559 2265 eo,
601 2217 706 2270 quod

41 2266 155 2314 primi
184 2271 328 2307 oraculi
355 2285 506 2321 versus,
537 2287 633 2326 quos
655 2274 703 2312 ad

41 2333 124 2358 rem
154 2326 348 2374 quandam
373 2337 543 2380 spectare
562 2339 701 2382 pateat,

39 2389 119 2415 non
153 2383 402 2432 explicentur.
467 2387 562 2424 Inde
594 2388 701 2426 idem

40 2437 212 2486 quaerit,
243 2451 339 2477 num
369 2440 399 2492 ἦ
420 2440 566 2494 θήλεια
585 2446 700 2483 forsi-

41 2496 103 2527 tan
127 2492 174 2528 ad
195 2495 383 2534 Iunonem
414 2507 570 2550 spectet.

93 2549 275 2597 κῦδος-
294 2550 462 2604 ἄρηται]
494 2558 698 2596 Homerica

37 2602 177 2642 locutio
192 2636 201 2654 ‚
225 2620 322 2659 quae
343 2611 442 2648 valet
462 2613 617 2661 gloriam
639 2628 696 2653 re-

33 2665 193 2711 portare,
225 2666 388 2715 auferre3
431 2667 478 2705 de
509 2683 584 2721 qua
612 2671 690 2708 vid.

37 2717 225 2756 Duucanii
260 2723 391 2762 Lexic.
421 2737 442 2761 a
474 2727 579 2764 Rost.
612 2727 696 2764 edi-

38 2778 121 2811 tum
147 2777 165 2812 1
192 2790 231 2828 p.
261 2779 328 2820 42.
387 2781 473 2818 Vox
489 2779 695 2835 α’μφιὸρυ-

38 2827 120 2880 φής
148 2832 328 2885 (undique
359 2837 557 2887 laceratus,
598 2840 693 2878 lace-

92 2888 313 2929 Hsnonor.
334 2895 401 2931 111.

775 1439 855 1465 ram
876 1432 1002 1467 vestem
1022 1430 1173 1482 gerens)
1196 1439 1234 1470 et
1252 1435 1333 1485 ipsa
1353 1436 1437 1473 Ho-

773 1497 927 1522 merum
940 1485 1088 1526 redolet
1102 1518 1112 1538 ,
1143 1491 1249 1528 cuius
1269 1492 1371 1530 conf,
1391 1494 1436 1530 Il.

772 1542 822 1590 Π,
844 1544 940 1583 700.

829 1598 1067 1650 τριέλικτος]
1115 1602 1141 1641 i.
1180 1617 1213 1643 e.
1248 1604 1436 1655 tripliciter

772 1656 980 1693 convolutus
995 1661 1139 1707 anguis.
1197 1661 1315 1711 Apud
1341 1663 1435 1700 Sui-

771 1710 861 1748 dam
880 1714 917 1749 11
934 1727 974 1764 p.
995 1715 1077 1756 588
1105 1729 1155 1752 ex
1173 1718 1350 1770 Eunapio
1375 1720 1434 1756 af-

769 1768 889 1806 fertur
923 1771 1285 1822 μυριέλικτος,
1327 1776 1432 1827 quod

769 1827 980 1876 explicatur
1008 1828 1286 1879 πολυέλικτος,
1316 1833 1432 1869 item-

767 1894 842 1932 que
862 1882 1078 1934 τριέλικτον
1108 1881 1220 1938 ὕδωρ
1249 1900 1298 1924 ex
1329 1891 1431 1926 anti-

768 1951 844 1987 quo
865 1941 1141 1990 epigrammate
1163 1950 1200 1980 et
1215 1943 1431 1994 τριέλικτον

767 1991 865 2041 ὄφιν
889 2009 908 2031 e
928 1997 1055 2033 Nonn.
1075 1999 1234 2052 D1'0nys.
1254 2002 1330 2046 IX,
1345 2002 1429 2044 256

767 2052 890 2088 attulit
909 2053 1142 2105 VVesseliug.

821 2106 982 2148 ἐποίευν
995 2110 1061 2149 καὶ
1074 2112 1116 2150 οἱ
1131 2106 1309 2165 Ἀργεῖοι
1320 2109 1427 2153 τωὐ-

762 2160 805 2202 τὸ
843 2167 987 2214 τοῦτο]
1058 2168 1164 2213 Quae
1179 2198 1188 2216 ‚
1237 2176 1281 2207 ut
1318 2178 1426 2208 notat

761 2221 1006 2273 VVesseliug.,
1048 2226 1236 2276 copiosius
1275 2236 1425 2266 enarrat

759 2278 948 2330 Polyaen.
977 2282 1007 2330 Ι,
1033 2281 1084 2322 14
1114 2283 1201 2320 coll.
1222 2284 1418 2325 Plutarch.

758 2335 795 2370 Π
812 2349 852 2386 p.
873 2339 969 2378 223.

909 2426 1017 2478 cap.
1037 2429 1250 2467 Lxxvffl.

810 2503 959 2556 ἐγίνετο
1000 2505 1202 2557 ἐπιτελέα]
1269 2508 1418 2562 ἐγίνετο

755 2573 845 2596 cum
867 2563 983 2599 Gaisf.
1015 2563 1102 2600 dedi
1122 2578 1191 2615 pro
1211 2567 1315 2617 vulg.
1338 2566 1416 2618 ἐγέ-

754 2631 864 2666 νετο,
887 2619 991 2671 quod
1012 2623 1149 2658 retinet
1175 2623 1415 2659 Florentinus

752 2673 858 2711 liber.
918 2676 981 2713 Ad
1002 2676 1175 2717 ἐπιτελέα
1196 2679 1295 2716 conf.
1317 2686 1415 2716 nott.

753 2730 801 2767 ad
820 2732 886 2779 111,
912 2735 977 2774 16.
1034 2735 1128 2771 Mox
1146 2733 1329 2774 ἐπεκέατο
1345 2748 1413 2773 va-

751 2787 823 2824 let:
868 2791 1032 2839 impetum
1053 2790 1188 2840 secere,
1249 2794 1414 2840 aggressi

751 2847 856 2887 sunt,
884 2852 928 2881 ut
959 2847 1058 2892 VIII,
1090 2845 1156 2886 84.
1187 2848 1256 2895 IX,
1276 2851 1343 2889 22.
1364 2849 1410 2896 V,

1450 399 1531 440 474

124 902 307 947 Μαθών
343 906 390 949 δὲ
431 906 454 951 ὁ
485 908 733 966 Κλεομένης
773 917 1006 966 ποιεῦντας
1041 916 1146 967 τούς
1173 915 1391 973 Ἀργείους
1450 929 1507 956 ΡΗ
1526 920 1627 950 ‘¹⁰¹¹¹¹1¹
1646 923 1691 950 fu‘

1449 957 1555 997 disset,p
