1897 3249
399 174 1055 213 TERPs1cnoRE.
1114 175 1158 211 v.
1242 147 1246 151 ’
1416 175 1444 212 5,

182 285 310 336 δοὺς,
347 283 523 327 πάντων
552 282 817 337 ἀνθρώπων.

179 353 208 408 ἢ
236 351 418 407 φρονέοι
443 350 551 395 κατὰ
570 348 733 404 τωύτό,
766 349 935 406 ἄμαχόν
964 349 1003 394 τ’
1037 349 1092 393 ἆν
1111 352 1199 406 εἴη,
1229 350 1302 392 καὶ
1330 353 1439 392 πολ,-

178 425 240 475 λῷ
278 419 511 474 κρατιστον
549 418 726 461 πάντων
765 418 952 471 ἐθνέων,
990 417 1102 462 κατὰ
1138 416 1320 474 γνώμην
1357 417 1438 474 τήν

355 486 464 530 α’λλά
504 504 588 543 γαρ
625 491 755 530 τοῦτο
786 486 955 541 ἄπορόν
993 499 1071 568 σφι
1109 487 1182 529 καὶ
1215 481 1595 542 ἆμήχανον35ωἰι1ἷιε
1618 494 1722 522 vanua

718 556 798 598 εἰσὶ
841 554 894 611 δὴ
925 554 1034 598 zotto}
1062 558 1193 598 τοῦτο
1223 553 1438 604 ἀσθενέες.

149 487 299 543 Ξέμήν.

174 554 234 612 μή
264 571 362 598 κοτε
390 557 440 599 ἓν
467 557 664 611 γένηται·

896 283 907 298 Ί
965 283 977 296 ἱ
1027 281 1039 296 Γ
1081 281 1092 296 2
1129 282 1142 296 Ρ
1185 281 1194 295 ἱ
1256 280 1278 294 11

870 298 907 325 ει
937 284 982 326 δε
1011 298 1073 325 vn:
1122 298 1219 333 ενος
1250 298 1439 337 αρχοιτο,

1496 537 1514 555 V
1518 536 1615 556 lrlum.

146 622 418 678 3οὕνόματα
465 623 510 667 δὲ
555 622 694 667 πολλοὶ
729 623 875 678 ἔχουσι
918 623 1027 666 κατὰ
1064 621 1209 678 χώρας
1247 622 1438 665 ἕκαστοι·

175 691 354 748 νόμοισι
393 693 439 735 δὲ
492 686 619 735 οὗτοι
655 693 996 748 παραπλησίοισι
1035 691 1193 741 πάντες
1233 689 1440 746 χρέωνται

175 759 284 804 navo?
303 759 477 818 noima,
505 758 619 816 πλὴν
649 759 840 813 Γετέων,
871 760 944 803 καὶ
980 763 1223 814 Τραυσῶν,
1253 758 1324 802 καὶ
1355 761 1442 799 τῶν

118 937 160 972 in
178 937 346 987 Europa,
366 949 493 986 neque
515 935 555 971 in
576 935 666 971 Asia
687 935 784 971 resi-

117 1000 216 1030 stere
234 1007 344 1044 posse
365 992 482 1029 addit.
533 992 638 1037 Quae
661 1004 783 1043 quum

119 1049 344 1087 Herodoteis
355 1050 544 1087 contraria
556 1048 678 1085 videri
687 1061 781 1099 pos-

116 1108 203 1154 sint,
224 1106 435 1144 tenendum
456 1112 510 1142 est
521 1104 781 1142 Herodoteam

118 1162 329 1200 Thraciam
368 1161 625 1214 Thucydide&
656 1163 779 1199 multo

118 1221 344 1271 ampliorem
362 1221 562 1272 magisque
578 1226 776 1256 extensam

118 1279 276 1327 cogitari
297 1277 435 1314 debere
457 1277 505 1313 ob
528 1289 635 1323 eam,
657 1289 778 1328 quam

119 1333 167 1370 de
204 1336 288 1371 Istri
317 1348 429 1372 cursu
468 1335 605 1370 Noster
643 1331 779 1370 habuit

118 1391 361 1441 opinionem,
405 1392 540 1428 falsam
560 1403 672 1437 sane,
710 1389 778 1427 sed

118 1447 194 1499 qua
225 1449 368 1485 factum
399 1455 475 1495 est,
504 1454 547 1484 ut
567 1445 778 1484 Thraciam

115 1505 180 1541 ille
209 1507 330 1542 multo
360 1506 539 1551 ulterius,
573 1517 690 1556 quam
714 1518 777 1540 re-

116 1575 204 1598 vera
230 1563 322 1609 fuit,
363 1563 661 1613 septentrionem
688 1574 777 1597 ver-

115 1632 177 1655 sus
197 1627 440 1669 promoveret
460 1620 654 1670 ipsiusque
675 1619 777 1669 Scy-

106 1673 208 1712 thiae
247 1675 473 1728 quadratam
504 1676 575 1712 sibi
610 1674 771 1725 fingeret

105 1733 294 1781 formam,
341 1732 389 1769 de
419 1732 493 1784 quai
526 1731 692 1768 diximus
722 1730 772 1768 ad

102 1790 166 1836 IV,
200 1792 267 1830 99.
315 1790 374 1826 Cf.
410 1788 646 1826 Dahlmanu.
682 1789 708 1825 l.
743 1789 770 1826 l.

107 1858 194 1895 pag.
218 1849 284 1888 88.
325 1845 510 1883 Niebuhr.
540 1844 770 1882 Vermischt.

116 1900 271 1939 Schrist.
299 1915 387 1953 pag.
421 1904 513 1942 157.
552 1903 646 1942 359-
713 1903 772 1937 De

118 1956 220 1994 Indis
241 1959 342 1995 conf.
363 1960 428 2006 ΙΠ,
450 1958 503 1998 94
524 1959 654 2009 ibique
674 1964 770 1994 nott.

173 2043 268 2098 μετά
287 2063 330 2099 γε
345 2043 529 2095 Ἰνδούς]
563 2048 709 2084 Vocula
728 2061 772 2098 γε

115 2118 136 2141 a
157 2106 350 2141 nonnullis
380 2105 483 2141 libris
515 2104 640 2151 abest3
670 2105 771 2140 male

114 2161 201 2198 mest
237 2161 395 2214 quidem
438 2162 638 2198 sententia.
695 2162 771 2197 Pro

114 2216 272 2270 ἄρχοιτο
294 2220 332 2254 iu
346 2217 537 2255 Sancrofti
552 2231 594 2255 ac
605 2216 772 2254 Vindob.

114 2276 209 2312 libro
239 2277 429 2312 invenitur
460 2270 645 2325 ἆρχοίατο
677 2274 772 2323 (Ιο-

114 2345 325 2369 nummore
346 2345 414 2383 pro
430 2329 643 2384 ἅρχοιντο),
666 2330 771 2383 quod

114 2388 253 2426 arridet
280 2390 561 2439 Wesselingio,
593 2396 635 2425 ut
656 2390 772 2424 etiam

112 2442 141 2496 ἢ
168 2445 378 2497 φρονέοιεν
403 2447 495 2483 olim
514 2446 627 2482 fuisse
647 2446 772 2496 suspi-

114 2510 240 2550 cetur,
288 2517 377 2540 cum
404 2504 566 2539 minime
602 2501 773 2539 offendat

113 2559 341 2611 praecedens
375 2559 494 2607 ἔθνος
522 2561 574 2596 ita
602 2560 770 2611 positum

114 2624 155 2654 ut
173 2619 239 2665 ΙΙΙ,
268 2619 368 2657 113:
410 2613 453 2656 τὸ
485 2614 527 2656 δὲ
555 2615 688 2668 ἕτερον
709 2614 770 2667 γε’-

110 2689 180 2720 νος
199 2676 277 2712 τῶν
297 2670 672 2725 ὀΐων-φορέουσι.
693 2675 770 2709 Nos

110 2732 344 2783 reliquorum
364 2729 476 2768 codd.
507 2731 771 2768 auctoritatem

110 2789 225 2825 secuti
247 2788 474 2825 retinuimus
495 2785 667 2840 ἄρχοιτο.
688 2788 772 2824 Eu-

838 934 996 972 stathius
1013 934 1062 971 ad
1080 935 1240 986 Dionys.
1253 935 1401 983 Perieg.
1416 935 1496 973 523

837 990 933 1029 haec
953 993 1006 1028 ita
1027 991 1156 1028 affert:
1190 987 1253 1030 διδ
1284 989 1352 1029 καὶ
1381 984 1497 1040 Ἡρό-

839 1050 953 1095 δοτος
964 1047 1066 1100 λέγει
1080 1044 1174 1094 τοὺς
1188 1042 1349 1114 Θρᾷκας
1362 1044 1497 1085 ἐθνῶν

839 1104 1022 1172 μέγιστον
1059 1119 1154 1156 μετα
1197 1101 1292 1150 τούς
1325 1098 1495 1148 Ἰνδούς.

837 1163 891 1214 ἡν
911 1160 954 1201 δὲ
979 1158 1055 1210 dvi,
1087 1159 1212 1213 φησι,
1246 1158 1315 1199 καὶ
1343 1157 1497 1210 ἄμαχον

834 1217 903 1258 καὶ
937 1215 1170 1271 κράτιστον,
1219 1214 1290 1257 {dv
1322 1214 1404 1255 vad
1437 1214 1498 1255 ἑνὶ

836 1271 1012 1315 ἐτάττετο
1059 1272 1222 1327 ἄρχοντι
1259 1270 1288 1325 ἦ
1333 1270 1498 1324 έφρονει

835 1330 935 1372 κατὰ
963 1329 1007 1371 τό
1043 1328 1153 1371 αὐτό.
1198 1353 1248 1359 ——-
1299 1329 1362 1367 Ad
1384 1330 1498 1367 verba

836 1388 1002 1439 φρονέοι
1031 1386 1130 1428 nato?
1165 1383 1295 1427 τωύτό
1328 1387 1428 1424 conf.
1449 1387 1494 1434 V,

835 1450 913 1487 72:
964 1442 1012 1485 τοέ
1052 1442 1153 1484 αὐτοὶ
1205 1439 1495 1495 φρονήσαντες,

832 1504 862 1550 I,
899 1507 966 1544 60.
994 1504 1040 1550 V,
1064 1506 1157 1543 117.
1190 1503 1277 1538 coll.
1297 1502 1378 1548 vu,
1406 1503 1496 1541 102.

832 1562 890 1597 De
910 1561 1101 1611 particulis
1136 1555 1233 1597 ἀλλὰ
1252 1555 1327 1610 γοῖρ
1348 1559 1388 1594 in
1411 1570 1495 1607 pro-

832 1618 938 1653 xime
959 1630 1065 1669 seqq.
1085 1617 1237 1653 monuit
1270 1613 1405 1651 Matth.
1428 1615 1494 1650 Gr.

833 1676 899 1711 Gr.
920 1687 1009 1725 pag.
1034 1673 1154 1714 1243.
1198 1674 1292 1709 Mox
1313 1672 1361 1709 ob
1383 1683 1496 1722 prae-

827 1733 1056 1768 stantiorum
1104 1729 1218 1767 codd.
1266 1741 1494 1766 consensum

827 1802 896 1839 pro
920 1786 1133 1840 ἐγγένηται,
1155 1794 1197 1822 ut
1209 1787 1325 1836 vulgo
1337 1787 1489 1835 legitur,

829 1843 1073 1881 exhibuimus
1091 1844 1136 1882 ἓν
1167 1841 1348 1896 γένηται,
1389 1840 1494 1892 quod

828 1902 984 1950 vulgato
1018 1901 1154 1936 melius
1182 1897 1363 1935 iudicavit
1392 1899 1494 1933 Mat-

829 1957 950 2003 thiae,
984 1958 1102 1992 citans
1133 1953 1327 1992 Schaefer.
1349 1954 1492 2005 Appar.

828 2012 1079 2050 Demosthen.
1107 2014 1141 2048 ΙΙ
1176 2024 1264 2062 pag.
1301 2014 1378 2052 321
1413 2024 1493 2062 seq.

829 2070 1067 2106 Infinitivum
1097 2065 1217 2115 εἶναι,
1263 2081 1381 2119 quem
1410 2074 1494 2118 post

828 2128 945 2164 verba
974 2122 1073 2164 κατοὶ
1103 2121 1236 2164 πάντα
1264 2124 1310 2161 de
1342 2138 1409 2161 suo
1431 2125 1493 2160 iu—

828 2191 990 2221 truserat
1008 2181 1258 2229 Schaeferus,
1290 2195 1379 2218 cum
1409 2181 1493 2217 libri

831 2248 980 2292 praeter
1000 2253 1126 2276 unum
1157 2239 1349 2276 Saucrosti
1381 2237 1490 2274 codi-

829 2311 928 2344 cem,
951 2311 1017 2350 qiu
1038 2296 1216 2333 exhibet
1206 2294 1271 2334 καὶ
1292 2293 1338 2334 to?
1359 2291 1491 2333 πάντα

830 2351 933 2394 εἶναι
973 2351 1101 2403 πλην,
1152 2354 1262 2389 ilhun
1300 2353 1337 2402 ib
1317 2358 1489 2399 ff,norent

829 2412 1006 2458 exstinxi,
1026 2417 1234 2461 praeeunte
1263 2408 1489 2446 Gaisfordio.

885 2498 991 2551 πλήν
1005 2498 1166 2547 Γετέων,
1190 2498 1256 2538 καὶ
1276 2498 1485 2549 Τραυσῶν]

825 2561 884 2596 De
904 2560 1005 2597 Getis
1030 2556 1109 2595 vid.
1143 2563 1239 2593 nott.
1268 2555 1315 2593 ad
1337 2556 1398 2602 IV,
1421 2557 1488 2595 93.

831 2616 984 2661 Transi,
1017 2627 1110 2665 gens
1141 2612 1338 2650 Thracum
1356 2642 1364 2656 ,
1395 2618 1487 2648 teste

825 2674 934 2709 Livio
974 2671 1191 2716 XXXVIII,
1231 2670 1280 2710 41
1297 2701 1306 2714 ,
1357 2669 1486 2718 procul

828 2728 944 2766 dubio
957 2736 1043 2766 sunt
1067 2728 1217 2765 accolae
1239 2727 1342 2762 fluvii
1359 2724 1485 2771 Trauz',

828 2787 934 2823 cuius
955 2786 1099 2822 mentio
1113 2783 1243 2831 fitVn,
1262 2785 1351 2824 109.
1375 2782 1485 2819 Cous.

1498 300 1575 327 gens
1590 291 1722 331 omnium

1498 334 1640 353 numeros
1637 324 1755 355 issima,

1498 359 1554 386 sed
1570 359 1601 385 in
1623 359 1726 394 plures

1500 393 1597 420 dixisa
1622 392 1750 428 populos

1496 435 1608 466 parum
1625 434 1749 453 coucoi

1498 463 1571 494 des,
1600 459 1732 495 ideoqun.
