1851 3181
408 227 494 267 506

812 227 1283 266 HERODOTI

407 335 601 391 ,,θυμός·
632 336 681 388 ὃς
709 336 871 394 χρηστὰ
905 336 985 392 μὲν
1013 335 1219 390 ἀκούσας,
1261 339 1436 392 τέρψιος
1459 337 1675 393 ἐμπιπλέει

378 403 488 456 3,,τὸ
531 408 676 460 σῶμα·
715 406 958 450 ὑπεναντία
999 405 1045 448 δὲ
1066 404 1264 449 τούτοισι
1302 405 1516 459 ἀκούσας,
1548 405 1675 450 ἀνοι-

408 472 533 526 ,,δέει.

594 473 666 518 ὅτε
697 475 777 530 μέν
806 491 891 518 νυν
919 472 1079 529 χρηστὰ
1107 472 1310 530 ποιήσας,
1342 474 1465 528 ἕτερα
1493 478 1676 518 τοιαῦτα

408 539 716 596 ,,έπηγγε’λλεο,
767 541 1034 598 εὐεργεσίῃσι
1063 542 1240 596 βασιλέα
1272 540 1325 586 οὗ
1362 541 1597 598 καυχήσεαι
1626 541 1730 585 15-75

406 609 754 665 ,,περβαλέσθαι’
784 611 874 654 ἐπεί
901 626 945 653 τε
975 610 1020 653 δὲ
1052 610 1094 660 ἐς
1124 608 1172 653 τὸ
1204 608 1511 666 ἀναιδέστερον
1541 607 1674 665 ἐτρά-

407 693 539 730 ,,πευ,
559 677 640 735 τήν
668 679 747 735 μὲν
777 677 902 736 ἀξίην
932 677 986 721 ου’
1018 676 1231 733 λάμψεαι,
1259 677 1424 722 ἐλάσσω
1455 678 1501 721 δὲ
1521 681 1597 734 τῆς
1626 674 1673 720 ἄ-

379 747 402 784 4
414 746 545 801 „gins-

604 746 651 790 σὲ
689 746 766 802 μὲν
799 746 882 803 γὰρ
917 747 989 791 καὶ
1030 745 1137 803 τούς
1165 746 1365 801 τέσσερας
1384 749 1474 789 τῶν
1502 746 1674 789 παίδων

408 812 583 868 υῥύεται
625 813 677 857 τὰ
708 815 864 865 ξείνια·
904 819 985 860 τοῦ
1017 815 1062 858 δὲ
1093 815 1208 868 ἑνὸς,
1238 819 1319 858 τοῦ
1348 813 1562 870 περιέχεαι
1592 810 1670 867 μα’-
1683 818 1729 852 80

378 885 572 934 5,,λιστα,
590 886 644 939 τῇ
674 887 791 939 ψυχῇ
822 884 1092 939 ζημιώσεαι.“
1145 881 1222 933 Ὡς
1251 882 1297 926 δὲ
1325 886 1463 926 ταῦτα
1499 881 1672 935 ὑπεκρί-

405 965 530 1002 νατο,
563 950 720 994 αὐτίκα
739 949 900 995 ἐκέλευε
914 957 1025 996 τοῖσι
1040 949 1352 1007 προσετέτακτο
1375 953 1511 994 ταῦτα
1531 947 1671 1005 πρήσ-

407 1029 520 1070 σειν,
561 1022 651 1062 τῶν
691 1021 870 1063 Πυθίου
899 1022 1070 1064 παίδων
1099 1017 1357 1072 ἐξευρόντας
1377 1017 1455 1062 τὸν
1483 1015 1671 1074 πρεσβύ-

405 1101 557 1138 τατον,
588 1088 721 1142 μέσον
752 1090 998 1142 διαταμεῖν·
1030 1086 1321 1143 διαταμόντας
1351 1087 1418 1140 δὲ,
1449 1086 1502 1129 τὰ
1525 1085 1670 1141 ἡμίτο-

405 1170 466 1209 μα
497 1155 728 1207 διαθεῖναι,
760 1153 807 1198 τὸ
837 1155 915 1211 μὲν
943 1155 1015 1199 ἐπὶ
1044 1155 1161 1207 δεξιὰ
1193 1159 1267 1211 τῆς
1295 1155 1431 1207 ὁδοῦ,
1459 1152 1508 1197 τό
1530 1154 1578 1197 δὲ
1605 1152 1668 1197 ἐπ’

405 1218 631 1277 ἀριστερά·
657 1223 731 1267 καὶ
760 1222 897 1280 ταύτῃ
930 1223 1132 1276 διεξιέναι
1160 1222 1238 1267 τὸν
1267 1223 1468 1279 στρατόν.
1682 1228 1726 1263 85

345 1414 540 1467 Aristoph.
577 1417 652 1456 Av.
675 1421 797 1461 1310.
825 1442 875 1448 —
929 1421 1004 1456 Pro

343 1471 538 1512 τουτέοισι
558 1474 737 1526 equidem
757 1490 847 1513 cum
869 1475 1005 1513 Matth.

345 1527 503 1566 exhibui
521 1529 692 1572 τούτοισι
715 1561 726 1580 ,
755 1540 798 1571 ut
829 1534 915 1571 libri
942 1535 1005 1570 iu-

343 1586 486 1624 bebant
508 1588 729 1627 Herodotei.

404 1649 596 1706 α’νοιδὲει]
610 1658 636 1695 i.
660 1671 692 1694 e.
704 1659 914 1706 intumescit,
930 1660 1004 1696 ira-

342 1713 467 1749 scitur.
526 1713 652 1751 Citant
671 1715 922 1751 Homericum
944 1715 1004 1754 οἰ-

344 1765 481 1808 δοῖνειν
498 1770 544 1807 Π.
571 1772 640 1818 ΙΧ,
663 1772 766 1820 5504
806 1771 910 1808 unde
930 1771 1004 1809 hoc

343 1826 425 1876 ipso
469 1827 654 1865 Herodoti
693 1829 777 1865 loco
818 1829 1004 1866 Stobaeus

344 1881 500 1920 exhibet
522 1879 758 1924 εἷνοιδαίνει.
801 1886 904 1922 Alibi
922 1888 1005 1922 No·-

342 1946 418 1976 ster
438 1939 533 1978 dixit
563 1940 707 1981 οἰδέειν
733 1943 800 1989 ΙΠ,
819 1945 888 1983 76.
912 1945 1005 1987 127,

342 1996 409 2033 ubi
436 1996 513 2035 vid.
540 2005 637 2036 nott.
665 2021 721 2026 —
762 2000 807 2035 Iu
827 2011 933 2052 seqq.
955 1998 1005 2036 ad

342 2053 578 2091 locutionem
607 2052 682 2106 τὴν
713 2052 785 2107 μὲν
813 2051 932 2105 α’ξίην
953 2057 1002 2093 cf.

341 2110 406 2157 IV,
428 2113 505 2150 201
530 2113 659 2163 ibique
680 2119 776 2149 nott.
794 2119 829 2147 et
855 2113 901 2150 ad
922 2113 1003 2149 for-

342 2178 448 2202 mam
479 2164 656 2218 λάμψεαι
686 2167 820 2205 Matth.
846 2171 912 2206 Gr.
935 2171 1000 2208 Gr.

341 2235 429 2274 pag.
442 2220 535 2265 472.
556 2223 604 2264 τοὶ
616 2225 741 2272 ξείνια
761 2233 848 2263 sunt
867 2226 1002 2276 epulae,

341 2291 483 2317 munera
515 2281 726 2333 hospitalia,
767 2290 809 2319 ut
839 2282 1004 2320 diximus

342 2334 391 2372 ad
411 2337 491 2384 VII,
513 2340 580 2378 27.
638 2340 696 2374 De
728 2339 1004 2388 significatione

340 2393 446 2429 verbi
475 2392 731 2446 περιέχεσθαι
749 2395 825 2433 vid.
847 2403 943 2432 nott.
957 2395 1005 2432 ad

340 2451 404 2498 111,
428 2450 494 2490 53.

395 2508 470 2545 τοῦ
495 2503 538 2545 δὲ
560 2502 771 2562 ἑνὸς-τῇ
790 2509 904 2562 ψυχῇ
935 2509 1001 2558 ζη-

339 2558 524 2614 μιώσεαι]
549 2558 762 2613 ζημιώσεαι
776 2566 922 2615 passim
940 2565 1002 2601 fu-

339 2620 415 2656 turi
435 2633 545 2657 sensu
566 2620 632 2669 (cf.
653 2628 749 2658 nott.
780 2620 828 2658 ad
856 2621 901 2667 V,
928 2620 999 2669 34)

340 2677 441 2727 cepit
459 2675 723 2725 Valckenaer.,
744 2679 795 2714 ita
824 2684 866 2714 ut
886 2690 1002 2714 accu-

338 2734 478 2770 sativus
498 2730 545 2783 τῆ
551 2749 570 2773 ν
583 2731 733 2785 ψυχὴν,
747 2733 1001 2786 quemadmo-

341 2788 436 2826 dum
468 2790 531 2826 ille
561 2790 757 2835 exhibuit,
796 2791 1002 2841 accipiatur

342 2859 410 2897 pro
449 2848 662 2885 accusativo
701 2849 754 2884 rei
782 2861 810 2885 s.
842 2860 1000 2899 poenae,

1063 1421 1129 1471 qui
1149 1427 1297 1471 praeter
1316 1418 1574 1458 accusativum
1594 1431 1727 1470 perso-

1062 1490 1134 1513 nae
1153 1490 1183 1514 s.
1215 1478 1353 1514 obiecti
1383 1477 1581 1515 adiiciatur
1607 1475 1726 1513 verbo

1062 1534 1242 1584 ζημιοῦν.
1298 1536 1350 1572 Et
1390 1534 1536 1572 confert
1564 1533 1627 1568 ille
1653 1533 1726 1569 Ev.

1060 1590 1196 1628 Matth.
1227 1592 1330 1639 XVI,
1352 1593 1419 1632 26.
1477 1590 1606 1636 Qumn
1633 1601 1725 1626 vero

1060 1649 1263 1685 accusativi
1300 1649 1386 1685 loco
1418 1660 1571 1695 omnes,
1601 1658 1725 1698 quan-

1059 1710 1145 1740 tum
1177 1705 1288 1752 novi,
1336 1705 1423 1741 libri
1458 1705 1585 1754 scripti
1611 1715 1726 1753 prae-

1059 1761 1175 1797 beant
1197 1760 1371 1798 dativum
1386 1762 1437 1814 τῇ
1455 1762 1581 1813 ψυχῇ,
1602 1759 1643 1795 id
1662 1760 1725 1795 ni·-

1060 1815 1116 1854 hil
1136 1825 1333 1855 cunctatus
1345 1816 1724 1867 revocavi,probante

1060 1873 1256 1921 Matthiae,
1273 1876 1338 1927 qui
1350 1875 1467 1912 verbo
1481 1874 1723 1924 ζημιοῦσθαι

1060 1930 1124 1979 id,
1166 1931 1271 1983 quod
1311 1932 1396 1984 quis
1428 1943 1576 1982 poenae
1611 1942 1724 1967 causa

1061 1989 1219 2036 amittit,
1251 1989 1291 2024 in
1323 1987 1450 2025 dativo
1472 1986 1629 2037 adiungi
1655 1987 1723 2023 ob-

1059 2052 1206 2090 servat,
1236 2046 1335 2082 bene
1356 2044 1548 2092 adficiens,
1577 2043 1724 2081 diversa

1060 2115 1139 2138 esse
1176 2115 1274 2154 quae
1295 2101 1544 2139 Valckenaer.
1566 2114 1588 2137 e
1608 2099 1722 2137 Thu-

1059 2158 1197 2210 cydide
1237 2165 1274 2195 et
1303 2157 1561 2209 Xenophonte
1599 2158 1724 2195 attulit

1061 2211 1208 2266 μεγάλα
1233 2210 1467 2266 ζημιώσεται
1484 2221 1521 2251 et
1542 2209 1663 2253 ου’δέν
1685 2229 1722 2253 τι

1062 2271 1346 2320 ζημιωθέντας.
1416 2273 1502 2321 Ipsa
1536 2271 1723 2307 sententia

1061 2329 1222 2364 minime
1253 2329 1434 2364 obscura:
1469 2326 1526 2364 Tu
1550 2329 1655 2364 unius
1671 2328 1722 2364 il-

1063 2385 1134 2421 lius
1144 2385 1224 2434 filii
1244 2384 1322 2421 υίίίι
1345 2384 1547 2435 (tanquam
1577 2383 1721 2435 poenst)

1062 2441 1281 2478 mult-tuberis
1312 2455 1341 2478 s.
1366 2441 1541 2491 plecteris.
1599 2442 1657 2478 De
1677 2453 1722 2477 ea

1062 2499 1165 2534 vocis
1187 2495 1296 2548 ψυχὴ
1320 2499 1490 2547 notione,
1511 2496 1588 2549 qu&
1609 2500 1722 2535 vitam

1058 2553 1211 2598 iudicat,
1234 2554 1312 2592 dixi
1335 2553 1384 2591 ad
1402 2556 1467 2602 111,
1491 2555 1583 2594 130.
1612 2552 1716 2591 Add.

1057 2612 1139 2658 Vll,
1160 2613 1255 2651 209.
1286 2612 1384 2658 VIII,
1410 2613 1500 2651 118.
1522 2609 1585 2647 Ad
1599 2611 1721 2661 ipsam

1058 2680 1148 2703 vero
1170 2667 1353 2704 Herodoti
1384 2667 1643 2703 narrationem
1668 2666 1718 2705 cf.

1057 2723 1252 2761 Plutarch.
1267 2726 1302 2760 ΙΙ
1318 2736 1405 2774 pag.
1429 2725 1508 2763 263
1524 2725 1570 2760 Β.
1591 2729 1628 2760 et
1643 2722 1718 2760 Se-

1058 2794 1143 2817 nec.
1173 2782 1230 2817 De
1259 2781 1311 2817 ira
1332 2781 1398 2828 111,
1423 2781 1487 2820 17.

1116 2846 1183 2887 καὶ
1234 2844 1358 2902 ταύτῃ
1412 2844 1596 2895 διεξιέναι
1646 2840 1714 2884 τόν
