1806 3181
243 376 341 422 182

68 443 190 471 tertiam
219 441 345 469 classia-

69 477 122 504 riis
143 479 209 512 post
234 484 312 502 nave
298 483 343 501 ein

69 511 107 538 ad
126 512 209 539 littus
226 509 343 536 allisam

69 545 206 586 dilapsis,
215 550 341 569 vacuam

68 580 146 613 capii
140 582 200 605 1.mt
229 577 294 609 Qua
311 583 344 602 re

68 620 133 647 cog
128 613 187 639 nt
229 613 326 638 Grae-

68 654 129 673 cor1
133 655 170 673 1111
189 633 294 673 classis

67 678 121 706 hos
110 684 170 707 tes
195 682 342 712 metuens,

67 714 102 740 Αι
101 712 181 740 ’116111
185 714 228 740 sio
249 712 320 739 reli-

67 750 114 774 cto
134 746 307 774 Chalcidem

68 780 99 807 in
117 782 241 808 Euboea
260 789 307 807 re-

67 814 207 845 trocedit.

399 113 483 154 724
802 112 1260 150 HERODOTI

400 222 707 267 ἐπεδείκνυσαν
750 219 1082 277 ἐκπαγλεόμενοι
1119 217 1238 277 πάσῃ
1278 224 1335 279 τῇ
1366 223 1557 279 στρατιῇ,
1586 235 1661 266 πε·

400 289 621 346 ριέποντες
657 282 726 331 εὖ·
769 304 876 340 τους
907 289 952 333 δὲ
983 289 1162 339 ἄλλους,
1203 290 1306 340 τοὺς
1345 289 1503 347 ε’λαβον
1531 289 1578 333 ἐν
1605 291 1660 346 τῇ

399 358 475 413 νηι·
510 355 670 411 ταύτῃ,
707 360 930 410 περιεῖπον
967 373 1026 407 ως
1066 353 1333 409 ανδράποδα.
1401 358 1460 401 Αἱ
1498 357 1577 412 μὲν
1606 355 1660 412 δὴ

401 422 484 468 δύο
521 427 611 467 τῶν
640 426 750 466 νεῶν
781 423 896 467 οὕτω
941 421 1243 480 ἐχειρώθησαν.
1300 423 1328 480 ἡ
1359 425 1405 468 δὲ
1424 427 1557 482 τρίτη,
1586 427 1662 480 τῆς

401 490 673 547 ἐτριηράρχεε
690 489 882 545 Φόρμος,
904 489 1012 547 ἀνὴρ
1039 490 1278 546 Ἀθηναῖος,
1301 492 1541 547 φεύγουσα,
1573 494 1659 545 ἐξο-
1670 498 1716 533 95

400 561 539 603 κε’λλει
578 558 621 610 ἐς
658 557 735 609 τοὶς
774 557 954 614 ἐσβολὰς
993 562 1073 601 τοῦ
1115 562 1333 614 Πηνειοῦ·
1372 560 1446 603 καὶ
1473 566 1553 605 τοῦ
1582 561 1661 617 μὲν

401 625 591 682 σκάφεος
621 625 863 680 ἐκράτησαν
887 627 930 668 οἱ
947 624 1180 681 βάρβαροι,
1211 632 1298 671 τῶν
1317 628 1362 671 δὲ
1383 627 1560 682 ἀνδρῶν
1589 626 1658 671 οὔ.

374 694 469 745 2053
497 692 581 749 γάρ
613 693 665 750 δὴ
693 693 871 749 τάχιστα
890 692 1128 737 ἐπώκειλαν
1156 695 1236 750 τὴν
1265 696 1342 739 νέα
1361 698 1404 739 οἱ
1424 694 1659 751 Ἀθηναῖοι,

399 759 721 815 ἀποθορόντες,
760 761 870 804 κατὰ
909 764 1150 818 Θεσσαλίην
1178 763 1470 818 πορευόμενοι
1511 763 1660 817 ἐκομί-

399 834 571 884 σθησαν
601 828 645 879 ἐς
672 826 873 884 Ἀθήνας.
915 833 1062 873 Ταῦτα
1101 832 1143 873 οἱ
1174 831 1375 906 Ἐλληνες
1405 832 1447 874 οἱ
1477 829 1539 874 ἐπ’
1562 828 1659 884 Ἀρ-

398 898 572 953 τεμισίῳ
603 894 1047 952 στρατοπεδευόμενοι
1076 883 1376 942 πυνθάνονται
1406 898 1524 953 παρά
1552 913 1660 952 πυρ-

399 969 487 1008 σῶν
530 964 576 1007 ἐκ
606 964 826 1009 Σκιάθου.
885 963 1133 1021 πυθόμενοι
1175 967 1220 1010 δὲ
1258 968 1333 1010 καὶ
1370 964 1686 1021 καταρρωδή-1

400 1044 564 1083 σαντες,
594 1029 679 1076 άπὸ
710 1036 790 1076 τοῦ
812 1030 1078 1090 Ἀρτεμισίου
1108 1036 1426 1090 μετωρμίζοντο
1465 1033 1508 1084 ἐς
1536 1036 1659 1075 Χαλ-

503 1254 596 1305 Cap.
620 1253 849 1290 CLXXXII.

400 1309 590 1358 ἐξοκέλλει
626 1310 666 1358 ἐς
705 1308 775 1356 τάς
806 1306 992 1361 ἐσβολάς]

344 1364 509 1418 ἐσβολάς
547 1380 616 1417 pro
666 1368 770 1416 vulg.
814 1364 997 1416 ἐμβολάς,

344 1424 450 1475 quod
476 1425 713 1460 retinuerunt
741 1421 935 1460 Schaefer.
963 1429 999 1459 et

343 1479 548 1526 Matthiae,
585 1478 674 1516 dedi
694 1493 783 1515 cum
803 1478 1002 1529 Schweig-

345 1535 472 1573 haeus.
488 1544 523 1573 et
539 1536 669 1583 Gaisfq
693 1549 713 1571 e
734 1535 818 1572 cod.
839 1537 1000 1572 Floren-

343 1594 423 1630 tino
445 1593 670 1644 duobusque
691 1593 771 1628 aliis
799 1591 1000 1628 Bekkerus

344 1651 472 1686 nescio
514 1648 618 1685 unde
658 1647 763 1685 dedit
802 1643 999 1699 ἐκβολάς.

344 1707 431 1743 Vox
470 1702 616 1756 ἐσβολη
654 1705 847 1742 invenitur
887 1706 1001 1741 etiam

344 1764 425 1809 Vll,
448 1765 541 1803 173.
568 1761 657 1802 175.
682 1763 782 1808 176,
820 1762 887 1797 ubi
908 1762 1002 1798 Gai—

343 1820 415 1856 lius
428 1820 570 1856 Gallice
582 1817 706 1854 reddit
717 1818 856 1855 l'entre'e
867 1819 1000 1855 e'troz'te.

346 1876 515 1913 Verbum
535 1873 749 1923 ἐξοκέλλειν
765 1874 811 1911 de
828 1876 1002 1922 navibus,

349 1945 450 1984 quae
488 1939 691 1968 ventorum
723 1932 762 1968 vi
793 1932 831 1967 in
863 1938 1004 1968 terram

348 1996 413 2025 aut
433 1987 531 2025 vada
557 1989 768 2035 eliciuntur,
799 1990 1002 2037 impingere,

347 2046 506 2081 illustrat
534 2046 740 2095 Berginan.
772 2044 821 2081 ad
848 2046 1002 2081 Isocrat.

347 2102 537 2150 Areopag.
561 2103 694 2151 ὅρος.
718 2104 811 2141 177.
871 2101 1005 2138 Simile

348 2157 508 2194 verbum
537 2155 760 2195 ἐποκέλλειν
791 2159 869 2208 ipse
897 2159 1005 2206 attigi

350 2213 398 2251 ad
432 2214 494 2260 Vl,
520 2214 582 2252 16.
633 2207 788 2260 σκάφος
822 2212 869 2249 de
902 2216 1005 2250 navis

350 2270 448 2307 alveo
467 2267 780 2318 intelligendum,
809 2276 850 2304 ut
871 2270 910 2304 iu
926 2271 1006 2304 Ae-

350 2325 472 2377 schyl.
494 2326 599 2362 Pers.
615 2323 709 2371 425,
731 2324 796 2360 ubi
817 2325 925 2374 plura
947 2325 1006 2361 af-

348 2383 420 2419 fert
441 2380 654 2419 Blomfield.
687 2382 724 2416 in
757 2381 877 2418 Gloss.
908 2381 1005 2417 bene

348 2452 498 2476 memor
517 2439 591 2474 loci
620 2436 838 2474 Herodotei,
868 2459 919 2464 —-—
959 2439 1004 2473 In

348 2509 454 2546 seqq.
476 2493 563 2530 dedi
593 2493 631 2540 ἐς
654 2490 842 2544 Ἀθήνας
876 2507 943 2544 pro
965 2493 1005 2540 ἒς

349 2567 368 2590 τ
381 2549 405 2590 ά
418 2567 436 2598 ς
461 2546 657 2600 Ἀθήνας,
690 2550 793 2603 quod
809 2551 893 2587 libri
909 2551 1003 2588 scri-

349 2609 402 2659 pti
424 2614 615 2658 respuunt.

405 2661 544 2715 παροὶ
584 2663 836 2714 πυρσῶν]
890 2661 1001 2708 Quod

350 2722 388 2756 in
418 2720 609 2758 Sancrosti
647 2718 734 2757 cod.
774 2725 894 2756 exstat
934 2716 1000 2759 διά

1055 1254 1259 1291 correctori
1290 1252 1419 1289 deberi
1457 1258 1612 1304 putem,
1652 1251 1718 1302 qui

1057 1307 1165 1360 παρά
1197 1310 1245 1347 de
1280 1306 1475 1361 ἒμψυχοις
1506 1321 1627 1360 aeque
1658 1314 1718 1344 at-

1063 1380 1138 1418 que
1169 1366 1216 1403 de
1252 1362 1429 1416 ἀψύχοις
1469 1365 1614 1403 dictum
1647 1363 1718 1400 ad-

1059 1424 1168 1474 iungi
1198 1424 1321 1461 verbis
1344 1417 1522 1471 άκουειν,
1556 1415 1718 1472 μανθά-

1060 1494 1169 1527 νειν,
1200 1475 1503 1527 πυνθάνεσθαι,
1533 1478 1718 1516 similibus

1058 1538 1230 1583 nescivit,
1254 1537 1352 1572 bene
1372 1543 1529 1572 notante
1552 1532 1719 1571 Valcke-

1059 1594 1202 1638 naerio,
1224 1593 1286 1629 cui
1308 1591 1394 1630 add.
1416 1590 1550 1628 Matth.
1568 1592 1634 1628 Gr.
1649 1590 1717 1626 Gr.

1061 1651 1096 1694 ἓ.
1120 1649 1201 1690 588
1232 1662 1266 1685 a.
1289 1661 1374 1698 pag.
1400 1650 1519 1688 1172.
1559 1645 1718 1684 Facibus

1061 1712 1189 1741 autem
1228 1706 1432 1741 utebantur
1460 1711 1645 1754 tanquam
1665 1703 1719 1739 si—

1060 1763 1156 1812 gnis,
1179 1775 1247 1812 pro
1268 1774 1375 1797 more
1393 1762 1639 1807 Graecorum,
1670 1757 1718 1795 de

1062 1831 1138 1870 quo
1168 1819 1277 1869 plura
1307 1815 1410 1868 apud
1445 1818 1614 1853 Aeneam
1634 1816 1719 1852 Ta-

1061 1876 1146 1912 ctic.
1178 1879 1202 1916 7
1233 1874 1299 1910 fin.
1329 1875 1458 1925 ibique
1487 1875 1514 1910 I.
1538 1875 1581 1910 C.
1603 1872 1720 1910 Orell.

1061 1945 1098 1982 p.
1126 1929 1216 1971 140.
1245 1931 1383 1982 Polyb.
1404 1932 1453 1977 X,
1476 1928 1528 1970 43
1552 1936 1590 1966 et
1620 1941 1718 1980 quae

1061 1987 1170 2024 affert
1183 1986 1395 2038 Kriiger,ad
1406 1985 1715 2037 Xenoph.Anab.

1063 2046 1144 2091 VH,
1177 2047 1201 2085 8
1229 2045 1267 2090 ξ.
1308 2044 1370 2085 15.
1433 2042 1536 2080 Add.
1574 2040 1718 2079 Herod.

1063 2102 1132 2148 IX,
1163 2103 1202 2140 3.
1259 2101 1342 2145 Quo
1375 2100 1488 2136 etiam
1514 2097 1718 2148 Aeschylei

1063 2158 1364 2208 Agamemnonis
1402 2156 1554 2191 initium
1600 2154 1718 2204 perti-

1064 2227 1167 2260 nere,
1188 2214 1254 2249 ubi
1274 2219 1315 2248 tu
1337 2212 1452 2248 'confi
1489 2211 1717 2258 stanleium,

1064 2282 1180 2306 nemo
1200 2269 1330 2305 nescit.

1123 2325 1408 2376 μετωρμίζοντο
1448 2322 1486 2369 ἐς
1517 2322 1716 2370 Χαλκίδα]

1063 2384 1089 2419 i.
1111 2395 1144 2417 e.
1176 2382 1325 2417 navibus
1354 2380 1397 2417 ab
1425 2380 1611 2417 Artemisio
1637 2391 1716 2429 pro-

1056 2437 1149 2487 fecti
1167 2437 1368 2474 Chalcidem
1387 2450 1421 2473 se
1441 2439 1639 2486 receperunt
1649 2435 1718 2473 ibi-

1064 2507 1127 2544 que
1138 2495 1316 2531 stationem
1328 2496 1520 2530 tenuerunt.
1549 2494 1593 2528 In
1608 2504 1715 2543 seqq.

1061 2547 1386 2602 ἦμεροσκόπους,
1435 2562 1457 2585 a
1488 2550 1623 2600 quibus
1655 2546 1716 2584 di-

1061 2607 1277 2656 stinguendi
1318 2604 1534 2654 πυρσευταὶ
1564 2604 1714 2655 ignibus

1061 2665 1227 2700 accensis
1263 2663 1329 2715 qui
1359 2664 1468 2713 signa
1490 2660 1600 2708 dant,
1621 2665 1713 2697 teste

1061 2720 1191 2757 Aenefi
1234 2720 1380 2758 Tactic.
1412 2731 1494 2768 cap.
1535 2720 1573 2764 6,
1623 2715 1714 2753 dicit
