<?xml version="1.0" encoding="UTF-8"?>
<!DOCTYPE html PUBLIC "-//W3C//DTD XHTML 1.0 Transitional//EN"
    "http://www.w3.org/TR/xhtml1/DTD/xhtml1-transitional.dtd">
<html xmlns="http://www.w3.org/1999/xhtml" xml:lang="en" lang="en">
 <head>
  <title>
</title>
<meta http-equiv="Content-Type" content="text/html;charset=utf-8" />
  <meta name='ocr-system' content='tesseract 3.04.00' />
  <meta name='ocr-capabilities' content='ocr_page ocr_carea ocr_par ocr_line ocrx_word'/>
</head>
<body>
  <div class='ocr_page' id='page_1' title='image "./musaeherodoto03hero_0739.png"; bbox 0 0 1789 3213; ppageno 0'>
   <div class='ocr_carea' id='block_1_1' title="bbox 444 139 1077 178">
    <p class='ocr_par' dir='ltr' id='par_1_1' title="bbox 444 139 1077 178">
     <span class='ocr_line' id='line_1_1' title="bbox 444 139 1077 178; baseline 0 -2"><span class='ocrx_word' id='word_1_1' title='bbox 444 139 917 178; x_wconf 87' lang='lat' dir='ltr'>POLYMNIA.</span> <span class='ocrx_word' id='word_1_2' title='bbox 974 139 1077 177; x_wconf 92' lang='lat' dir='ltr'>VII.</span> 
     </span>
    </p>
   </div>
   <div class='ocr_carea' id='block_1_2' title="bbox 1314 139 1397 179">
    <p class='ocr_par' dir='ltr' id='par_1_2' title="bbox 1314 139 1397 179">
     <span class='ocr_line' id='line_1_2' title="bbox 1314 139 1397 179; baseline 0 0"><span class='ocrx_word' id='word_1_3' title='bbox 1314 139 1397 179; x_wconf 75' lang='lat'><strong><em>723</em></strong></span> 
     </span>
    </p>
   </div>
   <div class='ocr_carea' id='block_1_3' title="bbox 0 246 1452 983">
    <p class='ocr_par' dir='ltr' id='par_1_3' title="bbox 0 246 1452 577">
     <span class='ocr_line' id='line_1_3' title="bbox 0 246 1452 309; baseline -0.001 -18"><span class='ocrx_word' id='word_1_4' title='bbox 0 262 62 309; x_wconf 74' lang='lat'><strong><em>31</em></strong></span> <span class='ocrx_word' id='word_1_5' title='bbox 131 263 322 303; x_wconf 81' lang='grc' dir='ltr'><strong><em>νοματος</em></strong></span> <span class='ocrx_word' id='word_1_6' title='bbox 349 246 597 303; x_wconf 77' lang='grc' dir='ltr'><strong><em>ἐπαύροιτο.</em></strong></span> <span class='ocrx_word' id='word_1_7' title='bbox 650 247 708 292; x_wconf 91' lang='grc' dir='ltr'><em>Ἡ</em></span> <span class='ocrx_word' id='word_1_8' title='bbox 738 249 784 292; x_wconf 80' lang='grc' dir='ltr'><strong><em>δὲ</em></strong></span> <span class='ocrx_word' id='word_1_9' title='bbox 814 249 1030 305; x_wconf 82' lang='grc' dir='ltr'><em>Αἰγιναίη,</em></span> <span class='ocrx_word' id='word_1_10' title='bbox 1062 248 1138 304; x_wconf 79' lang='grc' dir='ltr'><strong><em>τῆς</em></strong></span> <span class='ocrx_word' id='word_1_11' title='bbox 1171 246 1452 304; x_wconf 75' lang='grc' dir='ltr'><strong><em>ἐτριηράρ-εο</em></strong></span> 
     </span>
     <span class='ocr_line' id='line_1_4' title="bbox 130 313 1395 373; baseline 0 -14"><span class='ocrx_word' id='word_1_12' title='bbox 130 331 197 372; x_wconf 85' lang='grc' dir='ltr'><strong><em>χεε</em></strong></span> <span class='ocrx_word' id='word_1_13' title='bbox 222 314 469 373; x_wconf 81' lang='grc' dir='ltr'><strong><em>Ἀσωνίδης,</em></strong></span> <span class='ocrx_word' id='word_1_14' title='bbox 499 318 573 360; x_wconf 91' lang='grc' dir='ltr'><strong><em>καί</em></strong></span> <span class='ocrx_word' id='word_1_15' title='bbox 599 317 697 360; x_wconf 75' lang='grc' dir='ltr'><strong><em>τινα</em></strong></span> <span class='ocrx_word' id='word_1_16' title='bbox 728 327 807 372; x_wconf 84' lang='grc' dir='ltr'><strong><em>σφι</em></strong></span> <span class='ocrx_word' id='word_1_17' title='bbox 836 317 1038 373; x_wconf 78' lang='grc' dir='ltr'>θόρυβον</span> <span class='ocrx_word' id='word_1_18' title='bbox 1066 313 1265 371; x_wconf 78' lang='grc' dir='ltr'><em>παρέσχε,</em></span> <span class='ocrx_word' id='word_1_19' title='bbox 1295 319 1395 359; x_wconf 82' lang='grc' dir='ltr'><strong><em>Πυ-</em></strong></span> 
     </span>
     <span class='ocr_line' id='line_1_5' title="bbox 129 382 1394 442; baseline 0.002 -16"><span class='ocrx_word' id='word_1_20' title='bbox 129 384 218 426; x_wconf 82' lang='grc' dir='ltr'><strong><em>θέω</em></strong></span> <span class='ocrx_word' id='word_1_21' title='bbox 247 386 330 426; x_wconf 83' lang='grc' dir='ltr'><strong><em>τοῦ</em></strong></span> <span class='ocrx_word' id='word_1_22' title='bbox 355 383 569 440; x_wconf 84' lang='grc' dir='ltr'><strong><em>Ἰσχενόου</em></strong></span> <span class='ocrx_word' id='word_1_23' title='bbox 605 383 963 442; x_wconf 63' lang='grc' dir='ltr'><strong><em>ἐπιβατεύοντος,</em></strong></span> <span class='ocrx_word' id='word_1_24' title='bbox 1018 382 1180 439; x_wconf 77' lang='grc' dir='ltr'><strong><em>ἀνδρὸς</em></strong></span> <span class='ocrx_word' id='word_1_25' title='bbox 1211 382 1394 439; x_wconf 78' lang='grc' dir='ltr'><strong><em>ἀρίστου</em></strong></span> 
     </span>
     <span class='ocr_line' id='line_1_6' title="bbox 125 449 1395 509; baseline 0.002 -15"><span class='ocrx_word' id='word_1_26' title='bbox 125 453 364 506; x_wconf 80' lang='grc' dir='ltr'><strong><em>γενομένου</em></strong></span> <span class='ocrx_word' id='word_1_27' title='bbox 405 452 569 508; x_wconf 84' lang='grc' dir='ltr'><strong><em>ταύτην</em></strong></span> <span class='ocrx_word' id='word_1_28' title='bbox 606 454 687 509; x_wconf 87' lang='grc' dir='ltr'><strong><em>τὴν</em></strong></span> <span class='ocrx_word' id='word_1_29' title='bbox 729 452 914 509; x_wconf 80' lang='grc' dir='ltr'><strong><em>ἡμέρην·</em></strong></span> <span class='ocrx_word' id='word_1_30' title='bbox 969 451 1020 503; x_wconf 79' lang='grc' dir='ltr'><strong><em>ὃς</em></strong></span> <span class='ocrx_word' id='word_1_31' title='bbox 1050 452 1196 507; x_wconf 78' lang='grc' dir='ltr'><strong><em>ἐπειδὴ</em></strong></span> <span class='ocrx_word' id='word_1_32' title='bbox 1225 449 1254 508; x_wconf 80' lang='grc' dir='ltr'><strong><em>ἡ</em></strong></span> <span class='ocrx_word' id='word_1_33' title='bbox 1283 455 1395 504; x_wconf 82' lang='grc' dir='ltr'><strong><em>ναῦς</em></strong></span> 
     </span>
     <span class='ocr_line' id='line_1_7' title="bbox 126 518 1393 577; baseline 0.001 -16"><span class='ocrx_word' id='word_1_34' title='bbox 126 518 338 574; x_wconf 76' lang='grc' dir='ltr'><strong><em>ἡλίσκετο,</em></strong></span> <span class='ocrx_word' id='word_1_35' title='bbox 367 518 410 570; x_wconf 84' lang='grc' dir='ltr'><strong><em>ἐς</em></strong></span> <span class='ocrx_word' id='word_1_36' title='bbox 437 524 568 563; x_wconf 88' lang='grc' dir='ltr'><strong><em>τοῦτο</em></strong></span> <span class='ocrx_word' id='word_1_37' title='bbox 590 519 752 577; x_wconf 76' lang='grc' dir='ltr'><strong><em>ἀντεῖχε</em></strong></span> <span class='ocrx_word' id='word_1_38' title='bbox 781 519 1040 576; x_wconf 84' lang='grc' dir='ltr'><strong><em>μαχόμενος,</em></strong></span> <span class='ocrx_word' id='word_1_39' title='bbox 1070 519 1115 570; x_wconf 81' lang='grc' dir='ltr'><strong><em>ἐς</em></strong></span> <span class='ocrx_word' id='word_1_40' title='bbox 1136 518 1162 562; x_wconf 78' lang='grc' dir='ltr'>ὃ</span> <span class='ocrx_word' id='word_1_41' title='bbox 1191 534 1393 575; x_wconf 88' lang='grc' dir='ltr'><strong><em>κατεκρε-</em></strong></span> 
     </span>
    </p>

    <p class='ocr_par' dir='ltr' id='par_1_4' title="bbox 97 582 1449 850">
     <span class='ocr_line' id='line_1_8' title="bbox 97 582 1449 643; baseline 0.001 -14"><span class='ocrx_word' id='word_1_42' title='bbox 97 587 328 643; x_wconf 70' lang='grc' dir='ltr'><strong><em>ἒουργήθη</em></strong></span> <span class='ocrx_word' id='word_1_43' title='bbox 356 587 482 639; x_wconf 79' lang='grc' dir='ltr'><strong><em>ἅπας.</em></strong></span> <span class='ocrx_word' id='word_1_44' title='bbox 542 587 600 639; x_wconf 79' lang='grc' dir='ltr'><strong><em>ὡς</em></strong></span> <span class='ocrx_word' id='word_1_45' title='bbox 629 589 675 632; x_wconf 79' lang='grc' dir='ltr'><strong><em>δὲ</em></strong></span> <span class='ocrx_word' id='word_1_46' title='bbox 704 587 850 632; x_wconf 74' lang='grc' dir='ltr'><strong><em>πεσών</em></strong></span> <span class='ocrx_word' id='word_1_47' title='bbox 880 586 964 630; x_wconf 82' lang='grc' dir='ltr'><strong><em>οὐκ</em></strong></span> <span class='ocrx_word' id='word_1_48' title='bbox 985 585 1192 637; x_wconf 77' lang='grc' dir='ltr'><strong><em>ἀπέθανε,</em></strong></span> <span class='ocrx_word' id='word_1_49' title='bbox 1224 585 1308 630; x_wconf 81' lang='grc' dir='ltr'><strong><em>ἀλλ’</em></strong></span> <span class='ocrx_word' id='word_1_50' title='bbox 1339 582 1449 643; x_wconf 81' lang='grc' dir='ltr'><strong><em>ἦν85</em></strong></span> 
     </span>
     <span class='ocr_line' id='line_1_9' title="bbox 125 654 1392 711; baseline 0 -13"><span class='ocrx_word' id='word_1_51' title='bbox 125 654 324 710; x_wconf 74' lang='grc' dir='ltr'><strong><em>ἔμπνοος,</em></strong></span> <span class='ocrx_word' id='word_1_52' title='bbox 356 656 400 699; x_wconf 83' lang='grc' dir='ltr'><strong><em>οἱ</em></strong></span> <span class='ocrx_word' id='word_1_53' title='bbox 419 655 598 711; x_wconf 81' lang='grc' dir='ltr'><strong><em>Πέρσαι,</em></strong></span> <span class='ocrx_word' id='word_1_54' title='bbox 629 657 752 710; x_wconf 81' lang='grc' dir='ltr'><strong><em>οἵπερ</em></strong></span> <span class='ocrx_word' id='word_1_55' title='bbox 779 654 1040 711; x_wconf 76' lang='grc' dir='ltr'><strong><em>ἐπεβάτευον</em></strong></span> <span class='ocrx_word' id='word_1_56' title='bbox 1060 654 1237 698; x_wconf 76' lang='grc' dir='ltr'><strong><em>ἐπὶτῶν</em></strong></span> <span class='ocrx_word' id='word_1_57' title='bbox 1265 659 1392 710; x_wconf 72' lang='grc' dir='ltr'><strong><em>νεών,</em></strong></span> 
     </span>
     <span class='ocr_line' id='line_1_10' title="bbox 125 721 1392 782; baseline 0.002 -17"><span class='ocrx_word' id='word_1_58' title='bbox 125 721 181 765; x_wconf 83' lang='grc' dir='ltr'><strong><em>δι’</em></strong></span> <span class='ocrx_word' id='word_1_59' title='bbox 209 722 366 779; x_wconf 75' lang='grc' dir='ltr'><strong><em>ἀρετὴν</em></strong></span> <span class='ocrx_word' id='word_1_60' title='bbox 406 724 488 782; x_wconf 78' lang='grc' dir='ltr'><strong><em>τήν</em></strong></span> <span class='ocrx_word' id='word_1_61' title='bbox 522 725 693 769; x_wconf 79' lang='grc' dir='ltr'><strong><em>ἐκείνου</em></strong></span> <span class='ocrx_word' id='word_1_62' title='bbox 721 723 1002 778; x_wconf 83' lang='grc' dir='ltr'><strong><em>περιποιῆσαί</em></strong></span> <span class='ocrx_word' id='word_1_63' title='bbox 1032 737 1109 777; x_wconf 88' lang='grc' dir='ltr'><strong><em>μιν</em></strong></span> <span class='ocrx_word' id='word_1_64' title='bbox 1145 722 1242 777; x_wconf 86' lang='grc' dir='ltr'><strong><em>περὶ</em></strong></span> <span class='ocrx_word' id='word_1_65' title='bbox 1271 725 1392 767; x_wconf 88' lang='grc' dir='ltr'><strong><em>πλεί-</em></strong></span> 
     </span>
     <span class='ocr_line' id='line_1_11' title="bbox 124 788 1394 850; baseline 0.002 -18"><span class='ocrx_word' id='word_1_66' title='bbox 124 801 232 834; x_wconf 87' lang='grc' dir='ltr'><strong><em>στου</em></strong></span> <span class='ocrx_word' id='word_1_67' title='bbox 262 791 534 850; x_wconf 83' lang='grc' dir='ltr'><strong><em>ἐποιήσαντο,</em></strong></span> <span class='ocrx_word' id='word_1_68' title='bbox 566 791 784 849; x_wconf 85' lang='grc' dir='ltr'><strong><em>σμύρνῃσί</em></strong></span> <span class='ocrx_word' id='word_1_69' title='bbox 810 807 855 835; x_wconf 89' lang='grc' dir='ltr'><strong><em>τε</em></strong></span> <span class='ocrx_word' id='word_1_70' title='bbox 886 789 1064 847; x_wconf 78' lang='grc' dir='ltr'><strong><em>ἰώμενοι</em></strong></span> <span class='ocrx_word' id='word_1_71' title='bbox 1083 788 1136 833; x_wconf 83' lang='grc' dir='ltr'><strong><em>τὰ</em></strong></span> <span class='ocrx_word' id='word_1_72' title='bbox 1151 789 1287 846; x_wconf 79' lang='grc' dir='ltr'><strong><em>ἕλκεα,</em></strong></span> <span class='ocrx_word' id='word_1_73' title='bbox 1317 792 1394 836; x_wconf 87' lang='grc' dir='ltr'><strong><em>καὶ</em></strong></span> 
     </span>
    </p>

    <p class='ocr_par' dir='ltr' id='par_1_5' title="bbox 97 858 1449 983">
     <span class='ocr_line' id='line_1_12' title="bbox 97 858 1393 918; baseline 0.002 -19"><span class='ocrx_word' id='word_1_74' title='bbox 97 858 338 912; x_wconf 81' lang='grc' dir='ltr'><strong><em>3σινδόνος</em></strong></span> <span class='ocrx_word' id='word_1_75' title='bbox 387 863 597 918; x_wconf 81' lang='grc' dir='ltr'><strong><em>βυσσίνης</em></strong></span> <span class='ocrx_word' id='word_1_76' title='bbox 642 863 858 916; x_wconf 74' lang='grc' dir='ltr'><strong><em>τελαμῶσι</em></strong></span> <span class='ocrx_word' id='word_1_77' title='bbox 902 859 1256 910; x_wconf 84' lang='grc' dir='ltr'><strong><em>κατειλίσσοντες.</em></strong></span> <span class='ocrx_word' id='word_1_78' title='bbox 1317 860 1393 903; x_wconf 88' lang='grc' dir='ltr'><strong><em>καί</em></strong></span> 
     </span>
     <span class='ocr_line' id='line_1_13' title="bbox 125 925 1449 983; baseline -0.002 -12"><span class='ocrx_word' id='word_1_79' title='bbox 125 943 215 982; x_wconf 89' lang='grc' dir='ltr'><strong><em>μιν,</em></strong></span> <span class='ocrx_word' id='word_1_80' title='bbox 245 927 305 980; x_wconf 80' lang='grc' dir='ltr'><strong><em>ὦς</em></strong></span> <span class='ocrx_word' id='word_1_81' title='bbox 335 926 474 973; x_wconf 86' lang='grc' dir='ltr'><strong><em>ὀπίσω</em></strong></span> <span class='ocrx_word' id='word_1_82' title='bbox 505 928 714 974; x_wconf 74' lang='grc' dir='ltr'><strong><em>ἀπίκοντο</em></strong></span> <span class='ocrx_word' id='word_1_83' title='bbox 744 928 787 980; x_wconf 79' lang='grc' dir='ltr'><strong><em>ἐς</em></strong></span> <span class='ocrx_word' id='word_1_84' title='bbox 807 927 857 973; x_wconf 84' lang='grc' dir='ltr'><strong><em>τὸ</em></strong></span> <span class='ocrx_word' id='word_1_85' title='bbox 879 925 1055 972; x_wconf 78' lang='grc' dir='ltr'><strong><em>ἑωυτῶν</em></strong></span> <span class='ocrx_word' id='word_1_86' title='bbox 1084 926 1449 983; x_wconf 84' lang='grc' dir='ltr'><strong><em>στρατόπεδον,90</em></strong></span> 
     </span>
    </p>
   </div>
   <div class='ocr_carea' id='block_1_4' title="bbox 68 1036 340 1046">
    <p class='ocr_par' dir='ltr' id='par_1_6' title="bbox 68 1036 340 1046">
     <span class='ocr_line' id='line_1_14' title="bbox 68 1036 340 1046; baseline 0 2167"><span class='ocrx_word' id='word_1_87' title='bbox 68 1036 340 1046; x_wconf 95' lang='lat' dir='ltr'><strong><em> </em></strong></span> 
     </span>
    </p>
   </div>
   <div class='ocr_carea' id='block_1_5' title="bbox 65 1112 721 1220">
    <p class='ocr_par' dir='ltr' id='par_1_7' title="bbox 65 1112 721 1220">
     <span class='ocr_line' id='line_1_15' title="bbox 65 1112 721 1218; baseline 0.003 -70"><span class='ocrx_word' id='word_1_88' title='bbox 65 1123 176 1218; x_wconf 45' lang='grc' dir='ltr'><strong>ἔξω).</strong></span> <span class='ocrx_word' id='word_1_89' title='bbox 197 1125 281 1164; x_wconf 87' lang='lat' dir='ltr'><strong><em>cap.</em></strong></span> <span class='ocrx_word' id='word_1_90' title='bbox 301 1116 342 1154; x_wconf 78' lang='grc'><strong>2.</strong></span> <span class='ocrx_word' id='word_1_91' title='bbox 363 1112 432 1163; x_wconf 93' lang='grc' dir='ltr'><strong><em>(Τ.</em></strong></span> <span class='ocrx_word' id='word_1_92' title='bbox 452 1114 470 1149; x_wconf 96' lang='lat' dir='ltr'>I</span> <span class='ocrx_word' id='word_1_93' title='bbox 484 1127 522 1164; x_wconf 90' lang='lat' dir='ltr'><strong><em>p.</em></strong></span> <span class='ocrx_word' id='word_1_94' title='bbox 546 1115 627 1154; x_wconf 81' lang='lat'><strong><em>326</em></strong></span> <span class='ocrx_word' id='word_1_95' title='bbox 644 1126 721 1165; x_wconf 88' lang='lat' dir='ltr'><strong><em>seq.</em></strong></span> 
     </span>
     <span class='ocr_line' id='line_1_16' title="bbox 99 1182 152 1220; baseline 0.019 -16"><span class='ocrx_word' id='word_1_96' title='bbox 99 1182 152 1220; x_wconf 78' lang='lat' dir='ltr'><strong><em>lp-</em></strong></span> 
     </span>
    </p>
   </div>
   <div class='ocr_carea' id='block_1_6' title="bbox 234 1292 550 1344">
    <p class='ocr_par' dir='ltr' id='par_1_8' title="bbox 234 1292 550 1344">
     <span class='ocr_line' id='line_1_17' title="bbox 234 1292 550 1344; baseline 0.003 -15"><span class='ocrx_word' id='word_1_97' title='bbox 234 1292 324 1344; x_wconf 83' lang='lat' dir='ltr'><strong><em>Cap.</em></strong></span> <span class='ocrx_word' id='word_1_98' title='bbox 339 1292 550 1330; x_wconf 87' lang='lat' dir='ltr'>CLXXXI.</span> 
     </span>
    </p>
   </div>
   <div class='ocr_carea' id='block_1_7' title="bbox 62 1389 727 2805">
    <p class='ocr_par' dir='ltr' id='par_1_9' title="bbox 63 1389 727 1951">
     <span class='ocr_line' id='line_1_18' title="bbox 120 1389 723 1446; baseline -0.002 -13"><span class='ocrx_word' id='word_1_99' title='bbox 120 1394 190 1433; x_wconf 85' lang='grc' dir='ltr'><strong><em>καί</em></strong></span> <span class='ocrx_word' id='word_1_100' title='bbox 218 1390 308 1434; x_wconf 73' lang='lat' dir='ltr'><em>‘twa&#39;</em></span> <span class='ocrx_word' id='word_1_101' title='bbox 341 1406 414 1444; x_wconf 80' lang='grc' dir='ltr'><strong><em>σφι</em></strong></span> <span class='ocrx_word' id='word_1_102' title='bbox 443 1389 629 1446; x_wconf 79' lang='grc' dir='ltr'><strong><em>θόρυβον</em></strong></span> <span class='ocrx_word' id='word_1_103' title='bbox 649 1408 723 1432; x_wconf 86' lang='grc' dir='ltr'><strong><em>πα-</em></strong></span> 
     </span>
     <span class='ocr_line' id='line_1_19' title="bbox 65 1448 724 1502; baseline -0.003 -13"><span class='ocrx_word' id='word_1_104' title='bbox 65 1448 206 1502; x_wconf 85' lang='grc' dir='ltr'><strong><em>ρέσχε]</em></strong></span> <span class='ocrx_word' id='word_1_105' title='bbox 237 1453 263 1491; x_wconf 86' lang='lat' dir='ltr'><strong><em>i.</em></strong></span> <span class='ocrx_word' id='word_1_106' title='bbox 289 1465 323 1489; x_wconf 86' lang='lat' dir='ltr'><strong><em>e.</em></strong></span> <span class='ocrx_word' id='word_1_107' title='bbox 343 1451 550 1489; x_wconf 71' lang='lat' dir='ltr'><em>nonnullam</em></span> <span class='ocrx_word' id='word_1_108' title='bbox 569 1450 724 1501; x_wconf 79' lang='lat' dir='ltr'><strong><em>trepida-</em></strong></span> 
     </span>
     <span class='ocr_line' id='line_1_20' title="bbox 67 1508 727 1558; baseline -0.002 -14"><span class='ocrx_word' id='word_1_109' title='bbox 67 1509 192 1545; x_wconf 79' lang='lat' dir='ltr'><em>tionem</em></span> <span class='ocrx_word' id='word_1_110' title='bbox 235 1510 320 1558; x_wconf 74' lang='lat' dir='ltr'><strong>ipsz&#39;s</strong></span> <span class='ocrx_word' id='word_1_111' title='bbox 368 1508 539 1555; x_wconf 73' lang='lat' dir='ltr'><strong>exhibuit,</strong></span> <span class='ocrx_word' id='word_1_112' title='bbox 590 1509 727 1556; x_wconf 79' lang='lat' dir='ltr'><strong>negotii</strong></span> 
     </span>
     <span class='ocr_line' id='line_1_21' title="bbox 64 1564 726 1614; baseline -0.003 -12"><span class='ocrx_word' id='word_1_113' title='bbox 64 1565 224 1602; x_wconf 75' lang='lat' dir='ltr'><strong><em>nonnihil</em></strong></span> <span class='ocrx_word' id='word_1_114' title='bbox 242 1564 360 1602; x_wconf 77' lang='lat' dir='ltr'><strong>Persis</strong></span> <span class='ocrx_word' id='word_1_115' title='bbox 371 1566 537 1614; x_wconf 76' lang='lat' dir='ltr'><strong><em>praebuit</em></strong></span> <span class='ocrx_word' id='word_1_116' title='bbox 553 1577 582 1601; x_wconf 91' lang='lat' dir='ltr'><strong><em>s.</em></strong></span> <span class='ocrx_word' id='word_1_117' title='bbox 597 1564 726 1614; x_wconf 79' lang='lat' dir='ltr'><strong><em>faces-</em></strong></span> 
     </span>
     <span class='ocr_line' id='line_1_22' title="bbox 64 1615 725 1672; baseline 0.002 -14"><span class='ocrx_word' id='word_1_118' title='bbox 64 1622 160 1660; x_wconf 77' lang='lat' dir='ltr'><strong><em>sivit.</em></strong></span> <span class='ocrx_word' id='word_1_119' title='bbox 204 1623 290 1658; x_wconf 87' lang='lat' dir='ltr'><strong><em>Non</em></strong></span> <span class='ocrx_word' id='word_1_120' title='bbox 312 1623 419 1658; x_wconf 78' lang='lat' dir='ltr'><strong>aliter</strong></span> <span class='ocrx_word' id='word_1_121' title='bbox 438 1623 517 1659; x_wconf 80' lang='lat' dir='ltr'><strong>fere</strong></span> <span class='ocrx_word' id='word_1_122' title='bbox 537 1615 725 1672; x_wconf 82' lang='grc' dir='ltr'><strong><em>πρήγμα-</em></strong></span> 
     </span>
     <span class='ocr_line' id='line_1_23' title="bbox 65 1673 724 1730; baseline 0.002 -14"><span class='ocrx_word' id='word_1_123' title='bbox 65 1693 114 1717; x_wconf 88' lang='grc' dir='ltr'><strong><em>τα</em></strong></span> <span class='ocrx_word' id='word_1_124' title='bbox 138 1676 323 1730; x_wconf 82' lang='grc' dir='ltr'><strong><em>παρέχειν</em></strong></span> <span class='ocrx_word' id='word_1_125' title='bbox 347 1680 376 1726; x_wconf 92' lang='grc' dir='ltr'><strong><em>Ι,</em></strong></span> <span class='ocrx_word' id='word_1_126' title='bbox 404 1678 496 1719; x_wconf 87' lang='grc'><strong>155-</strong></span> <span class='ocrx_word' id='word_1_127' title='bbox 523 1677 615 1719; x_wconf 86' lang='grc'><strong>175.</strong></span> <span class='ocrx_word' id='word_1_128' title='bbox 645 1673 724 1717; x_wconf 85' lang='grc' dir='ltr'><strong><em>πό-</em></strong></span> 
     </span>
     <span class='ocr_line' id='line_1_24' title="bbox 65 1734 723 1785; baseline 0 -11"><span class='ocrx_word' id='word_1_129' title='bbox 65 1749 140 1774; x_wconf 90' lang='grc' dir='ltr'><strong><em>νον</em></strong></span> <span class='ocrx_word' id='word_1_130' title='bbox 169 1734 354 1785; x_wconf 81' lang='grc' dir='ltr'><strong><em>παρέχειν</em></strong></span> <span class='ocrx_word' id='word_1_131' title='bbox 394 1736 424 1782; x_wconf 92' lang='grc' dir='ltr'><strong><em>Ι,</em></strong></span> <span class='ocrx_word' id='word_1_132' title='bbox 458 1737 552 1775; x_wconf 87' lang='lat'><strong>177.</strong></span> <span class='ocrx_word' id='word_1_133' title='bbox 586 1756 636 1761; x_wconf 84' lang='lat'><strong><em>—-</em></strong></span> <span class='ocrx_word' id='word_1_134' title='bbox 677 1736 723 1770; x_wconf 92' lang='lat' dir='ltr'>In</span> 
     </span>
     <span class='ocr_line' id='line_1_25' title="bbox 63 1791 722 1843; baseline -0.005 -14"><span class='ocrx_word' id='word_1_135' title='bbox 63 1804 172 1843; x_wconf 84' lang='lat' dir='ltr'><strong>seqq.</strong></span> <span class='ocrx_word' id='word_1_136' title='bbox 193 1791 241 1828; x_wconf 85' lang='lat' dir='ltr'><strong><em>de</em></strong></span> <span class='ocrx_word' id='word_1_137' title='bbox 263 1791 404 1842; x_wconf 71' lang='lat' dir='ltr'><strong><em>Pytlzea</em></strong></span> <span class='ocrx_word' id='word_1_138' title='bbox 424 1791 526 1828; x_wconf 86' lang='lat' dir='ltr'>conf.</span> <span class='ocrx_word' id='word_1_139' title='bbox 546 1791 645 1837; x_wconf 85' lang='lat' dir='ltr'>V111,</span> <span class='ocrx_word' id='word_1_140' title='bbox 668 1793 722 1831; x_wconf 80' lang='lat'><strong><em>92</em></strong></span> 
     </span>
     <span class='ocr_line' id='line_1_26' title="bbox 64 1843 719 1899; baseline 0.003 -15"><span class='ocrx_word' id='word_1_141' title='bbox 64 1854 103 1884; x_wconf 88' lang='lat' dir='ltr'><strong><em>et</em></strong></span> <span class='ocrx_word' id='word_1_142' title='bbox 133 1848 181 1885; x_wconf 87' lang='lat' dir='ltr'><strong><em>de</em></strong></span> <span class='ocrx_word' id='word_1_143' title='bbox 209 1849 325 1885; x_wconf 85' lang='lat' dir='ltr'>verbo</span> <span class='ocrx_word' id='word_1_144' title='bbox 351 1843 599 1899; x_wconf 78' lang='grc' dir='ltr'><strong><em>ἐπιβατεύειν</em></strong></span> <span class='ocrx_word' id='word_1_145' title='bbox 622 1853 719 1886; x_wconf 84' lang='lat' dir='ltr'>nott.</span> 
     </span>
     <span class='ocr_line' id='line_1_27' title="bbox 65 1903 312 1951; baseline 0 -10"><span class='ocrx_word' id='word_1_146' title='bbox 65 1903 116 1942; x_wconf 87' lang='lat' dir='ltr'><strong><em>ad</em></strong></span> <span class='ocrx_word' id='word_1_147' title='bbox 143 1906 224 1951; x_wconf 81' lang='lat' dir='ltr'><strong><em>VH,</em></strong></span> <span class='ocrx_word' id='word_1_148' title='bbox 246 1906 312 1945; x_wconf 83' lang='grc'><strong>96.</strong></span> 
     </span>
    </p>

    <p class='ocr_par' dir='ltr' id='par_1_10' title="bbox 62 1954 722 2805">
     <span class='ocr_line' id='line_1_28' title="bbox 123 1954 720 2012; baseline -0.005 -12"><span class='ocrx_word' id='word_1_149' title='bbox 123 1959 163 2006; x_wconf 73' lang='grc' dir='ltr'><strong><em>ἐς</em></strong></span> <span class='ocrx_word' id='word_1_150' title='bbox 183 1957 206 2000; x_wconf 75' lang='grc' dir='ltr'>ὃ</span> <span class='ocrx_word' id='word_1_151' title='bbox 227 1955 577 2012; x_wconf 79' lang='grc' dir='ltr'><strong><em>κατεκρεουργήθη</em></strong></span> <span class='ocrx_word' id='word_1_152' title='bbox 594 1954 720 2008; x_wconf 70' lang='grc' dir='ltr'><strong><em>ἅπας]</em></strong></span> 
     </span>
     <span class='ocr_line' id='line_1_29' title="bbox 63 2014 721 2065; baseline 0.002 -12"><span class='ocrx_word' id='word_1_153' title='bbox 63 2015 104 2063; x_wconf 73' lang='grc' dir='ltr'><strong><em>ἐς</em></strong></span> <span class='ocrx_word' id='word_1_154' title='bbox 135 2014 159 2057; x_wconf 79' lang='grc' dir='ltr'>ὃ</span> <span class='ocrx_word' id='word_1_155' title='bbox 185 2018 287 2054; x_wconf 81' lang='lat' dir='ltr'>valet</span> <span class='ocrx_word' id='word_1_156' title='bbox 318 2017 445 2065; x_wconf 82' lang='lat' dir='ltr'>donec,</span> <span class='ocrx_word' id='word_1_157' title='bbox 483 2017 577 2053; x_wconf 82' lang='lat' dir='ltr'><strong><em>dum.</em></strong></span> <span class='ocrx_word' id='word_1_158' title='bbox 635 2015 721 2054; x_wconf 89' lang='lat' dir='ltr'><strong><em>vid.</em></strong></span> 
     </span>
     <span class='ocr_line' id='line_1_30' title="bbox 63 2072 721 2125; baseline -0.002 -15"><span class='ocrx_word' id='word_1_159' title='bbox 63 2073 203 2111; x_wconf 86' lang='lat' dir='ltr'><strong>Struve</strong></span> <span class='ocrx_word' id='word_1_160' title='bbox 225 2075 338 2124; x_wconf 81' lang='lat' dir='ltr'>Spec.</span> <span class='ocrx_word' id='word_1_161' title='bbox 359 2076 376 2110; x_wconf 94' lang='grc' dir='ltr'><strong>Ι</strong></span> <span class='ocrx_word' id='word_1_162' title='bbox 396 2086 484 2125; x_wconf 84' lang='lat' dir='ltr'><strong><em>pag.</em></strong></span> <span class='ocrx_word' id='word_1_163' title='bbox 500 2072 568 2114; x_wconf 81' lang='grc'><strong>42.</strong></span> <span class='ocrx_word' id='word_1_164' title='bbox 599 2072 721 2118; x_wconf 81' lang='lat' dir='ltr'><strong>Quem</strong></span> 
     </span>
     <span class='ocr_line' id='line_1_31' title="bbox 62 2130 722 2178; baseline 0.005 -12"><span class='ocrx_word' id='word_1_165' title='bbox 62 2131 199 2168; x_wconf 81' lang='lat' dir='ltr'>Noster</span> <span class='ocrx_word' id='word_1_166' title='bbox 221 2132 321 2178; x_wconf 82' lang='lat' dir='ltr'><strong><em>Vm,</em></strong></span> <span class='ocrx_word' id='word_1_167' title='bbox 348 2132 401 2170; x_wconf 76' lang='lat'><strong><em>92</em></strong></span> <span class='ocrx_word' id='word_1_168' title='bbox 428 2130 519 2167; x_wconf 87' lang='lat' dir='ltr'><strong>dicit</strong></span> <span class='ocrx_word' id='word_1_169' title='bbox 553 2144 722 2169; x_wconf 79' lang='grc' dir='ltr'><strong><em>κατακο-</em></strong></span> 
     </span>
     <span class='ocr_line' id='line_1_32' title="bbox 62 2185 721 2238; baseline -0.002 -12"><span class='ocrx_word' id='word_1_170' title='bbox 62 2185 205 2235; x_wconf 84' lang='grc' dir='ltr'><strong><em>πέντα,</em></strong></span> <span class='ocrx_word' id='word_1_171' title='bbox 227 2201 329 2224; x_wconf 88' lang='lat' dir='ltr'><strong><em>.eu1n</em></strong></span> <span class='ocrx_word' id='word_1_172' title='bbox 350 2186 389 2225; x_wconf 91' lang='lat' dir='ltr'><strong><em>h.</em></strong></span> <span class='ocrx_word' id='word_1_173' title='bbox 411 2188 437 2224; x_wconf 93' lang='lat' dir='ltr'><strong><em>l.</em></strong></span> <span class='ocrx_word' id='word_1_174' title='bbox 459 2188 509 2224; x_wconf 87' lang='lat' dir='ltr'><strong><em>ait</em></strong></span> <span class='ocrx_word' id='word_1_175' title='bbox 528 2201 721 2238; x_wconf 86' lang='grc' dir='ltr'><strong><em>κατακρε-</em></strong></span> 
     </span>
     <span class='ocr_line' id='line_1_33' title="bbox 65 2242 721 2295; baseline -0.005 -12"><span class='ocrx_word' id='word_1_176' title='bbox 65 2247 317 2295; x_wconf 84' lang='grc' dir='ltr'><strong><em>ουργηθῆναι</em></strong></span> <span class='ocrx_word' id='word_1_177' title='bbox 339 2245 365 2285; x_wconf 89' lang='lat' dir='ltr'><strong><em>i.</em></strong></span> <span class='ocrx_word' id='word_1_178' title='bbox 387 2257 420 2281; x_wconf 85' lang='lat' dir='ltr'><strong><em>e.</em></strong></span> <span class='ocrx_word' id='word_1_179' title='bbox 440 2245 480 2281; x_wconf 80' lang='lat' dir='ltr'><strong><em>in</em></strong></span> <span class='ocrx_word' id='word_1_180' title='bbox 493 2242 628 2293; x_wconf 74' lang='lat' dir='ltr'><strong><em>frustd‘</em></strong></span> <span class='ocrx_word' id='word_1_181' title='bbox 639 2256 721 2281; x_wconf 85' lang='lat' dir='ltr'>con-</span> 
     </span>
     <span class='ocr_line' id='line_1_34' title="bbox 65 2301 719 2339; baseline 0.003 -3"><span class='ocrx_word' id='word_1_182' title='bbox 65 2301 174 2337; x_wconf 78' lang='lat' dir='ltr'><strong>cisum</strong></span> <span class='ocrx_word' id='word_1_183' title='bbox 194 2302 306 2339; x_wconf 81' lang='lat' dir='ltr'><strong><em>veluti</em></strong></span> <span class='ocrx_word' id='word_1_184' title='bbox 325 2313 463 2338; x_wconf 76' lang='lat' dir='ltr'>carnem</span> <span class='ocrx_word' id='word_1_185' title='bbox 487 2301 719 2338; x_wconf 74' lang='lat' dir='ltr'><strong><em>‹lz‘slam&#39;atum</em></strong></span> 
     </span>
     <span class='ocr_line' id='line_1_35' title="bbox 64 2357 719 2408; baseline -0.002 -14"><span class='ocrx_word' id='word_1_186' title='bbox 64 2369 156 2401; x_wconf 81' lang='lat' dir='ltr'><strong>esse‚·</strong></span> <span class='ocrx_word' id='word_1_187' title='bbox 204 2370 280 2408; x_wconf 93' lang='lat' dir='ltr'><strong><em>quo</em></strong></span> <span class='ocrx_word' id='word_1_188' title='bbox 315 2357 452 2395; x_wconf 87' lang='lat' dir='ltr'><strong>eodem</strong></span> <span class='ocrx_word' id='word_1_189' title='bbox 479 2358 597 2395; x_wconf 84' lang='lat' dir='ltr'>verbo</span> <span class='ocrx_word' id='word_1_190' title='bbox 626 2358 719 2394; x_wconf 90' lang='lat' dir='ltr'><strong>olim</strong></span> 
     </span>
     <span class='ocr_line' id='line_1_36' title="bbox 64 2413 716 2466; baseline 0.002 -17"><span class='ocrx_word' id='word_1_191' title='bbox 64 2426 154 2450; x_wconf 89' lang='lat' dir='ltr'><strong>usus</strong></span> <span class='ocrx_word' id='word_1_192' title='bbox 175 2420 254 2450; x_wconf 83' lang='lat' dir='ltr'>erat</span> <span class='ocrx_word' id='word_1_193' title='bbox 283 2413 461 2452; x_wconf 83' lang='lat' dir='ltr'>Xanthus</span> <span class='ocrx_word' id='word_1_194' title='bbox 493 2427 554 2466; x_wconf 87' lang='lat' dir='ltr'><strong><em>ap.</em></strong></span> <span class='ocrx_word' id='word_1_195' title='bbox 573 2413 716 2454; x_wconf 86' lang='lat' dir='ltr'>Athen.</span> 
     </span>
     <span class='ocr_line' id='line_1_37' title="bbox 63 2469 718 2522; baseline 0.002 -16"><span class='ocrx_word' id='word_1_196' title='bbox 63 2470 115 2517; x_wconf 90' lang='lat' dir='ltr'><strong><em>X,</em></strong></span> <span class='ocrx_word' id='word_1_197' title='bbox 134 2473 158 2511; x_wconf 84' lang='lat'><strong>3</strong></span> <span class='ocrx_word' id='word_1_198' title='bbox 188 2483 226 2521; x_wconf 88' lang='lat' dir='ltr'><strong><em>p.</em></strong></span> <span class='ocrx_word' id='word_1_199' title='bbox 247 2469 329 2512; x_wconf 85' lang='lat'><strong><em>415</em></strong></span> <span class='ocrx_word' id='word_1_200' title='bbox 348 2472 395 2511; x_wconf 92' lang='lat' dir='ltr'><strong><em>D.</em></strong></span> <span class='ocrx_word' id='word_1_201' title='bbox 429 2475 487 2521; x_wconf 85' lang='lat' dir='ltr'><strong><em>(p.</em></strong></span> <span class='ocrx_word' id='word_1_202' title='bbox 513 2471 591 2512; x_wconf 86' lang='lat'><strong><em>185</em></strong></span> <span class='ocrx_word' id='word_1_203' title='bbox 612 2471 718 2522; x_wconf 84' lang='lat' dir='ltr'>frag-</span> 
     </span>
     <span class='ocr_line' id='line_1_38' title="bbox 63 2525 716 2579; baseline 0.003 -16"><span class='ocrx_word' id='word_1_204' title='bbox 63 2533 197 2563; x_wconf 80' lang='lat' dir='ltr'>mentt.</span> <span class='ocrx_word' id='word_1_205' title='bbox 238 2525 388 2567; x_wconf 78' lang='lat' dir='ltr'><strong>histor-r.</strong></span> <span class='ocrx_word' id='word_1_206' title='bbox 421 2527 481 2564; x_wconf 88' lang='lat' dir='ltr'><strong><em>ed.</em></strong></span> <span class='ocrx_word' id='word_1_207' title='bbox 512 2528 716 2579; x_wconf 85' lang='lat' dir='ltr'><strong>Creuzer.)</strong></span> 
     </span>
     <span class='ocr_line' id='line_1_39' title="bbox 65 2581 718 2636; baseline 0.002 -16"><span class='ocrx_word' id='word_1_208' title='bbox 65 2582 247 2636; x_wconf 82' lang='lat' dir='ltr'><strong>quodque</strong></span> <span class='ocrx_word' id='word_1_209' title='bbox 280 2584 395 2620; x_wconf 84' lang='lat' dir='ltr'><strong>etiam</strong></span> <span class='ocrx_word' id='word_1_210' title='bbox 423 2597 471 2620; x_wconf 85' lang='lat' dir='ltr'><strong><em>ex</em></strong></span> <span class='ocrx_word' id='word_1_211' title='bbox 491 2581 564 2620; x_wconf 92' lang='lat' dir='ltr'><strong><em>hoc</em></strong></span> <span class='ocrx_word' id='word_1_212' title='bbox 591 2586 718 2621; x_wconf 86' lang='lat' dir='ltr'>Hero-</span> 
     </span>
     <span class='ocr_line' id='line_1_40' title="bbox 64 2639 719 2689; baseline 0.002 -12"><span class='ocrx_word' id='word_1_213' title='bbox 64 2639 145 2677; x_wconf 91' lang='lat' dir='ltr'>doti</span> <span class='ocrx_word' id='word_1_214' title='bbox 184 2641 268 2678; x_wconf 89' lang='lat' dir='ltr'>loco</span> <span class='ocrx_word' id='word_1_215' title='bbox 308 2639 418 2677; x_wconf 82' lang='lat' dir='ltr'>affert</span> <span class='ocrx_word' id='word_1_216' title='bbox 455 2640 622 2689; x_wconf 84' lang='lat' dir='ltr'><strong><em>Longin.</em></strong></span> <span class='ocrx_word' id='word_1_217' title='bbox 660 2643 719 2678; x_wconf 83' lang='lat' dir='ltr'><strong><em>De</em></strong></span> 
     </span>
     <span class='ocr_line' id='line_1_41' title="bbox 63 2697 717 2747; baseline 0.002 -13"><span class='ocrx_word' id='word_1_218' title='bbox 63 2697 215 2734; x_wconf 83' lang='lat' dir='ltr'><strong>sublim.</strong></span> <span class='ocrx_word' id='word_1_219' title='bbox 257 2699 324 2737; x_wconf 86' lang='lat'><strong><em>31.</em></strong></span> <span class='ocrx_word' id='word_1_220' title='bbox 392 2697 469 2733; x_wconf 87' lang='lat' dir='ltr'><strong>Alii</strong></span> <span class='ocrx_word' id='word_1_221' title='bbox 506 2697 717 2747; x_wconf 83' lang='lat' dir='ltr'><strong>scriptores,</strong></span> 
     </span>
     <span class='ocr_line' id='line_1_42' title="bbox 64 2752 719 2805; baseline 0.002 -15"><span class='ocrx_word' id='word_1_222' title='bbox 64 2759 108 2791; x_wconf 92' lang='lat' dir='ltr'><strong><em>ut</em></strong></span> <span class='ocrx_word' id='word_1_223' title='bbox 126 2753 175 2791; x_wconf 86' lang='lat' dir='ltr'><strong><em>ad</em></strong></span> <span class='ocrx_word' id='word_1_224' title='bbox 194 2752 235 2793; x_wconf 90' lang='lat' dir='ltr'><strong><em>h.</em></strong></span> <span class='ocrx_word' id='word_1_225' title='bbox 256 2754 283 2792; x_wconf 92' lang='lat' dir='ltr'><strong><em>l.</em></strong></span> <span class='ocrx_word' id='word_1_226' title='bbox 303 2754 503 2793; x_wconf 87' lang='lat' dir='ltr'>observant</span> <span class='ocrx_word' id='word_1_227' title='bbox 532 2753 719 2805; x_wconf 82' lang='lat' dir='ltr'><strong>interpre-</strong></span> 
     </span>
    </p>
   </div>
   <div class='ocr_carea' id='block_1_8' title="bbox 777 1109 1449 2848">
    <p class='ocr_par' dir='ltr' id='par_1_11' title="bbox 778 1109 1449 1440">
     <span class='ocr_line' id='line_1_43' title="bbox 781 1109 1447 1159; baseline 0 -12"><span class='ocrx_word' id='word_1_228' title='bbox 781 1119 858 1159; x_wconf 84' lang='lat' dir='ltr'><strong>tes,</strong></span> <span class='ocrx_word' id='word_1_229' title='bbox 918 1113 958 1147; x_wconf 88' lang='lat' dir='ltr'><strong><em>in</em></strong></span> <span class='ocrx_word' id='word_1_230' title='bbox 995 1109 1218 1148; x_wconf 85' lang='lat' dir='ltr'><strong>huiusmodi</strong></span> <span class='ocrx_word' id='word_1_231' title='bbox 1255 1111 1447 1148; x_wconf 77' lang='lat' dir='ltr'>lancinata</span> 
     </span>
     <span class='ocr_line' id='line_1_44' title="bbox 778 1168 1448 1218; baseline 0.003 -15"><span class='ocrx_word' id='word_1_232' title='bbox 778 1168 1043 1204; x_wconf 77' lang='lat' dir='ltr'>membrormn</span> <span class='ocrx_word' id='word_1_233' title='bbox 1077 1168 1235 1204; x_wconf 85' lang='lat' dir='ltr'><strong>scissura</strong></span> <span class='ocrx_word' id='word_1_234' title='bbox 1282 1168 1448 1218; x_wconf 82' lang='lat' dir='ltr'>simplex</span> 
     </span>
     <span class='ocr_line' id='line_1_45' title="bbox 780 1223 1447 1276; baseline 0 -15"><span class='ocrx_word' id='word_1_235' title='bbox 780 1223 1039 1261; x_wconf 79' lang='lat' dir='ltr'><strong><em>adhibuerunt</em></strong></span> <span class='ocrx_word' id='word_1_236' title='bbox 1107 1227 1447 1276; x_wconf 79' lang='grc' dir='ltr'><strong><em>κρεουργ-ηθῆναι.</em></strong></span> 
     </span>
     <span class='ocr_line' id='line_1_46' title="bbox 781 1280 1446 1333; baseline -0.003 -15"><span class='ocrx_word' id='word_1_237' title='bbox 781 1282 910 1333; x_wconf 87' lang='lat' dir='ltr'><strong>Atque</strong></span> <span class='ocrx_word' id='word_1_238' title='bbox 940 1281 1021 1331; x_wconf 82' lang='lat' dir='ltr'><strong>ipse</strong></span> <span class='ocrx_word' id='word_1_239' title='bbox 1050 1280 1268 1318; x_wconf 84' lang='lat' dir='ltr'><strong>Herodotus</strong></span> <span class='ocrx_word' id='word_1_240' title='bbox 1297 1282 1362 1330; x_wconf 80' lang='grc' dir='ltr'><strong><em>ΙΙΙ,</em></strong></span> <span class='ocrx_word' id='word_1_241' title='bbox 1396 1283 1446 1321; x_wconf 82' lang='lat'><strong><em>13</em></strong></span> 
     </span>
     <span class='ocr_line' id='line_1_47' title="bbox 783 1334 1449 1390; baseline 0.002 -15"><span class='ocrx_word' id='word_1_242' title='bbox 783 1337 880 1375; x_wconf 81' lang='lat' dir='ltr'><strong>dixit</strong></span> <span class='ocrx_word' id='word_1_243' title='bbox 908 1334 1003 1384; x_wconf 70' lang='grc' dir='ltr'><strong><em>τούς</em></strong></span> <span class='ocrx_word' id='word_1_244' title='bbox 1036 1334 1188 1389; x_wconf 68' lang='grc' dir='ltr'><strong><em>ἄνδρας</em></strong></span> <span class='ocrx_word' id='word_1_245' title='bbox 1234 1351 1449 1390; x_wconf 81' lang='grc' dir='ltr'><strong><em>κρεουργη-</em></strong></span> 
     </span>
     <span class='ocr_line' id='line_1_48' title="bbox 784 1390 1188 1440; baseline -0.01 -5"><span class='ocrx_word' id='word_1_246' title='bbox 784 1391 858 1435; x_wconf 81' lang='grc' dir='ltr'><strong><em>δόν</em></strong></span> <span class='ocrx_word' id='word_1_247' title='bbox 881 1390 1188 1440; x_wconf 78' lang='grc' dir='ltr'><strong><em>διασπάσαντες.</em></strong></span> 
     </span>
    </p>

    <p class='ocr_par' dir='ltr' id='par_1_12' title="bbox 777 1445 1447 2801">
     <span class='ocr_line' id='line_1_49' title="bbox 841 1445 1447 1503; baseline -0.002 -14"><span class='ocrx_word' id='word_1_248' title='bbox 841 1445 1044 1503; x_wconf 80' lang='grc' dir='ltr'><strong><em>σμύρνῃσί</em></strong></span> <span class='ocrx_word' id='word_1_249' title='bbox 1064 1464 1105 1489; x_wconf 86' lang='grc' dir='ltr'><strong><em>τε</em></strong></span> <span class='ocrx_word' id='word_1_250' title='bbox 1134 1445 1300 1500; x_wconf 76' lang='grc' dir='ltr'><strong><em>ἰώμενοι</em></strong></span> <span class='ocrx_word' id='word_1_251' title='bbox 1316 1446 1364 1489; x_wconf 73' lang='grc' dir='ltr'><strong><em>τοὶ</em></strong></span> <span class='ocrx_word' id='word_1_252' title='bbox 1384 1447 1447 1488; x_wconf 77' lang='grc' dir='ltr'><strong><em>ἕλ-</em></strong></span> 
     </span>
     <span class='ocr_line' id='line_1_50' title="bbox 782 1505 1445 1555; baseline -0.006 -9"><span class='ocrx_word' id='word_1_253' title='bbox 782 1508 884 1555; x_wconf 85' lang='grc' dir='ltr'><strong><em>κεα]</em></strong></span> <span class='ocrx_word' id='word_1_254' title='bbox 932 1508 966 1542; x_wconf 90' lang='grc' dir='ltr'><strong>Ε</strong></span> <span class='ocrx_word' id='word_1_255' title='bbox 1010 1506 1158 1544; x_wconf 90' lang='lat' dir='ltr'><strong>duobus</strong></span> <span class='ocrx_word' id='word_1_256' title='bbox 1198 1505 1312 1544; x_wconf 80' lang='lat' dir='ltr'>codd.</span> <span class='ocrx_word' id='word_1_257' title='bbox 1355 1519 1445 1543; x_wconf 88' lang='lat' dir='ltr'><strong><em>cum</em></strong></span> 
     </span>
     <span class='ocr_line' id='line_1_51' title="bbox 783 1559 1446 1614; baseline 0.002 -13"><span class='ocrx_word' id='word_1_258' title='bbox 783 1564 893 1601; x_wconf 84' lang='lat' dir='ltr'>Valla</span> <span class='ocrx_word' id='word_1_259' title='bbox 914 1561 1071 1604; x_wconf 81' lang='lat' dir='ltr'>Schaef,</span> <span class='ocrx_word' id='word_1_260' title='bbox 1106 1569 1301 1614; x_wconf 84' lang='lat' dir='ltr'>receperat</span> <span class='ocrx_word' id='word_1_261' title='bbox 1319 1559 1446 1614; x_wconf 75' lang='grc' dir='ltr'><strong><em>σμύρ-</em></strong></span> 
     </span>
     <span class='ocr_line' id='line_1_52' title="bbox 784 1620 1446 1675; baseline -0.002 -16"><span class='ocrx_word' id='word_1_262' title='bbox 784 1635 851 1675; x_wconf 77' lang='grc' dir='ltr'><strong><em>νῃ.</em></strong></span> <span class='ocrx_word' id='word_1_263' title='bbox 908 1620 1119 1671; x_wconf 82' lang='lat' dir='ltr'><strong><em>Vulgatum</em></strong></span> <span class='ocrx_word' id='word_1_264' title='bbox 1164 1633 1255 1657; x_wconf 92' lang='lat' dir='ltr'><strong><em>cum</em></strong></span> <span class='ocrx_word' id='word_1_265' title='bbox 1291 1620 1446 1672; x_wconf 84' lang='lat' dir='ltr'><strong>reliquis</strong></span> 
     </span>
     <span class='ocr_line' id='line_1_53' title="bbox 784 1675 1447 1716; baseline 0.003 -2"><span class='ocrx_word' id='word_1_266' title='bbox 784 1678 887 1714; x_wconf 87' lang='lat' dir='ltr'><strong>libris</strong></span> <span class='ocrx_word' id='word_1_267' title='bbox 907 1683 1038 1714; x_wconf 80' lang='lat' dir='ltr'><strong>tuetur</strong></span> <span class='ocrx_word' id='word_1_268' title='bbox 1058 1675 1198 1714; x_wconf 87' lang='lat' dir='ltr'><strong>Suidas</strong></span> <span class='ocrx_word' id='word_1_269' title='bbox 1219 1690 1251 1714; x_wconf 91' lang='lat' dir='ltr'><strong><em>s.</em></strong></span> <span class='ocrx_word' id='word_1_270' title='bbox 1271 1690 1309 1715; x_wconf 83' lang='lat' dir='ltr'><strong><em>v.</em></strong></span> <span class='ocrx_word' id='word_1_271' title='bbox 1333 1679 1447 1716; x_wconf 85' lang='grc' dir='ltr'><strong><em>τελα-</em></strong></span> 
     </span>
     <span class='ocr_line' id='line_1_54' title="bbox 784 1731 1446 1784; baseline -0.003 -12"><span class='ocrx_word' id='word_1_272' title='bbox 784 1731 872 1784; x_wconf 71' lang='grc' dir='ltr'><strong><em>μών</em></strong></span> <span class='ocrx_word' id='word_1_273' title='bbox 892 1734 947 1769; x_wconf 94' lang='grc' dir='ltr'><strong><em>ΙΙΙ</em></strong></span> <span class='ocrx_word' id='word_1_274' title='bbox 967 1747 1005 1784; x_wconf 87' lang='lat' dir='ltr'><strong><em>p.</em></strong></span> <span class='ocrx_word' id='word_1_275' title='bbox 1030 1732 1126 1774; x_wconf 89' lang='lat'><strong>441.</strong></span> <span class='ocrx_word' id='word_1_276' title='bbox 1194 1734 1260 1770; x_wconf 92' lang='lat' dir='ltr'><strong><em>Tu</em></strong></span> <span class='ocrx_word' id='word_1_277' title='bbox 1291 1733 1340 1771; x_wconf 91' lang='lat' dir='ltr'><strong><em>cf.</em></strong></span> <span class='ocrx_word' id='word_1_278' title='bbox 1367 1735 1446 1770; x_wconf 87' lang='lat' dir='ltr'><strong><em>He-</em></strong></span> 
     </span>
     <span class='ocr_line' id='line_1_55' title="bbox 783 1789 1445 1841; baseline 0 -14"><span class='ocrx_word' id='word_1_279' title='bbox 783 1789 908 1829; x_wconf 82' lang='lat' dir='ltr'><strong>rodot.</strong></span> <span class='ocrx_word' id='word_1_280' title='bbox 928 1791 977 1838; x_wconf 83' lang='grc' dir='ltr'><strong><em>Π,</em></strong></span> <span class='ocrx_word' id='word_1_281' title='bbox 1007 1792 1061 1830; x_wconf 88' lang='lat'><strong><em>87</em></strong></span> <span class='ocrx_word' id='word_1_282' title='bbox 1092 1790 1186 1841; x_wconf 89' lang='lat' dir='ltr'><strong>ibiq.</strong></span> <span class='ocrx_word' id='word_1_283' title='bbox 1214 1796 1314 1827; x_wconf 80' lang='lat' dir='ltr'>nott.</span> <span class='ocrx_word' id='word_1_284' title='bbox 1370 1791 1445 1827; x_wconf 84' lang='lat' dir='ltr'><strong><em>At-</em></strong></span> 
     </span>
     <span class='ocr_line' id='line_1_56' title="bbox 784 1845 1443 1899; baseline -0.003 -16"><span class='ocrx_word' id='word_1_285' title='bbox 784 1859 859 1899; x_wconf 85' lang='lat' dir='ltr'><strong><em>que</em></strong></span> <span class='ocrx_word' id='word_1_286' title='bbox 879 1848 1045 1885; x_wconf 86' lang='lat' dir='ltr'>Heeren.</span> <span class='ocrx_word' id='word_1_287' title='bbox 1067 1845 1186 1883; x_wconf 83' lang='lat' dir='ltr'>Ideen</span> <span class='ocrx_word' id='word_1_288' title='bbox 1206 1848 1235 1894; x_wconf 84' lang='grc' dir='ltr'><strong><em>Ι,</em></strong></span> <span class='ocrx_word' id='word_1_289' title='bbox 1254 1849 1275 1886; x_wconf 87' lang='grc'>1</span> <span class='ocrx_word' id='word_1_290' title='bbox 1299 1860 1337 1897; x_wconf 89' lang='lat' dir='ltr'><strong><em>p.</em></strong></span> <span class='ocrx_word' id='word_1_291' title='bbox 1364 1848 1443 1887; x_wconf 88' lang='lat'><strong><em>107</em></strong></span> 
     </span>
     <span class='ocr_line' id='line_1_57' title="bbox 783 1902 1444 1953; baseline 0 -13"><span class='ocrx_word' id='word_1_292' title='bbox 783 1902 858 1940; x_wconf 90' lang='lat' dir='ltr'><strong><em>hoc</em></strong></span> <span class='ocrx_word' id='word_1_293' title='bbox 881 1917 930 1940; x_wconf 83' lang='lat' dir='ltr'><strong><em>ex</em></strong></span> <span class='ocrx_word' id='word_1_294' title='bbox 950 1903 1035 1940; x_wconf 92' lang='lat' dir='ltr'>loco</span> <span class='ocrx_word' id='word_1_295' title='bbox 1056 1903 1186 1953; x_wconf 82' lang='lat' dir='ltr'>colligi</span> <span class='ocrx_word' id='word_1_296' title='bbox 1208 1903 1290 1941; x_wconf 88' lang='lat' dir='ltr'><strong><em>vult</em></strong></span> <span class='ocrx_word' id='word_1_297' title='bbox 1312 1902 1444 1940; x_wconf 87' lang='lat' dir='ltr'><strong>sindo-</strong></span> 
     </span>
     <span class='ocr_line' id='line_1_58' title="bbox 783 1960 1443 2012; baseline -0.002 -15"><span class='ocrx_word' id='word_1_298' title='bbox 783 1974 851 1997; x_wconf 86' lang='lat' dir='ltr'><strong><em>nes</em></strong></span> <span class='ocrx_word' id='word_1_299' title='bbox 890 1961 1062 2012; x_wconf 86' lang='lat' dir='ltr'><strong>byssinas</strong></span> <span class='ocrx_word' id='word_1_300' title='bbox 1101 1960 1216 1997; x_wconf 81' lang='lat' dir='ltr'><strong>fuisse</strong></span> <span class='ocrx_word' id='word_1_301' title='bbox 1266 1966 1389 1997; x_wconf 78' lang='lat' dir='ltr'><strong>vestes</strong></span> <span class='ocrx_word' id='word_1_302' title='bbox 1422 1973 1443 1996; x_wconf 86' lang='lat' dir='ltr'>e</span> 
     </span>
     <span class='ocr_line' id='line_1_59' title="bbox 783 2015 1445 2068; baseline -0.003 -14"><span class='ocrx_word' id='word_1_303' title='bbox 783 2018 962 2068; x_wconf 85' lang='lat' dir='ltr'><strong>gossypio</strong></span> <span class='ocrx_word' id='word_1_304' title='bbox 986 2017 1190 2056; x_wconf 86' lang='lat' dir='ltr'><strong><em>confectas.</em></strong></span> <span class='ocrx_word' id='word_1_305' title='bbox 1248 2015 1361 2062; x_wconf 78' lang='lat' dir='ltr'><strong>Quod</strong></span> <span class='ocrx_word' id='word_1_306' title='bbox 1381 2029 1445 2053; x_wconf 88' lang='lat' dir='ltr'><strong><em>se-</em></strong></span> 
     </span>
     <span class='ocr_line' id='line_1_60' title="bbox 784 2069 1443 2126; baseline -0.002 -16"><span class='ocrx_word' id='word_1_307' title='bbox 784 2069 1443 2126; x_wconf 60' lang='lat' dir='ltr'><strong><em>quiturs’xnaykeo&#39;uevocffloetarmn</em></strong></span> 
     </span>
     <span class='ocr_line' id='line_1_61' title="bbox 782 2127 1444 2181; baseline 0.003 -14"><span class='ocrx_word' id='word_1_308' title='bbox 782 2143 892 2167; x_wconf 89' lang='lat' dir='ltr'>more</span> <span class='ocrx_word' id='word_1_309' title='bbox 915 2129 1010 2168; x_wconf 83' lang='lat' dir='ltr'><strong>dixit</strong></span> <span class='ocrx_word' id='word_1_310' title='bbox 1039 2143 1108 2181; x_wconf 84' lang='lat' dir='ltr'><strong><em>pro</em></strong></span> <span class='ocrx_word' id='word_1_311' title='bbox 1138 2127 1444 2181; x_wconf 81' lang='grc' dir='ltr'><strong><em>ἐκπληττόμενοι</em></strong></span> 
     </span>
     <span class='ocr_line' id='line_1_62' title="bbox 783 2187 1442 2238; baseline 0 -14"><span class='ocrx_word' id='word_1_312' title='bbox 783 2187 990 2237; x_wconf 80' lang='lat' dir='ltr'><strong><em>(stupentes,</em></strong></span> <span class='ocrx_word' id='word_1_313' title='bbox 1012 2187 1248 2225; x_wconf 77' lang='lat' dir='ltr'><strong><em>admiratione</em></strong></span> <span class='ocrx_word' id='word_1_314' title='bbox 1253 2187 1442 2238; x_wconf 81' lang='lat' dir='ltr'><strong><em>perculsi),</em></strong></span> 
     </span>
     <span class='ocr_line' id='line_1_63' title="bbox 781 2240 1441 2295; baseline -0.003 -14"><span class='ocrx_word' id='word_1_315' title='bbox 781 2251 824 2281; x_wconf 84' lang='lat' dir='ltr'><strong><em>ut</em></strong></span> <span class='ocrx_word' id='word_1_316' title='bbox 854 2243 953 2291; x_wconf 85' lang='lat' dir='ltr'>VIII,</span> <span class='ocrx_word' id='word_1_317' title='bbox 984 2245 1052 2284; x_wconf 80' lang='lat'><strong><em>92.</em></strong></span> <span class='ocrx_word' id='word_1_318' title='bbox 1083 2245 1154 2291; x_wconf 89' lang='lat' dir='ltr'><strong><em>IX,</em></strong></span> <span class='ocrx_word' id='word_1_319' title='bbox 1183 2240 1249 2284; x_wconf 82' lang='lat'><strong><em>48.</em></strong></span> <span class='ocrx_word' id='word_1_320' title='bbox 1282 2244 1441 2295; x_wconf 87' lang='lat' dir='ltr'><strong><em>Dionys.</em></strong></span> 
     </span>
     <span class='ocr_line' id='line_1_64' title="bbox 780 2299 1441 2350; baseline -0.003 -12"><span class='ocrx_word' id='word_1_321' title='bbox 780 2301 905 2338; x_wconf 85' lang='lat' dir='ltr'><strong><em>Halic.</em></strong></span> <span class='ocrx_word' id='word_1_322' title='bbox 925 2302 974 2337; x_wconf 89' lang='lat' dir='ltr'><strong><em>A.</em></strong></span> <span class='ocrx_word' id='word_1_323' title='bbox 994 2302 1042 2338; x_wconf 85' lang='lat' dir='ltr'><strong><em>R.</em></strong></span> <span class='ocrx_word' id='word_1_324' title='bbox 1062 2302 1091 2350; x_wconf 88' lang='grc' dir='ltr'><strong><em>Ι,</em></strong></span> <span class='ocrx_word' id='word_1_325' title='bbox 1114 2303 1168 2340; x_wconf 81' lang='lat'><strong><em>32</em></strong></span> <span class='ocrx_word' id='word_1_326' title='bbox 1189 2301 1226 2345; x_wconf 64' lang='grc' dir='ltr'><strong>ξ.</strong></span> <span class='ocrx_word' id='word_1_327' title='bbox 1247 2299 1285 2340; x_wconf 86' lang='grc'><strong>4.</strong></span> <span class='ocrx_word' id='word_1_328' title='bbox 1328 2299 1441 2337; x_wconf 87' lang='lat' dir='ltr'><strong><em>Haud</em></strong></span> 
     </span>
     <span class='ocr_line' id='line_1_65' title="bbox 780 2357 1439 2404; baseline -0.003 -8"><span class='ocrx_word' id='word_1_329' title='bbox 780 2357 929 2396; x_wconf 84' lang='lat' dir='ltr'><strong>diverso</strong></span> <span class='ocrx_word' id='word_1_330' title='bbox 960 2370 1072 2395; x_wconf 88' lang='lat' dir='ltr'><strong>sensu</strong></span> <span class='ocrx_word' id='word_1_331' title='bbox 1106 2358 1244 2394; x_wconf 87' lang='lat' dir='ltr'><strong>Noster</strong></span> <span class='ocrx_word' id='word_1_332' title='bbox 1269 2358 1339 2404; x_wconf 87' lang='lat' dir='ltr'><strong><em>IX,</em></strong></span> <span class='ocrx_word' id='word_1_333' title='bbox 1361 2359 1439 2398; x_wconf 87' lang='lat'><strong><em>82:</em></strong></span> 
     </span>
     <span class='ocr_line' id='line_1_66' title="bbox 778 2408 1440 2468; baseline -0.006 -13"><span class='ocrx_word' id='word_1_334' title='bbox 778 2412 1018 2468; x_wconf 76' lang='grc' dir='ltr'><strong><em>ἐκπλαγέντα</em></strong></span> <span class='ocrx_word' id='word_1_335' title='bbox 1038 2410 1086 2452; x_wconf 75' lang='grc' dir='ltr'><strong><em>τὰ</em></strong></span> <span class='ocrx_word' id='word_1_336' title='bbox 1119 2413 1363 2465; x_wconf 85' lang='grc' dir='ltr'><strong><em>προκείμενα</em></strong></span> <span class='ocrx_word' id='word_1_337' title='bbox 1392 2408 1440 2451; x_wconf 87' lang='grc' dir='ltr'><strong><em>α’-</em></strong></span> 
     </span>
     <span class='ocr_line' id='line_1_67' title="bbox 777 2468 1440 2525; baseline -0.009 -14"><span class='ocrx_word' id='word_1_338' title='bbox 777 2468 902 2525; x_wconf 80' lang='grc' dir='ltr'><strong><em>γαθοῖ.</em></strong></span> <span class='ocrx_word' id='word_1_339' title='bbox 936 2472 985 2507; x_wconf 85' lang='lat' dir='ltr'><strong><em>Et</em></strong></span> <span class='ocrx_word' id='word_1_340' title='bbox 1006 2470 1108 2508; x_wconf 85' lang='lat' dir='ltr'>conf.</span> <span class='ocrx_word' id='word_1_341' title='bbox 1129 2482 1285 2522; x_wconf 85' lang='lat' dir='ltr'><strong>quoque</strong></span> <span class='ocrx_word' id='word_1_342' title='bbox 1302 2471 1440 2506; x_wconf 89' lang='lat' dir='ltr'>Blom-</span> 
     </span>
     <span class='ocr_line' id='line_1_68' title="bbox 779 2525 1439 2576; baseline -0.006 -10"><span class='ocrx_word' id='word_1_343' title='bbox 779 2528 884 2569; x_wconf 84' lang='lat' dir='ltr'>field,</span> <span class='ocrx_word' id='word_1_344' title='bbox 911 2528 951 2563; x_wconf 86' lang='lat' dir='ltr'><strong><em>in</em></strong></span> <span class='ocrx_word' id='word_1_345' title='bbox 979 2528 1143 2565; x_wconf 81' lang='lat' dir='ltr'><strong><em>Glossar.</em></strong></span> <span class='ocrx_word' id='word_1_346' title='bbox 1180 2526 1229 2563; x_wconf 88' lang='lat' dir='ltr'><strong><em>ad</em></strong></span> <span class='ocrx_word' id='word_1_347' title='bbox 1259 2525 1439 2576; x_wconf 82' lang='lat' dir='ltr'><strong><em>Aeschyl.</em></strong></span> 
     </span>
     <span class='ocr_line' id='line_1_69' title="bbox 783 2582 1439 2635; baseline -0.002 -12"><span class='ocrx_word' id='word_1_348' title='bbox 783 2582 956 2635; x_wconf 84' lang='lat' dir='ltr'><strong>Choeph.</strong></span> <span class='ocrx_word' id='word_1_349' title='bbox 984 2585 1080 2622; x_wconf 84' lang='grc'><strong>211.</strong></span> <span class='ocrx_word' id='word_1_350' title='bbox 1137 2583 1196 2619; x_wconf 84' lang='lat' dir='ltr'><strong><em>De</em></strong></span> <span class='ocrx_word' id='word_1_351' title='bbox 1225 2583 1342 2621; x_wconf 81' lang='lat' dir='ltr'>verbo</span> <span class='ocrx_word' id='word_1_352' title='bbox 1372 2596 1439 2622; x_wconf 88' lang='grc' dir='ltr'><strong><em>πε-</em></strong></span> 
     </span>
     <span class='ocr_line' id='line_1_70' title="bbox 783 2637 1438 2694; baseline -0.012 -12"><span class='ocrx_word' id='word_1_353' title='bbox 783 2640 933 2694; x_wconf 87' lang='grc' dir='ltr'><strong><em>ριέπειν</em></strong></span> <span class='ocrx_word' id='word_1_354' title='bbox 954 2638 1034 2676; x_wconf 84' lang='lat' dir='ltr'><strong>dixi</strong></span> <span class='ocrx_word' id='word_1_355' title='bbox 1065 2637 1112 2675; x_wconf 92' lang='lat' dir='ltr'><strong><em>ad</em></strong></span> <span class='ocrx_word' id='word_1_356' title='bbox 1136 2639 1182 2686; x_wconf 88' lang='lat' dir='ltr'><strong><em>V,</em></strong></span> <span class='ocrx_word' id='word_1_357' title='bbox 1206 2643 1225 2679; x_wconf 90' lang='lat'>1</span> <span class='ocrx_word' id='word_1_358' title='bbox 1251 2646 1287 2676; x_wconf 81' lang='lat' dir='ltr'><strong><em>et</em></strong></span> <span class='ocrx_word' id='word_1_359' title='bbox 1309 2638 1356 2675; x_wconf 84' lang='lat' dir='ltr'><strong><em>de</em></strong></span> <span class='ocrx_word' id='word_1_360' title='bbox 1367 2651 1438 2675; x_wconf 82' lang='lat' dir='ltr'><strong><em>vo-</em></strong></span> 
     </span>
     <span class='ocr_line' id='line_1_71' title="bbox 783 2690 1437 2746; baseline -0.008 -10"><span class='ocrx_word' id='word_1_361' title='bbox 783 2699 869 2736; x_wconf 83' lang='lat' dir='ltr'><strong><em>cula</em></strong></span> <span class='ocrx_word' id='word_1_362' title='bbox 886 2690 930 2736; x_wconf 77' lang='grc' dir='ltr'><strong><em>εὗ</em></strong></span> <span class='ocrx_word' id='word_1_363' title='bbox 952 2696 989 2732; x_wconf 91' lang='lat' dir='ltr'><strong><em>in</em></strong></span> <span class='ocrx_word' id='word_1_364' title='bbox 1013 2695 1189 2733; x_wconf 86' lang='lat' dir='ltr'><strong><em>clausulis</em></strong></span> <span class='ocrx_word' id='word_1_365' title='bbox 1217 2696 1308 2746; x_wconf 88' lang='lat' dir='ltr'><strong>poni</strong></span> <span class='ocrx_word' id='word_1_366' title='bbox 1328 2696 1437 2733; x_wconf 85' lang='lat' dir='ltr'><strong>solita</strong></span> 
     </span>
     <span class='ocr_line' id='line_1_72' title="bbox 781 2750 1103 2801; baseline -0.009 -9"><span class='ocrx_word' id='word_1_367' title='bbox 781 2760 878 2792; x_wconf 85' lang='lat' dir='ltr'><strong>nott.</strong></span> <span class='ocrx_word' id='word_1_368' title='bbox 900 2750 949 2790; x_wconf 88' lang='lat' dir='ltr'><strong><em>ad</em></strong></span> <span class='ocrx_word' id='word_1_369' title='bbox 969 2753 1015 2801; x_wconf 94' lang='lat' dir='ltr'><strong><em>V,</em></strong></span> <span class='ocrx_word' id='word_1_370' title='bbox 1036 2754 1103 2793; x_wconf 88' lang='lat'><strong><em>27.</em></strong></span> 
     </span>
    </p>

    <p class='ocr_par' dir='ltr' id='par_1_13' title="bbox 1060 2803 1155 2848">
     <span class='ocr_line' id='line_1_73' title="bbox 1060 2803 1155 2848; baseline 0.011 -1"><span class='ocrx_word' id='word_1_371' title='bbox 1060 2807 1113 2848; x_wconf 82' lang='lat'><strong><em>46</em></strong></span> <span class='ocrx_word' id='word_1_372' title='bbox 1128 2803 1155 2830; x_wconf 44' lang='grc' dir='ltr'>ᾗ</span> 
     </span>
    </p>
   </div>
  </div>
 </body>
</html>
