1815 3181
292 1123 359 1168 63
417 1124 675 1182 ἀπάγεσθαι.

91 1186 149 1213 His
168 1187 348 1225 parentibus

91 1225 228 1246 na.c1tur
252 1221 362 1249 Dema-

90 1257 194 1292 rame,
221 1262 240 1281 a
258 1259 348 1290 patre

93 1274 231 1327 prium’m‚
250 1289 330 1328 quod

55 1351 60 1355 .
94 1324 184 1359 partu
202 1322 289 1349 nimis
301 1323 362 1350 cito

93 1353 193 1380 editus
214 1355 334 1382 xidere-

93 1391 159 1421 tur,
185 1395 239 1421 pro
258 1389 366 1423 genui

93 1429 132 1448 nu
150 1422 280 1451 habitus.

414 213 499 254 312

808 209 1270 248 HERODOTI

416 319 574 365 δώσειν
602 320 689 362 τῶν
719 316 885 361 ἑωυτοῦ
913 318 1092 363 παντων
1119 321 1169 363 ὲν
1198 318 1248 363 τό
1275 317 1330 361 ἂν
1354 316 1482 369 αὐτὸς
1509 317 1725 370 ἐκεῖνος5ο

415 387 584 442 ἕληται,
634 385 708 428 καὶ
748 386 827 428 τόν
857 386 1030 441 ἑταῖρον
1073 387 1220 443 ἑωυτῳ
1258 384 1423 429 ἐκέλευε
1461 380 1670 437 ὡσαύτως

387 453 500 510 ἓτὴν
541 453 698 508 ὁμοίην
739 452 920 497 διδόναι.

980 453 1003 498 ὁ
1045 455 1112 509 δὲ,
1161 454 1290 498 οὐδὲν
1315 453 1525 508 φοβηθεὶς
1563 450 1676 508 ἀμφὶ

413 524 467 577 τῇ
495 519 690 575 γυναικὶ,
735 517 877 572 ὁρέων
905 521 1067 565 έοῦσαν
1105 522 1179 566 καὶ
1212 519 1433 574 Ἀρίστωνι
1468 525 1670 575 γυναῖκα.

416 587 634 632 καταινέει
661 590 818 631 ταῦτα·
863 587 932 632 ἐπὶ
960 590 1154 632 τούτοισι
1184 589 1229 632 δὲ
1247 587 1408 642 ὅρκους
1436 587 1672 642 ἐπήλασαν.

389 653 528 709 δμετὰ
569 654 637 706 δὲ,
678 653 811 705 αὐτός
843 672 886 699 τε
927 655 949 700 ὁ
989 656 1194 711 Ἀρίστων
1231 657 1360 700 ἔδωκε
1389 657 1538 705 τοῦτο,
1576 653 1600 697 ὅ
1632 659 1727 698 τι55

418 722 472 778 δὴ
503 716 582 777 ἦν,
623 721 672 765 τό
699 724 832 766 εἵλετο
872 728 960 767 τῶν
988 726 1223 780 κειμηλίων
1250 726 1339 766 τῶν
1363 720 1617 776 Ἀρίστωνος
1646 719 1670 764 ὁ

405 787 605 845 ’Ἀγητος.

664 790 737 833 καὶ
767 789 921 842 αὐτὸς,
960 791 1039 847 τὴν
1074 790 1231 846 ὁμοίην
1268 788 1424 847 ζητέων
1459 789 1672 842 φέρεσθαι

415 855 523 910 παρ’
552 855 741 909 ἐκείνου,
773 858 966 902 ἐνθαῦτα
997 859 1049 915 δὴ
1075 862 1156 902 τοῦ
1186 858 1360 914 ἑταίρου
1389 855 1468 913 τήν
1486 860 1674 911 γυναῖκα

388 925 412 967 4
425 922 620 976 ἐπειρᾶτο
649 923 909 981 ἀπάγεσθαι.

968 925 993 971 ὁ
1033 926 1100 979 δὲ,
1147 925 1260 981 πλήν
1305 925 1467 969 τούτου
1505 922 1676 980 μούνου

417 991 472 1033 τὰ
502 991 631 1044 ἄλλα,
671 993 777 1049 ἔφη,
817 995 1087 1038 καταινέσαι·
1127 993 1473 1049 ἀναγκαζόμενος
1501 993 1579 1048 μέν
1607 1007 1676 1034 τοι

418 1061 480 1116 τῷ
508 1075 552 1102 τε
588 1059 727 1116 ὅρκῳ,
766 1062 838 1104 καὶ
867 1065 942 1118 τῆς
982 1060 1146 1118 ἀπάτης
1181 1065 1234 1118 τῇ
1263 1063 1522 1117 παραγωγῇ,
1565 1055 1735 1101 ducatio

736 1127 861 1171 Οὕτω
891 1130 970 1183 μὲν
995 1129 1046 1185 δὴ
1079 1129 1161 1185 τήν
1189 1131 1336 1185 τρίτην
1354 1127 1584 1184 ἐσηγάγετο
1605 1142 1678 1180 γυ-

420 1198 550 1236 ναῖκα
580 1194 603 1238 ὁ
629 1191 860 1247 Ἀρίστων,
891 1195 970 1251 τήν
1000 1196 1205 1251 δευτέρην
1234 1193 1607 1252 ἀποπεμψάμενος.
1633 1192 1681 1235 έν

422 1260 468 1303 δέ
499 1263 541 1304 οἰ
569 1261 710 1318 χρόνῳ
741 1262 965 1314 ἐλάσσονι,
1005 1264 1078 1306 καὶ
1106 1262 1158 1307 οὐ
1188 1262 1452 1318 πληρώσασα
1483 1260 1587 1312 τούς
1619 1259 1682 1303 δέ-

423 1344 479 1371 κα
498 1332 638 1385 μῆνας
666 1329 819 1387 ἡγυνὴ
842 1331 965 1387 αὕτη,
993 1332 1123 1374 τίκτει
1134 1335 1293 1374 τοῦτον
1314 1328 1366 1385 δή
1385 1328 1463 1372 τὸν
1478 1327 1682 1384 Δημάρη-

418 1410 519 1439 τον·
549 1399 634 1440 ’καί
669 1399 733 1449 τίς
772 1400 815 1441 οἱ
852 1402 940 1442 τῶν
980 1400 1178 1442 οἰκετέων
1210 1398 1257 1442 έν
1285 1397 1418 1454 θώκῳ
1458 1396 1739 1452 κατημένῳ65

395 1462 532 1518 Ξμετοὶ
562 1468 648 1508 τῶν
677 1464 874 1523 ἐφόρων,
904 1465 1140 1524 ἐξαγγέλλει
1170 1465 1229 1518 ὥς
1259 1467 1302 1511 οἱ
1328 1469 1430 1518 παῖς
1458 1463 1620 1522 γέγονε.
1658 1479 1681 1507 ο

371 1681 453 1719 fieri
479 1696 569 1720 sane
589 1684 772 1736 potuisse,
810 1691 853 1722 ut
882 1684 929 1722 de
956 1697 1025 1722 suo

372 1740 532 1792 quisque
582 1743 732 1792 peculio
782 1740 883 1779 dona
926 1743 1028 1778 invi-

373 1807 459 1832 cem
486 1797 556 1833 sibi
582 1800 787 1845 mitterent,
819 1811 909 1835 cum
927 1799 1029 1848 ipsos

373 1851 509 1890 fundos
537 1854 692 1904 singulis
711 1856 887 1905 gentibus
908 1867 1030 1906 aequa

372 1911 544 1959 portione
557 1913 760 1961 assignatos
780 1912 943 1948 alienare
954 1912 1008 1947 mi
1009 1932 1030 1938 -

373 1966 477 2002 nime
510 1967 652 2005 liceret.
679 1989 736 1996 —
776 1969 822 2005 In
847 1980 953 2020 seqq.
982 1967 1031 2005 ad

374 2022 488 2058 verba
523 2017 629 2073 αμφὶ
659 2026 710 2078 τῆ
732 2023 893 2077 γυναικὶ
928 2023 1031 2062 conf·

374 2076 510 2115 Matth.
532 2080 597 2116 Gr.
620 2081 686 2116 Gr.
706 2094 745 2131 p.
768 2081 890 2121 1158.

429 2129 572 2185 όρκους
598 2131 829 2188 ἐπήλασαν]
882 2138 940 2174 De
959 2135 1031 2173 hac

376 2189 566 2227 locutione
585 2191 663 2229 vid.
692 2192 741 2229 ad
769 2194 800 2239 Ι,
825 2191 902 2234 147
936 2199 1034 2230 nott.

378 2245 477 2282 citat
513 2247 731 2285 Herodotea
765 2247 938 2286 Eustath.
985 2247 1035 2284 ad

376 2302 420 2339 ΙΙ.
442 2315 480 2352 Ρ
501 2305 567 2350 70,
589 2302 693 2344 43s.
715 2302 781 2351 53,
803 2307 871 2344 27.
890 2303 1036 2341 —Ad

377 2370 490 2395 usum
508 2359 711 2396 verborum
741 2355 970 2411 ἀπάγεσθαι
1000 2366 1038 2400 et

378 2409 592 2466 ἐσάγεσθαι
607 2427 690 2466 cap.
710 2423 881 2467 sequent.
900 2423 1036 2453 tenen-

380 2469 428 2507 da
457 2477 567 2519 sunt,
608 2484 705 2523 quae
739 2470 786 2509 de
806 2473 922 2509 verbo
944 2487 1037 2524 αγε-

381 2530 478 2568 σθαι
490 2525 590 2564 hac
579 2540 619 2563 ιι]
640 2540 680 2564 re
690 2535 868 2579 usurpato
890 2529 1037 2580 aliquo-

381 2584 448 2620 ties
468 2584 700 2624 monuimus.
749 2584 859 2622 conf.
879 2592 975 2622 nott.
989 2583 1038 2622 ad

381 2640 445 2687 IV,
457 2643 591 2681 78.—
612 2635 719 2680 οἷπίει
731 2639 817 2678 dedi
827 2654 896 2692 pro
914 2635 1036 2690 ἀπιεῖ,

385 2702 426 2733 ut
445 2697 509 2744 Vl,
530 2696 597 2738 59.

594 2753 686 2818 ΟεΡ.
705 2753 843 2791 LXIII.

443 2803 812 2862 ἀποπεμψάμενος]
859 2823 882 2848 a
912 2823 945 2848 se
982 2810 1040 2847 div

1670 1460 1683 1476 ‘

1081 1688 1231 1722 mittens.
1288 1684 1355 1720 Tu
1381 1681 1489 1731 vide,
1511 1694 1608 1736 quae
1629 1679 1678 1718 ad
1696 1681 1743 1730 V,

1084 1744 1136 1782 39
1159 1740 1371 1778 citavimus.

1139 1797 1205 1837 καὶ
1234 1792 1282 1836 οὕ
1303 1790 1546 1847 πληρώσασα
1567 1792 1662 1840 τούς
1681 1791 1745 1832 δέ·

1085 1869 1137 1894 κα
1159 1856 1288 1904 μῆνας
1309 1850 1338 1903 ἦ
1358 1849 1460 1903 γυνή
1478 1847 1610 1903 αὕτη]
1641 1852 1747 1888 Haec

1087 1924 1108 1947 e
1122 1910 1270 1960 vulgari
1289 1916 1463 1946 veterum
1483 1909 1664 1958 opinione
1685 1905 1747 1944 di-

1087 1974 1159 2014 cta,
1180 1979 1298 2018 quam
1317 1965 1416 2001 infra
1436 1977 1589 2017 quoque
1607 1964 1671 2011 VI,
1692 1965 1747 2004 69

1086 2025 1211 2060 tenuit
1229 2025 1390 2066 Noster,
1420 2029 1457 2058 et
1478 2020 1525 2058 de
1545 2033 1620 2074 qua
1637 2021 1748 2071 plura

1089 2081 1187 2118 Gell.
1208 2082 1255 2116 N.
1277 2080 1326 2115 A.
1347 2079 1412 2125 HI,
1429 2080 1494 2118 16.
1524 2078 1624 2114 Cum
1643 2077 1749 2112 enitn

1087 2137 1129 2173 iu
1149 2137 1269 2173 lunari
1285 2141 1458 2172 veterum
1478 2146 1578 2170 anno
1608 2145 1749 2169 novem

1089 2205 1239 2229 menses
1271 2191 1449 2240 expleant
1478 2189 1556 2226 dies
1585 2188 1681 2236 265,
1707 2189 1749 2224 in

1091 2248 1202 2284 solari
1217 2254 1344 2284 nostro
1367 2245 1444 2282 dies
1465 2244 1559 2292 274,
1587 2243 1678 2281 hinc
1690 2244 1750 2281 fa-

1092 2311 1209 2350 ctum,
1229 2310 1271 2339 ut
1291 2303 1516 2353 plerumque
1538 2301 1650 2338 decem
1661 2313 1751 2351 gra-

1092 2359 1256 2397 viditatis
1282 2371 1431 2395 menses
1471 2356 1574 2408 apud
1604 2364 1751 2394 veteres

1093 2422 1346 2454 sumerentur.
1375 2412 1462 2452 Vid.
1491 2421 1588 2452 nott.
1609 2413 1659 2451 ad
1685 2414 1750 2462 VI,

1095 2474 1164 2513 69·

1152 2527 1194 2567 ἐν
1207 2522 1330 2567 θωκω
1341 2523 1570 2580 κατημένῳ
1565 2540 1658 2565 ιιετα
1668 2539 1751 2565 των

1092 2579 1280 2649 ἐφόρων]
1320 2584 1524 2620 Pausanias
1553 2562 1620 2631 1⁸11,
1649 2585 1688 2629 7,
1708 2585 1748 2630 7,

1094 2639 1258 2678 eadem
1248 2654 1288 2677 ιιι
1307 2651 1371 2677 re:
1414 2637 1481 2678 καὶ
1511 2635 1618 2692 αὐτῷ
1653 2635 1749 2690 μετοέ

1093 2712 1174 2736 των
1226 2693 1380 2746 ἐφόρων
1431 2694 1650 2761 καθημένω
1694 2693 1750 2735 ἐν

1096 2753 1185 2804 βου
1199 2755 1261 2806 λῇ
1292 2748 1420 2804 ἦλθεν
1449 2750 1603 2801 οἰκέτης
1624 2746 1754 2802 ἄπαγ-

1095 2807 1255 2862 γέλλων.
1312 2807 1551 2847 Herodotum
1568 2809 1599 2845 si
1617 2819 1754 2860 sequa-
