1834 3258
425 230 901 266 POLYMNIA.
960 229 1060 266 VII.

1290 229 1375 269 453

112 337 190 390 „toi
218 338 263 380 δὲ
293 335 448 391 σμικροὶ
480 335 613 380 οὐδέν
642 354 718 392 μιν
746 338 901 389 κνίζεις
933 336 1040 393 ὁρᾷς
1071 336 1116 379 δὲ
1145 334 1205 387 ὥς
1233 334 1276 386 ἐς
1307 338 1374 379 οἶ-

112 403 308 460 „minata
346 403 399 446 τὰ
437 404 616 458 μέγιστα
659 404 741 447 αἰεὶ
782 405 854 447 καὶ
889 404 1072 458 δένδρεα
1109 401 1161 447 τοὶ
1190 406 1374 446 τοιαῦτα

109 470 402 527 ,,α’ποσκήπτει
429 471 482 515 τὰ
503 471 650 526 βέλεα,·
682 471 820 528 φιλέει
849 473 933 528 γὰρ
956 473 978 516 ὁ
1009 473 1113 524 θεὸς
1132 470 1183 515 τά
1213 470 1373 524 ὑπερέ-
1386 478 1431 511 80

57 543 269 594 14,,χοντα
298 538 440 583 πάντα
470 539 686 583 κολούειν.
732 539 847 583 οὕτω
874 539 926 595 δὴ
957 540 1028 583 καὶ
1059 539 1242 592 στρατὸς
1272 543 1375 582 πολ-

51 737 168 772 Marc.
183 737 368 773 Antonin.
390 738 419 784 1,
445 738 496 777 10
515 750 553 787 p.
581 739 606 778 8
625 738 711 774 coll.

50 791 190 831 Athen.
214 795 281 839 XI,
299 796 352 834 39
371 807 408 843 p.
420 792 514 833 240.
527 792 710 844 Schwgh.

50 863 79 886 s.
99 863 136 899 p.
157 848 240 890 470
260 851 331 898 D.‚
362 850 429 886 ubi
457 850 642 900 κυμαίνει
665 847 710 890 td

51 904 172 951 δέπας
190 901 594 954 φανταζόμενος.

15 1002 19 1003 .
105 959 152 1000 τοὶ
174 961 216 1001 δὲ
238 959 381 1013 σμικρὰ
395 958 513 1001 οὐδέν
534 978 602 1014 μιν
622 963 710 1001 κνί-

48 1019 128 1066 ζει]
179 1020 457 1069 Wesselingius
498 1033 587 1056 cum
616 1021 709 1056 Rei—

46 1088 144 1112 ners.
165 1076 270 1114 Varr.
288 1077 411 1113 Lectt.
434 1077 498 1123 III,
523 1077 547 1116 5
568 1075 709 1113 horum

45 1132 250 1168 verborum
282 1133 359 1168 vim
391 1133 443 1168 ita
471 1133 607 1168 Latine
638 1147 709 1169 ex-

44 1189 158 1239 primi
189 1189 290 1226 vult:
323 1190 456 1225 minora
478 1191 591 1239 ipsum
618 1190 709 1226 m'hz'l

43 1248 194 1293 angunt.
242 1246 324 1290 Quo
346 1247 482 1282 rectius
503 1244 707 1296 Schweig-

36 1299 248 1339 haeuserus
268 1303 430 1339 verbum
459 1302 606 1349 κνίζειν
626 1316 705 1339 non

43 1365 124 1395 tam
141 1371 270 1407 angere
290 1360 466 1409 exponit,
491 1372 706 1410 quampun-

43 1428 147 1464 gere,
177 1416 350 1462 mordere,
390 1418 548 1463 irritare,
571 1417 705 1452 confe-

43 1485 130 1508 rens
147 1471 216 1516 VI,
236 1474 289 1511 62
311 1471 394 1520 (ubi
415 1471 489 1509 vid.
520 1473 636 1522 nott.)
667 1480 704 1510 et

44 1529 126 1575 VH,
142 1531 206 1576 12,
227 1529 293 1564 ubi
307 1528 459 1575 eadem,
480 1542 578 1580 quae
598 1528 637 1566 h.
660 1531 699 1577 1.,

45 1585 190 1621 obtinet
205 1586 323 1623 notio.
345 1586 473 1630 Quum
495 1587 597 1622 enim
612 1599 706 1623 mox

44 1643 147 1678 Deus
177 1641 332 1679 invidere
352 1641 501 1679 dicatur
521 1656 706 1693 arrogan-

44 1699 143 1735 tibus
157 1728 166 1746 ,
195 1699 311 1735 verba
333 1694 451 1737 ου’δὲν
481 1714 550 1749 μιν
571 1701 703 1748 κνίζει,

45 1762 88 1792 ut
98 1754 202 1792 idem
213 1756 310 1792 bene
332 1762 488 1792 annotat
502 1754 704 1806 Schweig—

44 1810 260 1859 hamserus,
272 1813 488 1862 significant
501 1825 511 1849 :
533 1813 703 1850 invidiam

43 1869 143 1906 illius
183 1882 253 1905 non
300 1873 454 1915 movent,
511 1869 703 1907 vindictam

43 1924 192 1962 eiusdem
208 1926 246 1961 in
269 1938 302 1961 se
320 1939 388 1962 non
409 1929 561 1973 vertunt,
576 1939 702 1977 quan—

43 1980 253 2033 doquidem
273 1982 423 2018 minora
443 1989 542 2029 sunt,
573 1995 700 2033 neque

41 2051 154 2088 supra
173 2039 343 2088 ipsorum
354 2045 531 2074 naturam
547 2051 626 2075 sese
642 2046 702 2075 at·-

41 2095 174 2132 tollere
214 2093 369 2136 audent.
401 2094 469 2131 Cr.
502 2094 550 2131 de
581 2096 700 2132 verbo

41 2151 188 2198 κνίζειν
215 2149 276 2188 hic
307 2158 501 2202 praeterea
540 2152 704 2188 conferri

41 2209 122 2245 vult
151 2209 281 2258 Ilgen:
324 2208 371 2244 ad
403 2209 700 2247 Hermesianact.

42 2265 80 2301 ‘m
101 2265 261 2315 Opuscc.
285 2263 431 2315 phjloll.
454 2267 470 2301 Ι
489 2278 576 2316 pag.
604 2266 701 2306 295.

95 2318 144 2359 τὰ
172 2323 336 2361 τοιαῦτα
372 2317 618 2372 οἷποσκηπτει
654 2337 701 2360 τα

42 2375 184 2428 βέλεα]
228 2379 444 2415 Articulum
475 2394 546 2426 τα,
582 2391 699 2430 quem

42 2441 130 2470 ante
151 2432 263 2484 βέλεα
283 2432 355 2484 (de
387 2448 462 2486 qua
483 2448 576 2472 voce
597 2436 697 2473 conf.

42 2497 137 2527 nott.
167 2489 216 2526 ad
252 2490 316 2538 IV,
361 2491 440 2542 79)
494 2493 699 2529 omiserant

42 2546 237 2585 Schaefer.
272 2554 308 2583 et
339 2547 489 2596 Matth„
519 2548 699 2600 equidem

43 2617 132 2641 cum
148 2602 385 2653 Schweigh„
402 2605 517 2642 Gaisf.
541 2613 577 2642 et
589 2605 697 2642 Bok-

44 2659 123 2699 ker.
149 2661 196 2697 ob
208 2661 410 2697 meliorum
422 2662 606 2698 librorum
626 2675 697 2698 au-

41 2718 252 2754 ctoritatem
273 2718 420 2756 retinui.
463 2715 510 2756 τοέ
533 2720 696 2756 τοιαῦτα

41 2772 228 2820 (eiusmodi
243 2774 398 2823 arbores)
429 2787 517 2811 cnm
542 2776 576 2812 vi
601 2788 697 2826 qua-

42 2828 129 2867 dam
141 2829 227 2880 dici,
240 2837 281 2868 ut
292 2831 549 2881 intelligantur
559 2828 604 2870 τοὶ
625 2830 696 2881 μὲ-

771 749 895 788 γιστα,
908 749 1024 773 nemo
1034 749 1112 773 non
1126 738 1250 775 sentit.
1275 735 1336 773 Ad
1347 750 1429 773 ver-

768 795 863 830 bum
895 788 1166 843 ἀποσκήπτειν
1189 793 1236 830 de
1255 794 1431 829 fulmini-—

767 852 849 898 bus,
865 864 962 902 quae
974 851 1126 897 feriunt,
1160 849 1303 886 dictum
1325 863 1430 887 com-

766 907 882 944 mode
917 908 1034 944 citant
1071 905 1253 956 Sophocl.
1285 906 1429 943 Trach.

769 966 888 1011 1103,
910 965 976 1000 ubi
998 959 1331 1014 ἐγκατασκήπτειν
1363 963 1428 1013 βέ-

765 1023 843 1065 λος.
885 1022 951 1057 Tu
972 1019 1048 1057 vid.
1073 1021 1102 1066 Ι
1127 1019 1205 1059 105
1226 1021 1315 1071 ibiq.
1333 1027 1428 1056 nott.

764 1077 828 1122 IV
856 1079 909 1116 79
943 1084 979 1113 et
1015 1077 1115 1113 conf.
1138 1072 1429 1123 κατασκήπτειν

764 1132 845 1180 VH,
863 1131 1094 1173 134—137.
1117 1133 1214 1179 V‚lII
1236 1133 1301 1172 65.
1324 1134 1429 1168 Pau-

765 1202 844 1227 san.
867 1190 933 1235 ΙΙΙ,
959 1191 1010 1228 12
1033 1190 1068 1233 ξ.
1094 1191 1131 1228 6.
1190 1190 1367 1239 Namque
1379 1188 1427 1225 acl

765 1247 837 1282 alia
859 1258 1012 1296 quoque
1025 1245 1111 1281 dein
1123 1245 1347 1281 transfertur
1356 1259 1428 1282 vo·-

765 1303 888 1339 cabuli
910 1301 1022 1338 huius
1043 1304 1098 1339 vis
1127 1315 1171 1338 ac
1191 1308 1368 1352 potestas.

819 1357 946 1408 φιλέει
965 1355 1039 1410 γάρ
1057 1357 1081 1398 ὅ
1100 1355 1195 1405 θεὸς
1217 1355 1264 1396 τοὶ
1282 1357 1428 1407 ’ὑπερέ-

762 1430 882 1466 χοντα
916 1412 1049 1454 πάντα
1080 1411 1290 1462 κολούειν]
1324 1415 1429 1464 „Qui

761 1473 925 1522 superbos
942 1474 1100 1521 sequitur
1118 1472 1218 1508 ultor
1237 1470 1341 1519 deus,
1362 1485 1427 1508 so-

762 1530 815 1565 let
835 1544 928 1575 τους
941 1524 1352 1580 μεγαληγορήσαντας,
1370 1543 1426 1574 ως

761 1588 897 1624 πλεῖον
919 1587 1195 1636 φρονοῦντας,
1226 1600 1425 1623 ταπεινω-

762 1653 839 1690 σαι,
853 1649 895 1678 ut
914 1643 1082 1693 loquitur
1094 1640 1276 1692 Xenoph.
1296 1642 1422 1680 Anab.

760 1699 822 1745 VI⁷
849 1702 867 1737 1
889 1700 923 1744 ξ.
949 1701 999 1739 18
1017 1697 1094 1737 vid.
1117 1697 1297 1749 Aeschyl.
1318 1699 1423 1735 Pers.

760 1756 883 1795 829.“
911 1755 1130 1793 Valcken.
1162 1754 1223 1791 Ad
1244 1753 1422 1805 Aeschyli

759 1809 863 1848 hunc
885 1813 1015 1849 locum
1037 1811 1118 1860 (vs.
1141 1812 1247 1862 832)
1278 1812 1422 1851 Blomf,

758 1869 796 1904 in
821 1869 984 1905 Glossar.
1015 1869 1248 1904 simillimam
1268 1869 1424 1918 Euripi—

758 1924 815 1960 dis
847 1925 1075 1961 sententiam
1106 1925 1245 1960 excitat
1268 1926 1309 1960 in
1341 1926 1423 1960 He-

758 1982 848 2017 racl.
872 1984 967 2022 388.
1023 1981 1235 2017 Coniuncta
1255 1988 1341 2018 sunt
1362 1988 1423 2017 ta—

758 2038 807 2073 lia
837 2051 925 2074 cum
956 2037 1141 2074 Herodoti
1169 2039 1355 2073 sententia
1374 2037 1421 2074 de

759 2093 920 2130 deorum
940 2093 1094 2142 invidia,
1127 2095 1232 2130 cuius
1253 2108 1345 2131 mox
1366 2095 1420 2130 in-

758 2151 883 2187 iicitur
921 2152 1089 2198 mentio,
1139 2149 1187 2187 de
1227 2164 1302 2202 qua
1338 2151 1416 2188 vid.

759 2215 852 2244 nott.
895 2207 943 2244 ad
981 2209 1011 2255 I,
1041 2210 1106 2248 32.
1136 2209 1202 2255 III,
1237 2208 1292 2248 40
1333 2209 1420 2244 coll.

759 2264 1016 2301 Hoffmeister.
1047 2266 1071 2301 l.
1093 2265 1118 2300 l.
1140 2278 1178 2315 p.
1201 2267 1267 2305 29.
1298 2266 1419 2301 Nam—

760 2335 857 2373 que⁷
906 2328 949 2358 ut
984 2323 1034 2358 ait
1072 2323 1217 2372 laeger.
1254 2323 1419 2372 Disputt.

759 2377 928 2417 Herodd.
951 2391 1039 2428 pag.
1060 2376 1127 2424 41,
1158 2378 1257 2414 vitae
1277 2377 1418 2414 huma—

755 2448 829 2471 nae
860 2449 909 2471 ex
944 2434 1129 2471 Herodoti
1158 2442 1288 2472 mente
1316 2441 1418 2471 certa

756 2491 941 2529 destinata
970 2499 1024 2528 est
1051 2489 1217 2528 conditio
1239 2499 1275 2529 et
1294 2492 1417 2528 felici-

754 2550 839 2585 tatis
872 2547 1029 2600 quidam
1048 2546 1208 2596 modus,
1243 2562 1319 2601 quo
1342 2547 1415 2583 hu·—

754 2618 869 2642 mana
890 2605 1027 2642 distant
1043 2618 1062 2641 a
1084 2604 1232 2642 divinis.
1291 2606 1413 2650 Quam

754 2675 882 2699 rerum
902 2661 1157 2698 humanarum
1169 2669 1308 2698 sortem
1322 2660 1413 2697 deus

754 2726 864 2756 tuens
893 2726 1006 2771 atque
1037 2731 1213 2764 servans,
1245 2717 1415 2767 reprimit

755 2774 956 2812 hominum
976 2781 1133 2811 conatus
1145 2775 1239 2810 ultra
1255 2772 1413 2809 modum

754 2846 833 2870 sese
854 2830 1047 2869 efferendi.
1109 2831 1206 2867 Hinc
1237 2831 1297 2867 issa
1319 2829 1413 2867 deo-
