1806 3181
280 102 364 143 822
839 115 1195 161 ADDENDA

499 216 539 250 Il.
563 216 688 260 xvnr,
714 219 793 264 543,
817 222 875 256 ubi
899 221 1092 270 ἐλάστρεον
1115 237 1284 274 exponunt
1306 229 1479 279 ἤλαυνον.
1505 259 1542 266 —-
1583 241 1642 284 Iis,
1666 255 1753 290 quae

499 262 542 295 ad
576 274 649 308 cap.
673 266 718 300 25
745 278 777 311 p.
802 268 870 304 482
893 270 935 304 de
958 273 1067 307 Εἰοηο
1090 275 1242 319 diximus,
1275 281 1351 313 add.
1378 283 1579 329 Cousinery.
1611 289 1752 334 Voyage

495 318 538 340 en
561 308 694 344 Maced.
720 311 735 344 I
756 323 790 356 p.
817 316 891 351 119.
938 318 1148 362 Strymonem
1171 322 1279 358 adhuc
1302 337 1322 359 a
1343 326 1500 372 Bulgaris
1523 332 1587 365 dici
1610 334 1752 371 Struma

494 351 583 386 idem
618 356 776 390 observat
809 370 843 403 p.
878 363 956 395 209.
991 366 1066 398 211.
1115 366 1191 407 Quo
1225 368 1329 414 igitur
1352 375 1527 420 probatur,
1550 379 1638 422 quod
1662 380 1750 416 infra

495 398 538 431 ad
554 400 681 434 Herod.
710 403 785 447 vll,
811 407 874 441 113
898 418 931 451 p.
948 410 1014 444 603
1030 410 1181 446 diximus.

276 459 328 494 Ad
355 461 426 504 VII,
443 464 487 500 28
511 476 590 509 pag.
614 467 682 502 486
704 469 760 503 lin.
787 472 817 506 1.
864 472 1006 517 Argenti
1029 477 1155 512 talenta
1180 480 1244 514 duo
1267 482 1390 526 millia,
1415 485 1457 519 ad
1474 495 1606 524 nostros
1631 503 1746 528 numos

493 512 604 545 relata
641 514 792 550 efficiunt
824 528 983 553 summam
1015 524 1199 565 2,75o,ooo
1230 527 1367 563 thalerr.
1400 531 1458 574 (si
1489 535 1620 578 quidem
1657 540 1747 574 1375

491 556 631 593 thalerr.
668 560 829 594 talentum
858 566 1094 612 constituunt).
1141 571 1272 610 Quibus
1299 574 1326 606 si
1351 576 1453 610 addas
1477 584 1637 615 staterum
1660 595 1746 628 qua-

490 602 684 646 dringentas
707 607 874 650 myriades
897 609 972 644 sive
997 614 1087 656 (nam
1119 615 1240 662 singuli
1262 623 1405 654 stateres
1429 626 1628 660 conveniunt
1661 641 1746 673 qua-

488 651 566 680 tuor
589 649 725 685 thalerr.
751 656 786 685 et
808 657 1062 698 quatuordecim
1086 663 1214 705 gross.)
1238 665 1441 708 18‚301,{>5o
1463 669 1613 714 thalerr.,
1639 674 1746 708 fortu-
1799 690 1806 696 ·

411 706 420 713 s
490 704 606 727 narum
627 694 715 729 illius
738 708 863 733 summa
888 701 1012 736 existet
1035 707 1249 748 21‚051‚25o.
1296 712 1468 746 Accedunt
1491 726 1564 760 cap.
1596 720 1640 753 29
1665 730 1744 765 sep-

488 741 556 771 tem
578 739 667 773 mille
689 747 834 777 stateres
858 745 933 780 sive
955 750 1080 789 32083
1103 752 1240 788 thalerr.
1264 754 1401 800 8gr0ss.
1412 758 1502 794 Tota
1526 761 1630 806 igitur
1652 775 1742 798 sum-
1803 766 1806 771 ⁴

488 793 542 816 ma
566 785 633 818 erit
655 788 793 830 21,083,
816 791 897 826 333.

269 845 318 879 Ad
345 847 417 890 VII,
443 850 489 886 30
512 850 570 884 fin.
595 863 671 897 pag.
696 854 763 890 488
786 856 841 890 lin.
868 860 889 894 7
911 857 1103 905 Κύδραρα.
1148 864 1246 899 Hanc
1270 867 1386 902 urbem
1408 875 1530 914 postea
1546 874 1738 913 Laodiceae

485 896 617 930 nomine
650 900 748 934 valde
781 902 980 939 inclaruisse
1011 909 1130 942 scribit
1155 911 1199 944 ad
1223 912 1255 945 h.
1280 912 1302 946 l.
1327 914 1485 959 Schoell.‚
1507 931 1609 964 quum
1631 922 1737 967 Phry·
1798 921 1806 928 “

485 941 563 984 giae
587 943 790 980 Pacatianae
812 949 915 983 fuerit
937 957 1050 996 caput,
1076 965 1097 987 a
1119 955 1243 990 Turcis
1266 960 1462 1004 occupatam
1481 975 1567 998 anno
1590 969 1677 1003 1255
1700 980 1736 1013 p.

487 987 567 1020 Chr.
591 1000 623 1021 n.
649 995 684 1023 et
707 1003 728 1025 a
750 992 919 1038 Mongolis
942 1002 1109 1033 vastatam
1132 1001 1216 1035 duce
1239 1002 1390 1047 Timure,
1415 1018 1500 1041 anno
1514 1010 1614 1049 1402.
1637 1013 1738 1047 Nunc

483 1031 573 1065 iacet
603 1034 716 1069 diruta
746 1049 930 1085 nomenque
958 1042 1035 1076 tulit
1067 1046 1291 1082 Eski-Hissar
1319 1049 1341 1086 ἱ.
1377 1063 1406 1085 e.
1441 1056 1602 1100 autiquae
1634 1061 1736 1094 arcis.

480 1077 573 1111 Idem
598 1079 743 1118 Schoell.
767 1085 884 1118 urbem
908 1087 1128 1130 Callatcbum,
1153 1093 1246 1126 cuius
1269 1094 1302 1127 in
1326 1097 1475 1139 proximo
1499 1112 1571 1146 cap.
1592 1103 1633 1136 fit
1644 1115 1737 1138 men·

482 1122 543 1163 tio,
568 1125 610 1157 ad
635 1126 815 1171 Cogamum
839 1132 975 1165 fluvium
1001 1134 1099 1169 sitam
1123 1137 1230 1171 fuisse
1253 1140 1382 1183 scribit,
1406 1145 1514 1179 medio
1531 1158 1614 1182 aevo
1637 1150 1736 1184 valde

481 1167 656 1211 insignem,
685 1184 757 1207 cum
781 1176 938 1219 primaria
972 1179 1044 1213 fere
1068 1182 1168 1215 fuerit
1192 1183 1409 1228 arx-Lydiae
1439 1194 1474 1223 et
1500 1193 1597 1235 quasi
1631 1195 1735 1229 clavis

482 1214 587 1248 totius
618 1220 749 1260 terrae,
783 1232 803 1253 a
838 1221 1020 1257 Baiazethe
1051 1232 1151 1270 capta
1181 1239 1265 1262 anno
1302 1233 1386 1267 1391
1411 1233 1575 1281 hodieque
1597 1240 1734 1284 cognita

479 1260 542 1292 sub
566 1262 695 1296 nomine
719 1266 943 1301 Alla-Sckehr
966 1269 1015 1314 (id
1038 1273 1126 1316 quod
1146 1274 1202 1307 dei
1225 1276 1338 1309 urbem
1361 1278 1540 1325 declarat).

263 1321 316 1354 Ad
343 1322 417 1366 VII,
441 1325 482 1360 31
508 1337 586 1371 pag.
610 1327 676 1364 489
698 1330 756 1364 lin.
780 1332 812 1367 5.
837 1333 1090 1373 πλατάνιστον.
1138 1340 1204 1374 Est
1223 1344 1390 1385 platanus
1414 1349 1592 1385 orientalis
1615 1351 1728 1396 Linn.‚

479 1371 573 1405 cuius
597 1374 698 1408 etiam
724 1377 889 1413 Homerus
913 1383 1061 1417 meminit
1083 1385 1122 1419 Il.
1145 1385 1192 1426 ΙΙ,
1216 1389 1295 1430 310,
1319 1391 1377 1424 ubi
1401 1395 1486 1428 conf.
1511 1396 1637 1431 Bothe.

265 1422 313 1455 Ad
339 1425 415 1467 VII,
437 1428 482 1462 35
505 1439 582 1472 pag.
608 1428 671 1465 495
688 1431 745 1466 lin.
771 1434 800 1467 1.
850 1435 924 1470 Vim
947 1439 1136 1482 particulae
1158 1438 1231 1487 ἤδη
1261 1444 1467 1483 intendentis
1497 1456 1532 1485 et
1565 1454 1727 1499 amplian-

477 1472 522 1506 tis
553 1475 629 1508 hinc
651 1477 783 1511 notavit
805 1479 970 1527 Hartung.
994 1484 1105 1520 Lehre
1126 1499 1157 1521 v.
1169 1488 1202 1523 d.
1224 1490 1352 1534 griech.
1376 1494 1472 1531 Part.
1495 1497 1513 1530 I
1527 1510 1562 1543 p.
1585 1502 1665 1536 242.
1689 1503 1726 1546 3,

477 1518 583 1553 citans
604 1532 737 1567 quoque
759 1524 884 1560 Herod.
907 1528 956 1571 II,
983 1531 1037 1566 15.

261 1567 312 1602 Ad
337 1569 414 1614 VII,
437 1574 481 1609 36
503 1586 581 1620 pag.
607 1577 673 1612 498
695 1579 754 1614 lin.
779 1582 810 1614 1.
833 1583 957 1617 verba:
983 1584 1044 1620 ἵνα
1068 1584 1280 1646 ἀνακωχεύῃ
1303 1591 1368 1628 το“ν
1387 1593 1500 1631 τόνον
1512 1600 1587 1633 τῶν
1600 1597 1725 1636 ὅπλων

477 1620 607 1675 Negris'
625 1623 674 1657 ita
696 1623 960 1670 interpretatur:
1004 1631 1056 1671 εἰς
1079 1632 1219 1677 τρόπον
1248 1649 1346 1673 οπου
1372 1638 1391 1675 ὁ
1418 1640 1509 1686 ῥοῦς
1531 1644 1579 1679 vde
1604 1648 1723 1693 κρατῇ

474 1677 540 1699 τον
563 1679 674 1701 τονον
696 1670 771 1703 τῶν
795 1674 974 1714 σχοινιῶν.
998 1696 1043 1703 -
1088 1680 1126 1712 In
1150 1680 1217 1714 fine
1241 1694 1315 1727 cap.
1339 1697 1418 1730 pag.
1440 1688 1508 1725 502
1529 1690 1587 1725 lin.
1603 1694 1626 1727 2
1657 1705 1722 1727 κα-

472 1710 695 1754 τανάξαντες
716 1716 801 1750 idem
824 1718 949 1762 Negris
971 1721 1072 1757 habet
1093 1728 1428 1772 καταπατήσαντες.

257 1760 308 1794 Ad
338 1751 414 1807 VII,
435 1766 480 1801 39
504 1779 583 1813 pag.
603 1770 672 1805 505
702 1771 760 1807 lin.
798 1775 831 1809 9.
867 1773 961 1822 αὐτῇ
993 1780 1147 1822 γυναικί.
1194 1783 1292 1819 Conf.
1332 1787 1486 1826 Nitzsch.
1516 1792 1560 1826 ad
1595 1793 1720 1839 odyss,

468 1813 563 1856 VIII,
588 1817 654 1851 186
676 1828 753 1862 pag.
780 1821 857 1855 191.

259 1863 308 1898 Ad
332 1866 408 1910 VII,
431 1867 473 1903 41
499 1881 577 1915 pag.
594 1872 660 1908 511
684 1873 743 1908 lin.
768 1876 801 1910 3.
825 1876 877 1911 Ad
899 1890 1013 1914 vocem
1034 1883 1131 1926 μῆλα
1155 1885 1282 1931 Negris
1305 1900 1346 1923 ex
1364 1892 1638 1930 antecedentibus
1661 1908 1718 1931 as-

471 1917 555 1948 sumi
580 1919 654 1951 vult
675 1918 819 1963 χρύσεα.
866 1923 966 1964 Quod
985 1927 1026 1960 ad
1049 1940 1119 1962 rem
1146 1932 1274 1972 attinet,
1297 1935 1331 1968 in
1354 1937 1532 1972 ruderibus
1547 1940 1716 1987 Persepo-

471 1960 584 1995 litanis
616 1964 681 1997 vin'
710 1966 815 2001 hastis
848 1971 981 2013 armati,
1021 1985 1107 2017 quae
1130 1974 1162 2009 in
1187 1978 1319 2021 globum
1343 1983 1431 2026 pomi
1454 1985 1592 2019 formam
1615 1998 1716 2032 prae-

469 2005 601 2042 bentem
632 2009 807 2055 desinunt,
830 2025 904 2047 cum
927 2019 1187 2064 conspiciantur,
1211 2024 1287 2057 hinc
1310 2028 1573 2073 melophororum
1594 2043 1713 2067 nomen

467 2053 576 2096 repeti
600 2055 671 2089 vult
692 2057 720 2091 I.
746 2058 788 2091 de
810 2059 978 2098 Hammer.
999 2064 1033 2096 in
1057 2068 1186 2102 Annall.
1212 2070 1387 2106 Viennens.
1412 2074 1526 2108 LXIII
1556 2088 1592 2121 p.
1615 2080 1647 2119 6,
1679 2079 1714 2113 in

466 2108 506 2129 eo
528 2103 638 2133 tamen
660 2101 786 2146 lapsus,
809 2105 897 2148 quod
920 2107 1009 2151 apud
1035 2110 1240 2148 Herodotum
1266 2116 1326 2150 hoc
1348 2117 1457 2162 ipsum
1478 2131 1596 2155 nomen
1616 2123 1714 2157 inve-

467 2141 531 2174 niri
552 2144 612 2179 ait.
659 2147 794 2182 Etenim
817 2161 885 2184 rem
901 2160 1061 2189 memorat
1081 2156 1239 2193 historiae
1261 2165 1369 2205 pater,
1390 2176 1508 2199 nomen
1529 2166 1635 2211 ipsum
1657 2173 1712 2203 ta-

465 2192 528 2220 cet.
559 2208 595 2214 —
622 2191 706 2225 Ibid.
730 2194 786 2227 lin.
809 2196 831 2230 5
853 2207 915 2240 pro
943 2198 1158 2237 διελέλειπτο
1189 2205 1315 2249 Negris
1347 2208 1453 2242 edidit
1483 2209 1638 2247 διέλειπὲ
1670 2224 1711 2248 τε

463 2237 498 2264 et
519 2235 671 2269 voculam
700 2245 892 2283 sequentem
923 2243 985 2277 καὶ
1017 2247 1109 2280 uncis
1131 2249 1287 2291 inclusit,
1319 2253 1381 2286 nisi
1412 2257 1569 2291 mutanda
1598 2259 1645 2292 sit
1673 2259 1708 2294 in

457 2288 513 2320 κη.
569 2280 656 2358 gliti
691 2286 811 2319 vocula
843 2285 907 2321 καὶ
930 2289 1125 2327 intensivam
1156 2294 1222 2329 vim
1250 2297 1305 2333 hic
1346 2310 1518 2336 assumere
1562 2303 1706 2349 videtur,

456 2325 520 2366 vel,
544 2336 565 2358 a
593 2338 640 2362 eo.

421 2377 464 2412 43
487 2378 560 2415 init.
583 2392 659 2426 pag.
683 2383 761 2420 512.
807 2385 859 2420 De
886 2389 1095 2426 Scamandro
1110 2394 1214 2431 fluvio
1239 2398 1325 2431 conf.
1350 2399 1462 2437 Bothe
1498 2404 1544 2438 ad
1565 2404 1704 2441 Homeri

459 2423 497 2457 Il.
522 2425 615 2468 XIV,
638 2428 716 2471 434,
739 2431 796 2464 ubi
821 2444 839 2465 e
864 2433 1096 2472 Lechevalieri
1120 2440 1204 2474 libro
1225 2442 1383 2488 (voyage
1398 2447 1440 2481 de
1462 2450 1496 2483 la
1519 2451 1647 2486 Troad.
1671 2453 1705 2487 11

460 2480 494 2513 p.
525 2472 589 2507 193
613 2473 664 2506 cd.
688 2477 786 2519 tert.)
809 2478 920 2522 affert,
943 2482 1183 2519 Scamandrum
1204 2487 1302 2522 hodie
1326 2491 1381 2524 vix
1414 2495 1574 2538 appellari
1605 2508 1704 2541 posse

462 2513 613 2559 fluvium,
634 2530 729 2564 quem
745 2521 917 2559 duodecim
939 2528 1041 2571 pedes
1062 2531 1134 2563 sere
1150 2531 1249 2566 latum
1272 2538 1408 2580 tresque
1417 2539 1518 2574 altum
1538 2541 1703 2577 invenerit

463 2559 754 2645 Leghlzvqherb—
776 2567 867 2603 Idem
888 2571 986 2607 Both.
1010 2574 1052 2608 ad
1076 2575 1114 2610 Il.
1129 2576 1175 2619 11,
1199 2579 1265 2614 819
1288 2583 1413 2618 consul.
1436 2584 1480 2619 ad
1502 2584 1700 2631 Δάρδανον

459 2615 493 2648 p.
616 2621 660 2643 ln.
710 2638 718 2645 .

245 2650 297 2685 Ad
330 2654 405 2700 vn,
435 2659 479 2695 49
501 2662 535 2706 §.
569 2665 591 2700 2
614 2677 690 2711 pag.
722 2669 786 2704 521
825 2671 880 2707 lin.
917 2675 950 2710 7.
997 2676 1117 2712 Verbis
1141 2678 1213 2714 αἰεὶ
1243 2681 1481 2728 κλεπτόμενος
1522 2690 1604 2723 haec
1635 2688 1695 2722 ad·

244 2370 297 2403 Ad
324 2372 397 2416 vu,
