1789 3213
0 534 43 580 36

429 141 903 180 POLYMNIA.
962 141 1065 178 Vll.

1286 139 1368 179 731

80 255 247 297 4κοντα
284 249 500 307 μυριάδας
544 251 683 295 δοκέω
718 250 944 306 γενέσθαι.
974 241 1196 292 αὗταιῶν
1225 247 1271 289 αἱ
1289 262 1370 301 μυ-

109 320 253 376 ριάδες
281 319 447 376 κείνῃσι
476 323 786 372 προστεθεῖσαι
815 322 915 376 τῇσι
943 318 991 361 ἐκ
1017 320 1092 373 τῆς
1115 313 1277 370 Ἀσίης,
1306 313 1371 368 γί-

110 404 262 432 νονται
294 388 354 430 αἱ·
375 390 513 430 πᾶσαι
542 385 719 440 ἀνδρῶν
749 387 796 429 αἱ
824 385 1004 442 μάχιμοι
1039 382 1248 439 μυριάδες
1283 383 1370 437 διη-

107 455 254 501 κόσιαι
281 456 356 499 καὶ
384 454 588 511 ἑξήκοντα
616 455 691 499 καὶ
717 454 921 509 τέσσερες,
952 454 1085 496 ἔπεισι
1116 452 1162 495 δὲ
1191 448 1375 506 ταύτῃσι

108 522 390 574 ἑκατοντάδες
427 522 677 577 ἑκκαίδεκα,
726 521 799 566 καὶ
849 521 988 573 δεκάς.

1051 523 1141 563 Τοῦ
1180 519 1372 574 μαχίμου

109 593 157 636 δὲ
184 591 346 636 τούτου
375 590 522 643 ἐόντος
552 589 745 646 ἀριθμὸν
769 588 998 643 τοσούτου,
1027 588 1107 645 τὴν
1125 588 1374 642 θεραπηίην

108 659 190 718 τὴν
227 660 443 716 ἑπομένην
485 658 704 710 τούτοισι,
743 657 817 701 καὶ
846 656 951 708 τούς
982 657 1029 700 ἐν
1056 661 1170 700 τοῖσι
1200 659 1428 710 ‹mmm-65

107 733 226 785 γοῖσι
256 726 458 772 ἀκάτοισι
496 725 675 777 ἐόντας,
719 726 793 769 καὶ
835 724 949 781 μάλα
978 724 1027 768 ἐν
1057 729 1171 768 τοῖσι
1201 722 1374 766 ἄλλοισι

107 797 300 839 πλοίοισι
328 800 443 839 τοῖσι
463 794 553 849 ἅμα
573 793 753 838 πλέουσι
769 797 824 852 τῇ
844 796 1044 850 στρατιῇ,
1075 791 1264 842 τούτους
1284 792 1376 832 τῶν

107 865 306 919 μαχίμων
351 862 529 916 ἀνδρῶν
566 861 620 906 οὐ
650 863 789 907 δοκέω
829 860 940 906 εἶναι
969 861 1229 912 ἐλάσσονας,
1266 857 1376 901 ἀλλὰ

80 935 320 983 Ξπλεῦνας-
350 930 424 974 καὶ
454 930 506 987 δή
534 942 670 987 σφεας
699 930 835 974 ποιέω
864 933 991 982 ἰ’σους
1013 929 1218 974 ἐκείνοισι
1248 924 1375 977 εἶναι,

109 1001 183 1043 καὶ
225 1000 326 1043 οὔτε
363 1001 573 1051 πλεῦνας,
614 997 717 1043 οὔτε
746 998 985 1051 ἐλάσσονας
1025 998 1177 1042 οὐδέν·
1214 993 1433 1048 {gmon-70

108 1082 234 1122 μενοι
262 1066 308 1110 δὲ
335 1061 458 1109 οὗτοι
486 1070 548 1125 τῷ
576 1069 759 1125 μαχίμῳ,
791 1067 1057 1124 ἐκπληροῦσι
1081 1065 1158 1116 τὰς
1179 1065 1277 1115 ἰ’σας
1297 1079 1378 1118 μυ-

77 1141 98 1175 3
111 1133 264 1188 ριάδας
313 1134 512 1191 ἐκείνῃσι.

575 1135 701 1178 Οὕτω
750 1136 1034 1191 πεντηκοσίας
1075 1149 1119 1177 τε
1158 1129 1378 1188 μυριάδας

47 1240 51 1242 s
111 1203 185 1246 καὶ
224 1204 362 1246 ε’ίκοσι
398 1203 472 1246 καὶ
510 1201 653 1255 ὀκτώ,
693 1203 767 1246 καὶ
796 1202 993 1259 χιλιάδας
1021 1206 1148 1255 τρεῖς,
1182 1200 1255 1243 καὶ
1284 1198 1378 1242 ἕκα-

111 1269 325 1322 τοντάδας
355 1269 450 1323 δυό,
480 1271 552 1315 καὶ
583 1269 769 1322 δεκάδας
800 1271 881 1315 δύο
913 1268 1090 1324 ἀνδρῶν
1119 1267 1251 1324 ἤγαγε
1275 1267 1379 1322 Ξέρ-

113 1339 186 1394 ξης
215 1337 238 1381 ὁ
280 1340 474 1392 Δαρείου
514 1338 640 1395 μέχρι
674 1338 907 1396 Σηπιάδος
936 1339 1009 1382 καὶ
1053 1334 1436 1393 Θερμοπυλέων.75

0 1416 43 1465 Π
119 1401 257 1458 Οὗτος
286 1407 366 1462 μὲν
395 1405 449 1464 δὴ
479 1411 561 1451 τοῦ
591 1407 866 1459 συνάπαντος
884 1410 963 1451 τοῦ
987 1406 1153 1461 Ξέρξεω
1175 1402 1377 1459 στρατεύ-

202 1570 295 1621 Cap.
329 1569 575 1607 CLXXXVI.

116 1647 184 1688 καὶ
222 1644 356 1700 μάλα]
402 1647 716 1700 Schweighaeus.

56 1707 98 1742 in
117 1707 248 1743 Lexic.
269 1704 434 1753 Herod,
483 1707 549 1742 ubi
571 1707 718 1743 confert

57 1764 87 1811 I,
117 1765 208 1812 181,
242 1761 304 1799 hic
336 1762 445 1815 reddi
473 1764 555 1800 vult
591 1776 717 1800 rursus

56 1831 175 1870 porro.
239 1820 453 1856 Gronovius
501 1818 718 1856 reddiderat

61 1877 212 1912 omnino.
234 1899 284 1903 —-
302 1877 360 1911 De
372 1876 488 1913 verbo
503 1874 627 1916 δοκέω
643 1889 718 1913 no-

62 1932 225 1969 tavimus
246 1931 294 1969 acl
315 1945 398 1983 cap.
434 1932 526 1973 185.

118 2020 186 2061 καὶ
216 2019 268 2071 δή
300 2034 425 2071 σφεας
453 2020 577 2061 ποιέω
608 2021 721 2069 ἰ’σους

61 2077 248 2118 ἐκείνοισι
270 2075 400 2127 εἶναι]
432 2080 489 2115 De
505 2080 621 2116 verbo
633 2094 721 2117 ποι-

63 2139 124 2174 εῖν
148 2135 313 2172 diximus
346 2135 393 2172 ad
425 2135 507 2183 VII,
544 2135 632 2183 184,
655 2136 720 2172 ubi

62 2191 313 2229 Valckenaer.
356 2205 510 2244 quoque
546 2193 720 2229 observat

63 2247 130 2286 καὶ
161 2247 211 2298 δὴ
243 2249 407 2285 similem
437 2250 478 2286 iu
506 2248 669 2286 modum
699 2262 720 2286 a

65 2306 218 2341 Graecis
238 2307 290 2342 sio
312 2305 505 2353 adhiberi,
540 2313 581 2342 ut
612 2313 721 2343 sonet

59 2360 147 2411 fac,
169 2362 282 2411 finge,
303 2376 339 2399 v.
360 2376 393 2399 c.
416 2362 518 2414 apud
546 2362 721 2414 Euripid.

64 2416 167 2454 Med.
205 2419 300 2458 386.
332 2420 417 2458 Hel.
453 2418 549 2460 465.
609 2419 722 2465 Quod

65 2487 156 2513 vero
180 2472 228 2509 ad
248 2475 370 2524 ipsam
399 2475 583 2513 Herodoti
612 2490 723 2513 com-

66 2531 305 2582 putationem
326 2532 479 2579 attinet,
500 2546 636 2581 nemo7
658 2535 724 2585 qui

70 2585 267 2639 quomodo
297 2600 364 2637 per
395 2589 581 2624 orientem
611 2603 723 2626 exer-

68 2646 163 2682 citus
194 2642 243 2680 ad
278 2644 422 2680 bellum
457 2645 641 2694 proficisci
660 2659 724 2683 so—

69 2701 171 2738 leant
202 2707 239 2737 et
270 2699 467 2752 quomodo
508 2701 724 2752 expeditio-

69 2771 138 2796 nes
165 2757 324 2795 bellicae
344 2758 609 2807 instituantur,
650 2771 724 2797 no-

778 1570 896 1617 verit,
926 1569 1145 1616 mirabitur,
1183 1580 1340 1616 eorum,
1372 1567 1440 1618 qui

776 1627 915 1663 milites
944 1628 1043 1677 ipsos
1071 1632 1341 1677 sequerentur,
1362 1637 1440 1660 nu-

777 1696 941 1731 merum,
962 1682 1207 1735 pedissequos
1229 1681 1314 1718 dico
1327 1711 1337 1729 ‚
1358 1694 1440 1717 ser-

779 1753 868 1788 vos,
908 1741 1108 1787 mulieres,
1138 1740 1327 1789 reliquam
1355 1744 1439 1773 tur—
1481 1753 1493 1765 ψ

780 1797 871 1834 bam
885 1826 894 1843 ‚
925 1797 1173 1832 militantibus
1196 1807 1329 1845 parem
1349 1807 1439 1831 cen..

780 1854 853 1890 seri
873 1866 894 1889 a
914 1860 1020 1903 patre
1040 1851 1230 1889 historiae.
1262 1852 1362 1896 Quin
1379 1857 1439 1887 et-

782 1911 959 1946 iamnum
978 1911 1155 1946 novimus
1176 1910 1222 1945 ab
1242 1909 1320 1945 istis
1339 1920 1438 1958 gen-

782 1968 882 2004 tibus
904 1966 1163 2017 expeditiones
1184 1965 1337 2002 bellicas
1364 1963 1438 2000 hoc

781 2022 899 2060 modo
919 2024 1074 2072 institui,
1095 2029 1138 2060 ut
1170 2035 1328 2059 omnem
1358 2034 1438 2058 ser-

781 2093 932 2128 vorum,
953 2082 1160 2116 mulierum
1188 2086 1258 2116 etc.
1286 2079 1439 2115 turbam

786 2151 917 2174 secum
930 2136 1071 2174 ducant
1087 2136 1313 2187 profecturi3
1334 2134 1439 2171 unde

782 2207 885 2242 sane⁷
917 2207 1015 2246 quae
1046 2194 1093 2230 de
1129 2194 1302 2230 maxima
1328 2192 1439 2229 turba

784 2251 923 2289 Xerxis
961 2252 1087 2302 copias
1126 2257 1310 2302 sequente
1348 2261 1439 2285 nar-

784 2314 917 2345 rantur
937 2308 1039 2359 apud
1070 2306 1322 2353 Herodotum⁷
1362 2305 1441 2341 mi-·

783 2366 890 2401 nime
918 2378 987 2402 nos
1018 2363 1215 2401 offendere
1237 2362 1378 2399 debent
1398 2368 1440 2397 ut

783 2424 910 2459 minus
932 2434 1101 2471 congrua
1123 2426 1187 2456 aut
1201 2432 1324 2456 avero
1347 2420 1441 2454 alie-

784 2491 848 2515 na.
885 2478 995 2515 Conf.
1026 2480 1190 2514 Heeren.
1220 2475 1337 2513 Ideen
1364 2477 1392 2522 l,
1420 2479 1434 2513 1

784 2549 872 2587 pag.
896 2536 991 2576 501.
1014 2534 1108 2576 515.

927 2625 1019 2675 Cap,
1042 2622 1305 2660 cnxxxvn.

842 2705 914 2743 τοῦ
946 2701 1096 2755 Ξέρξεω
1128 2695 1441 2753 στρατεύματος]

783 2761 883 2798 Male
904 2761 1020 2811 vulgo
1040 2759 1347 2811 praeponebatur
1365 2770 1443 2797 vox

1437 1403 1552 1431 Xerxes
1570 1403 1636 1438 ipse

1435 1437 1567 1465 omnium
1581 1438 1645 1472 pul-

1438 1471 1605 1499 cherrimus
1627 1472 1657 1496 et

1438 1505 1675 1542 procerissimus.
