1806 3181
66 791 196 821 Barbari
213 793 318 828 primis

65 827 170 853 diebus
190 828 324 854 maxima.

64 868 131 887 cum
150 863 254 896 strage
273 869 291 887 a

64 894 191 921 Graecis
211 898 241 921 et
259 894 320 921 sor-

62 927 136 955 titer
160 932 190 955 et
208 927 319 955 callide

62 962 268 996 pugnantibus
286 969 334 989 re-

63 995 152 1030 pulsi.

406 151 491 191 762

798 157 1261 199 HERODOTI

406 259 528 310 σίους
565 261 810 315 θυμωθεὶς,
867 263 1158 321 ἐντειλάμενός
1195 279 1327 325 σφεας
1357 273 1656 329 ζωγρήσαντας

379 324 530 380 3ἅγειν
571 326 614 377 ἐς
644 326 747 380 ὄψιν
774 330 853 386 τὴν
881 332 1059 376 ἑωυτοῦ.
1112 333 1188 386 Ὡς
1227 336 1264 380 δ’
1296 339 1500 384 ἐπέπεσον
1530 343 1656 396 φερό-

404 409 529 448 μενοι
557 393 601 444 ἐς
638 395 743 448 τούς
762 397 971 456 ’Ἕλληνας
1006 402 1051 444 οἱ
1078 405 1242 458 Μῆδοι,
1273 406 1449 457 ἔπιπτον
1475 412 1652 454 πολλοί·

403 459 527 503 ἄλλοι
567 459 611 505 δ’
638 462 897 522 ῗέπεσήϊσαν,
939 468 1012 512 καὶ
1042 467 1124 512 οὐκ
1155 467 1468 527 ἀπελαύνοντο,
1498 479 1652 534 καίπερ

370 527 593 582 4μεγάλως
628 535 977 587 προσπταίοντες.
1034 538 1170 592 δῆλον
1217 539 1260 583 δ’
1303 541 1476 587 ἐποίευν
1518 547 1649 590 παντί
1665 554 1707 588 15

399 610 494 654 τεῳ,
525 598 599 640 καὶ
628 598 710 643 οὐκ
739 600 892 657 ἥκιστα
922 602 1038 661 αὐτῷ
1068 606 1236 660 βασιλέϊ
1244 640 1255 659 ,
1295 608 1362 653 ὅτι
1391 613 1544 655 πολλοὶ
1572 613 1651 667 μὲν

398 663 628 719 ἄνθρωποι
656 666 753 721 εἶεν,
783 669 920 726 ὀλίγοι
950 672 996 715 δὲ
1025 670 1190 728 ἄνδρες.
1222 675 1386 731 ἐγίνετο
1416 679 1462 722 δὲ
1490 677 1517 735 ἦ
1548 690 1650 736 συμ-

236 727 333 773 211
393 730 502 787 βολὴ
532 730 584 776 δι’
615 731 785 793 ἡμέρης.
838 737 955 782 Ἐπεί
983 756 1027 784 τε
1057 741 1102 785 δὲ
1129 745 1172 786 οἱ
1189 746 1340 799 Μῆδοι
1367 745 1551 802 τρηχέως
1579 763 1651 791 πε-

394 799 624 852 ριείποντο,
652 802 846 850 ἐνθαῦτα
874 802 998 851 οὗτοι
1025 807 1104 864 μὲν
1121 808 1365 867 ὑπεξήϊσαν,
1398 815 1441 856 οἱ
1461 815 1509 857 δὲ
1539 815 1705 870 Πέρ-Ξο

394 876 467 910 σαι
495 867 768 926 ἐκδεξάμενοι
796 875 990 932 έπήῖσαν,
1020 876 1123 928 τούς
1143 876 1392 931 ἀθανάτους
1412 881 1556 926 ἐκάλεε
1569 887 1648 939 βα-

393 935 550 987 σιλεύς,
579 942 668 981 τῶν
688 937 791 997 ἦρχε
813 941 1045 1000 Ὑδάρνης·
1075 943 1133 995 ὥς
1154 946 1207 1002 δὴ
1225 941 1348 990 οὗτοί
1365 964 1412 1002 γε
1441 949 1647 1003 εὐπετέως

364 1005 772 1063 Ξκατεργασόμενοι.
826 1010 901 1064 Ὡς
930 1011 977 1056 δὲ
1004 1012 1079 1057 καὶ
1107 1008 1229 1058 οὗτοι
1255 1015 1518 1073 συνέμισγον
1538 1023 1648 1063 τοῖσι

332 1195 434 1237 field.
474 1199 572 1237 bene
611 1202 784 1243 adhibuit
812 1206 988 1245 Herodo-

331 1259 437 1291 teum
455 1256 598 1296 locum.

386 1333 453 1373 καὶ
489 1332 564 1376 οὐκ
589 1333 890 1391 οἷπελαύνοντο]
930 1344 986 1380 Ita

328 1390 590 1440 Florentinus,
648 1395 862 1445 medicem,
910 1400 984 1437 alii.

328 1447 435 1483 Unus
455 1448 550 1484 liber
570 1446 864 1500 εἷπηλαύνοντο.
886 1455 983 1491 Vul—

326 1515 376 1552 go
389 1499 733 1558 ‹Qns'kavvomquod
742 1511 982 1548 tenuitWes—

325 1559 471 1609 seling.‚
483 1560 708 1600 Schaeferus
720 1572 756 1601 et
766 1565 978 1605 Bekkerus.

325 1615 457 1656 Matth.
475 1616 579 1655 dedit
590 1614 825 1670 ἀπήλαυνον
846 1636 866 1658 e
878 1624 980 1660 San-

325 1672 434 1709 crofti
452 1674 560 1722 libro⁷
593 1682 635 1712 ut
667 1677 746 1725 VII,
779 1680 875 1718 211.
895 1682 977 1721 212

324 1728 390 1765 fin.
412 1728 644 1781 Schweigh„
666 1735 731 1784 qui
752 1747 841 1770 cum
861 1735 976 1773 Gaisf.

321 1785 362 1820 in
396 1792 503 1823 textu
534 1786 650 1825 habet
688 1785 974 1841 α’πελαύνοντο,

320 1842 360 1877 in
390 1844 485 1883 Lex.
521 1844 662 1884 Herod.
697 1848 819 1897 magis
846 1854 976 1885 tamen

318 1899 454 1947 probat
473 1896 697 1941 άπέλαυνον
713 1933 722 1947 ,
764 1902 867 1955 quod
904 1905 975 1942 sit:

319 1967 384 1991 non
409 1956 653 2006 discesserunt,
683 1973 752 1996 non
778 1973 813 1997 se
840 1973 974 2011 recepe—

316 2015 414 2052 runt,
462 2014 654 2065 Equidem
674 2017 793 2052 malui
811 2018 973 2054 retinere

316 2062 585 2110 οἷπελαύνοντο
602 2100 611 2118 ,
642 2070 716 2109 hoc
735 2073 813 2109 fere
833 2087 970 2111 sensu:

316 2136 385 2159 ‘non
413 2126 544 2174 repulsi
571 2132 672 2176 sunt,
704 2142 738 2165 se
766 2130 888 2179 repelli
902 2143 970 2167 non

293 2180 298 2182 ”
312 2181 416 2227 passi
443 2186 523 2217 sunt
549 2186 693 2231 pessime
708 2188 864 2234 quamvis
892 2190 973 2224 tra—

315 2237 416 2272 ctati.
454 2236 515 2272 Ad
535 2240 695 2276 verbum
715 2243 972 2293 προσπταίειν

314 2292 415 2328 conf.
434 2299 529 2333 nott.
551 2294 599 2331 ad
618 2297 648 2343 Ι,
671 2297 736 2337 65.

371 2366 433 2409 ὅτι
476 2372 615 2412 πολλοὶ
645 2371 716 2424 μὲν
755 2370 967 2426 ἄνθρωποι

314 2421 406 2474 εἶεν,
438 2423 560 2479 ὀλίγοι
589 2428 631 2469 δὲ
660 2428 827 2480 ἄνδρες]
863 2432 966 2468 Ante

314 2478 393 2521 εἶεν
416 2485 584 2523 Koenius
601 2486 642 2526 οἵ
654 2486 835 2525 excidisse
854 2495 968 2538 puta-

311 2538 398 2575 bat:
428 2541 554 2578 multos
573 2545 613 2580 ei
632 2542 745 2594 (regi)
765 2556 834 2581 esse
861 2545 968 2582 laomi-

311 2607 385 2634 nes.
430 2597 500 2633 Cui
519 2599 647 2636 favere
667 2602 856 2638 existimat
875 2602 967 2638 Val-

311 2650 489 2691 ckenaer.
520 2654 665 2693 dictum
692 2658 831 2694 Xerxis
867 2659 964 2706 VIII,

311 2708 364 2748 88
383 2716 496 2761 atque
516 2712 687 2750 Frontini
704 2715 767 2761 IV,
779 2716 818 2763 2,
834 2716 860 2755 9
881 2714 965 2764 (ubi

311 2763 472 2814 legimus
483 2779 494 2804 ε
517 2769 648 2821 „quod
657 2771 798 2809 multos
808 2771 963 2825 quidem

1044 1206 1217 1245 homines
1237 1208 1453 1260 haberet.“)
1509 1210 1701 1263 Equidem

1044 1265 1132 1301 talia
1151 1266 1253 1302 libris
1283 1267 1408 1303 invitis
1441 1268 1607 1304 inserere
1625 1282 1701 1306 no-

1043 1321 1124 1357 lim.
1182 1323 1312 1371 Ipsum
1342 1322 1527 1360 Herodoti
1555 1323 1700 1363 dictum
1744 1329 1745 1338 ¹

1041 1377 1155 1413 refert
1174 1377 1348 1414 Eustath.
1375 1379 1416 1415 in
1435 1381 1480 1417 Il.
1501 1381 1535 1418 V
1553 1394 1594 1431 p.
1618 1384 1698 1423 668

1040 1445 1068 1469 ε.
1099 1433 1192 1481 537,
1223 1433 1290 1474 49.
1347 1436 1392 1471 In
1422 1448 1498 1487 quo
1520 1438 1632 1489 quale
1650 1439 1699 1475 sit

1039 1487 1242 1525 discrimen
1276 1491 1376 1527 inter
1396 1489 1609 1544 ἅνθρωποι
1637 1501 1696 1531 at-

1037 1558 1113 1596 que
1135 1542 1290 1597 ὄίνὸρες,
1322 1548 1419 1596 (viri,
1450 1556 1493 1586 ut
1513 1557 1568 1586 est
1588 1550 1690 1601 apud

1034 1603 1118 1639 Liv.
1132 1603 1294 1651 XXVII,
1308 1606 1370 1651 13,
1383 1605 1453 1640 alia
1462 1613 1504 1642 ut
1514 1608 1692 1657 taceam),

1034 1658 1100 1695 vix
1120 1671 1354 1710 quemquam
1370 1660 1503 1710 fugiet.
1537 1663 1692 1699 Praeter

1033 1713 1217 1753 Valcken.
1248 1715 1297 1751 ad
1327 1714 1365 1753 h.
1400 1717 1426 1753 l.
1458 1727 1691 1756 monuerunt

1034 1770 1161 1807 Sturz.
1182 1772 1222 1807 in
1250 1773 1344 1808 Lex.
1362 1773 1542 1824 Xenoph.
1563 1777 1581 1810 Ι
1601 1788 1689 1825 pag.

1033 1829 1128 1874 237,
1167 1828 1253 1864 Plat
1280 1826 1426 1865 Phaed.
1463 1843 1503 1880 p.
1533 1833 1614 1872 239
1641 1834 1688 1868 Β.

1033 1883 1163 1934 ibique
1183 1884 1380 1921 Heindorf.
1410 1899 1449 1935 p.
1480 1888 1575 1926 227.
1619 1888 1687 1925 Cr.

1032 1938 1080 1975 ad
1107 1941 1228 1989 ipsam
1265 1943 1491 1978 sententiam
1523 1944 1685 1980 conferri

1029 1996 1111 2032 vult
1126 1995 1342 2038 Philostrat.
1363 1999 1408 2035 V.
1424 1999 1550 2049 Apoll.
1566 2002 1595 2046 I,
1617 2003 1683 2041 21.

1028 2073 1084 2079 —
1103 2054 1147 2088 Iu
1174 2067 1280 2105 seqq.
1312 2053 1360 2090 ad
1379 2068 1515 2091 vocem
1535 2057 1686 2107 συμβο-

1026 2105 1076 2158 λή
1105 2110 1206 2146 cous.
1235 2111 1299 2157 IV,
1322 2110 1401 2151 159
1431 2112 1560 2164 ibique
1588 2119 1685 2149 nott.

1029 2159 1080 2203 δι’
1105 2163 1255 2217 ’ἡμέρης
1296 2167 1395 2203 valet
1425 2171 1494 2205 toto
1523 2169 1600 2218 die,
1642 2176 1682 2205 ut

1026 2222 1058 2269 I,
1080 2223 1148 2262 97.
1172 2223 1219 2271 11,
1247 2225 1313 2271 21,
1335 2223 1436 2260 alibi.

1235 2332 1327 2385 cap.
1349 2333 1480 2375 cch

1075 2430 1245 2484 τρηχέως
1282 2435 1558 2487 περιείποντο]
1617 2437 1674 2472 De

1020 2489 1212 2526 locutione
1238 2491 1339 2528 conf.
1360 2493 1470 2529 allata
1499 2491 1549 2529 ad
1572 2491 1619 2539 V,
1638 2495 1673 2540 1,

1022 2551 1059 2582 et
1078 2544 1126 2582 ad
1154 2548 1315 2584 verbum
1334 2543 1558 2600 ’ὖπεξήϊσαν
1577 2555 1673 2588 nott.

1021 2601 1069 2638 ad
1091 2603 1172 2652 VII,
1197 2606 1287 2644 120.
1343 2606 1401 2641 De
1420 2603 1671 2642 Immortalium

1019 2657 1176 2696 cohorte
1191 2659 1269 2699 vid.
1288 2661 1368 2708 VII,
1389 2663 1454 2701 31.
1475 2663 1528 2702 83
1558 2667 1595 2698 et
1623 2659 1670 2697 de

1020 2716 1210 2765 particulis
1248 2714 1303 2764 αἷς
1326 2714 1375 2768 δὴ
1406 2718 1447 2753 iu
1477 2730 1582 2769 seqq.
1601 2717 1666 2765 ΙΙΙ,

1018 2775 1085 2813 20.
1109 2772 1200 2814 156.
1219 2774 1287 2823 ΙΧ,
1309 2773 1362 2816 59
1381 2773 1473 2825 ibiq.
1505 2774 1584 2810 citt.
