1834 3258
444 186 921 224 POLYMNIA.
980 186 1086 224 VII.
1324 186 1409 227 527

137 299 237 351 ,μαὶ
277 298 520 353 τυραννίδα
557 295 637 352 τὴν
677 294 809 351 ἐμήν·
850 295 922 339 σοὶ
949 294 1034 351 γάρ
1064 294 1146 351 ἐγώ
1178 293 1332 352 μούνῳ
1360 293 1410 339 ἐκ

140 366 345 419 ,,πάντων
375 370 574 422 σκῆπτρα
601 362 655 407 τὰ
687 363 766 419 ἐμοὶ
795 362 1059 417 ἐπιτράπω.“

229 437 378 478 Ταῦτα
428 437 571 485 εἴπας,
623 432 696 476 καὶ
731 429 1012 486 Ἀρτάβανον
1061 429 1320 480 ἀποστείλας
1365 429 1410 480 ές

132 504 305 552 Σοῦσα,
336 501 518 558 δεύτερα
547 499 845 558 μετεπέμψατο
876 499 1035 556 Ξέρξης
1066 499 1272 554 Περσέων
1300 497 1407 549 τοὺς

107 570 480 624 Ξδοκιμωτάτους.
510 571 602 615 ἐπεὶ
625 571 669 613 δέ
699 571 743 612 οἱ
770 571 996 624 παρῆσαν,
1028 567 1141 623 ἔλεγέ
1169 578 1250 622 σφι,
1279 566 1402 610 τάδε·

131 631 220 689 ,,Ὦ
255 639 446 693 Πέρσαι,
518 637 651 682 τῶνδ’
675 636 758 693 ἐγώ
796 634 947 692 ὑμέων
967 633 1160 692 χρῄζων,
1184 636 1401 688 συνέλεξα,

132 703 322 760 ,,ὄὶνδρας
342 723 385 750 τε
415 709 616 763 γίνεσθαι
646 704 868 761 ἀγαθούς,
899 704 972 748 καὶ
1001 704 1058 759 μὴ
1098 697 1739 759 καταισχύνεινΘΟζξῒᾱξᾙῗξῗὶξῐξξζ

133 774 212 824 ,,τὰ
241 772 439 828 πρόσθεν
459 774 700 831 ἐργασμένα
733 772 950 829 Πέρσῃσι,
992 771 1122 815 ἐόντα
1160 770 1324 828 μεγάλα
1361 788 1406 816 τε
1462 768 1532 826 {3111
1545 764 1739 826 ῑξᾞζῗξᾎὲζζ

102 841 237 893 3,,καὶ
266 847 435 887 πολλοῦ
464 842 572 897 ἄξια.
632 840 720 885 ἀλλ’
752 837 812 891 εἷς
840 855 885 882 τε
906 839 1085 890 ἕκαστος
1116 841 1188 883 καὶ
1230 842 1274 883 οῖ
1303 843 1405 896 σύμ·
1464 836 1564 869 perat

130 924 315 961 ,,παντες
343 914 603 969 προθυμίην
633 910 817 967 ἔχωμεν·
849 908 985 960 ξυνόν
1009 908 1093 964 γάρ
1132 912 1264 952 τοῦτο
1294 912 1404 953 πᾶσι,

1419 369 1464 404 85

1465 425 1619 453 Artabano
1635 425 1714 453 Susa

1465 460 1617 494 ablegato,
1634 464 1666 486 ut
1686 466 1740 493 per

1465 502 1521 528 exp
1513 494 1667 521 editionis

1463 530 1584 568 tempu}
1604 535 1741 554 summan

1462 570 1586 596 1m1e1n
1615 568 1741 596 praees-

1461 600 1509 622 set
1529 598 1570 629 [c.
1579 594 1650 630 52.]‚
1662 594 1740 621 Xer-

1461 638 1515 656 xes
1537 637 1680 665 proceres

1461 664 1627 690 Persarum
1643 662 1682 690 ad

6 434 70 480 53

293 1106 386 1157 Cap.
415 1107 514 1143 LIII.

127 1157 390 1211 οἷποστείλας]
433 1165 521 1200 Duo
551 1161 663 1201 codd,
687 1158 735 1201 α’-

68 1216 260 1266 πολύσας,
301 1219 405 1273 quod
434 1221 608 1272 quamvis
641 1221 733 1256 Dio-

68 1274 152 1312 dori
162 1279 383 1314 auctoritate
395 1278 498 1323 XIII,
513 1279 565 1318 96
579 1276 734 1313 defendi

67 1345 178 1383 posse
204 1333 398 1382 videatur,
434 1335 572 1371 merito
600 1341 732 1370 tamen

66 1390 196 1426 reiecit
216 1392 448 1442 Wesseling.
472 1406 492 1428 e
519 1390 663 1428 scholio
684 1392 735 1427 il-

67 1445 134 1482 lud
164 1447 235 1484 sibi
268 1455 404 1485 natum
442 1448 564 1487 videri
604 1447 734 1485 decla-

68 1515 167 1540 rans.

123 1553 242 1599 τῶνδ’
273 1557 347 1613 ἐγώ
378 1558 516 1612 ὑμέων
557 1555 732 1615 χρῄζων]

65 1616 91 1654 i.
113 1629 146 1654 e.
176 1617 261 1654 haec
285 1618 414 1655 avobz's
425 1621 557 1668 petens·
578 1615 733 1672 χρῄζων

66 1686 157 1710 cum
177 1681 336 1712 recentt.
366 1673 468 1712 dedi.
504 1673 732 1712 Schaeserus

63 1728 179 1767 habet
198 1732 380 1783 χρηΐζων.
419 1733 477 1768 De
498 1731 640 1783 duplici
660 1745 731 1782 ge-

63 1788 203 1835 nitivo,
248 1790 315 1840 qui
342 1787 548 1826 adstruitur
567 1790 669 1826 conf.
692 1791 731 1834 ξ.

67 1842 148 1884 355
176 1851 256 1880 not.
278 1848 304 1884 2
324 1858 413 1896 pag.
441 1848 536 1886 670.
556 1846 728 1882 Verbum

64 1897 344 1951 καταισχύνειν
375 1900 417 1952 (i.
439 1915 473 1939 e.
505 1902 726 1950 dedecorare,

62 1959 251 1994 nontueri
278 1957 421 1995 laudem
452 1961 523 1995 sive
546 1960 727 2008 propriam

62 2014 134 2049 sive
158 2016 364 2065 acceptam)
396 2017 554 2052 tractavi
575 2015 622 2052 ad
634 2016 729 2052 Plu—

60 2068 182 2109 tarch.
203 2071 407 2111 ArtaxerX.
419 2073 443 2111 9
455 2072 538 2109 init.
551 2072 590 2108 in
607 2073 728 2109 Creu-

62 2127 140 2163 zeri
168 2128 313 2165 Melett.
332 2129 387 2164 III
406 2142 494 2179 pag.
526 2128 593 2169 50.
624 2129 728 2168 Add.

61 2183 256 2222 Plutarch.
287 2185 428 2222 Coriol.
458 2188 510 2226 33
531 2186 616 2227 init,
636 2187 728 2223 Ari-

61 2239 187 2291 stoph.
220 2242 321 2279 Nub.
356 2245 477 2284 1220.
508 2243 583 2280 Av.
618 2242 721 2284 1451

60 2297 190 2349 ibique
209 2297 330 2339 Beck.
347 2301 434 2336 Non
455 2300 562 2336 aliter
581 2299 726 2337 Herod.

60 2353 131 2401 IX,
151 2354 228 2395 53:
260 2370 316 2395 ov
332 2353 382 2394 δε
412 2353 513 2396 ἕκων
534 2353 637 2396 εἶναι
661 2357 726 2396 αι’-

61 2409 302 2461 σχυνέειν
322 2427 395 2463 την
419 2410 624 2465 Σπαρτην.

117 2463 236 2513 ξυνὸν
255 2464 330 2520 γὰρ
350 2471 466 2509 τοῦτο
495 2473 594 2510 πᾶσι
624 2465 724 2522 α’γα-

59 2519 143 2562 &dv
188 2521 424 2573 σπεύδεται]
475 2528 594 2564 Paris.
625 2541 724 2564 unus

60 2576 277 2628 σπεύδετο,
316 2580 477 2629 Medic„
514 2585 724 2621 Florentin.

60 2636 231 2689 aliusque
249 2638 346 2674 liber
366 2637 578 2678 σπευδέτω.
619 2641 721 2677 Gro-

58 2695 174 2730 novio
194 2707 238 2731 ac
258 2693 531 2733 Valckenaerio
562 2697 720 2747 placue-

61 2756 118 2786 rat
137 2747 325 2791 σπεύδετε
345 2750 418 2788 hoc
439 2752 660 2804 fereuseusu:
682 2756 721 2790 in

63 2805 125 2844 hoc
163 2810 253 2847 enim
290 2809 486 2857 laboratis,
554 2810 644 2861 quod
672 2812 720 2847 sit

793 1104 951 1142 ommbus
970 1115 1145 1141 commune
1158 1105 1304 1153 bonum,
1334 1119 1458 1158 quum

790 1162 954 1199 verbum
983 1156 1230 1201 σπεύὸεσθαι
1249 1164 1315 1200 vix
1344 1177 1460 1214 repe-

791 1219 908 1255 riatur
929 1216 1033 1267 apud
1053 1224 1198 1255 veteres
1212 1221 1311 1271 ‚qui
1333 1222 1457 1257 activo

789 1276 907 1313 verbo
927 1276 1001 1312 siut
1021 1275 1098 1322 usi,
1139 1275 1269 1313 addito
1300 1290 1458 1314 accusa-

788 1333 866 1369 tivo
881 1332 1031 1378 obiecti,
1052 1333 1119 1383 qui
1131 1332 1280 1380 dicitur,
1300 1341 1343 1371 ut
1355 1333 1459 1385 apud

789 1388 963 1440 Euripid.
995 1391 1089 1426 Hec.
1128 1393 1221 1431 119.
1258 1389 1457 1430 Phoeniss.

791 1446 872 1488 585
895 1445 1041 1485 Troad.
1064 1446 1146 1488 955
1186 1446 1327 1485 Bacch.
1358 1450 1456 1488 911.

752 1533 753 1537 ,
790 1502 935 1540 Herod.
956 1504 986 1550 I,
1000 1506 1096 1544 206.
1119 1503 1458 1556 Tl1u0yd.VI‚39.

791 1559 1126 1612 Sophocl.Electr.
1147 1560 1242 1601 253.
1263 1561 1456 1602 Andocid.

789 1632 828 1668 p.
849 1621 916 1666 20,
938 1615 964 1656 4
999 1618 1065 1668 [p.
1086 1619 1139 1658 76
1159 1617 1289 1656 Reisk.
1303 1620 1338 1668 ].
1403 1620 1456 1656 At

789 1676 856 1712 vix
897 1675 976 1711 ulla
1024 1674 1201 1711 mutandi
1238 1677 1454 1714 necessitas.

787 1734 965 1783 Namque
987 1728 1235 1771 σπεύδεσθαι
1246 1735 1452 1783 passivum,

786 1796 829 1826 ut
844 1790 942 1825 bene
955 1789 1129 1826 observat
1150 1788 1455 1840 Schweighaeu-

783 1859 870 1894 ser.,
891 1846 930 1881 in
951 1846 1138 1882 sententia
1159 1846 1282 1883 latiori
1301 1859 1345 1883 ac
1365 1860 1452 1884 ma—

783 1904 840 1952 gis
887 1902 1086 1939 communi
1126 1903 1451 1941 accommodatius

785 1959 947 2005 videtur,
980 1972 1069 1994 eum
1088 1958 1167 1995 fere
1201 1961 1240 1996 in
1262 1960 1448 1998 modum:

783 2015 863 2053 Hoc
895 2017 1006 2062 enim,
1065 2016 1158 2065 quod
1199 2018 1355 2054 omnibus
1399 2021 1450 2055 est

783 2073 934 2117 bonum,
967 2069 1039 2123 (ab
1070 2073 1247 2111 omnibus
1276 2076 1449 2127 quoque)

778 2128 956 2180 festinari
974 2130 1052 2166 sive
1073 2130 1228 2168 studiose
1246 2134 1369 2182 quaeri
1388 2132 1450 2169 de-

785 2187 838 2223 bet
857 2200 886 2223 s.
909 2187 1145 2236 quaerendum
1164 2191 1226 2225 est.
1276 2189 1356 2226 Nec
1377 2189 1450 2226 ali-

785 2250 844 2280 ter
874 2245 1022 2294 accepit
1046 2241 1448 2295 Schweighaeuserus‚

782 2301 1054 2351 interpretans:
1086 2314 1261 2340 commune
1279 2305 1368 2341 enim
1387 2303 1448 2340 Ιιοσ

782 2358 937 2394 omnibus
958 2359 1083 2395 bonum
1103 2360 1383 2409 quaerimus.—
1403 2362 1448 2396 111

779 2428 886 2466 seqq.
921 2427 942 2450 e
970 2415 1075 2452 libris
1101 2416 1246 2466 scriptis
1266 2430 1355 2453 cum
1384 2430 1447 2454 re—

782 2478 898 2508 centt.
927 2469 1014 2508 edd.
1044 2474 1220 2509 revocavi
1246 2474 1373 2512 τῶνδε
1402 2471 1446 2512 δὲ

784 2528 937 2575 εἵνεκα,
967 2529 1034 2564 ubi
1066 2528 1294 2566 Schaeferus
1324 2528 1444 2566 dede-

783 2592 841 2622 rat
899 2587 981 2623 τῶν
999 2583 1042 2624 δὲ
1063 2585 1206 2624 εἵνεκα.
1240 2586 1443 2634 Couf.v11‚

777 2641 816 2682 5.
886 2640 1124 2679 Adverbitun
1181 2640 1444 2692 ἐντεταμένως

777 2697 967 2749 (fortiter,
1006 2702 1163 2745 strenue,
1200 2711 1333 2747 magna
1365 2711 1443 2736 cum

775 2757 903 2792 virium
914 2755 1121 2802 intentione)
1144 2761 1266 2792 exstat
1286 2768 1443 2808 quoque

775 2812 839 2860 lv,
865 2810 1048 2858 14.v111‚
1075 2812 1165 2852 128.
