1815 3181
304 716 370 761 29

427 274 518 314 260

831 269 1299 307 HERODOTI

405 381 508 425 4Έν
539 381 585 425 δὲ
613 378 809 423 τούτοισι
838 382 954 422 τοῖσι
981 380 1181 436 χωρίοισι
1210 377 1414 436 ἐτύγχανε
1443 378 1528 422 έών
1544 377 1703 434 ’Ἁρπα-

431 467 531 506 γος,
564 446 674 503 ἀνὴρ
695 446 885 503 Πέρσης,
918 447 1158 504 στρατηγὸς
1187 451 1391 504 στρατιῆς
1423 445 1504 490 οὐκ
1537 445 1703 504 ὀλίγης·

433 517 483 569 ὅς
512 517 557 559 οἱ
585 513 800 570 ἀποβάντι
832 513 1092 571 συμβαλών,
1133 512 1268 559 αὐτόν
1311 530 1355 559 τε
1393 512 1596 559 Ἱστιαῖον
1628 517 1704 567 ζω-

430 585 532 641 γρίῃ
572 583 708 639 ἔλαβε,
738 581 813 625 καὶ
841 580 922 626 τὸν
952 581 1141 639 στρατόν
1179 580 1319 626 αὐτοῦ
1360 581 1438 626 τὸν
1473 581 1589 626 πλέω
1620 581 1761 625 διέ-7ο

431 657 602 709 φθειρε.

506 715 755 774 Ἐζωγρήθη
786 717 832 762 δὲ
860 716 885 763 ὁ
924 717 1125 770 Ἱστιαῖος
1164 714 1262 762 ὧδε.
1320 714 1379 768 ὥς
1422 715 1632 773 ἐμάχοντο
1662 716 1705 760 οἱ

415 786 620 842 ’Έλληνες
647 789 762 829 τοῖσι
794 786 989 843 Πέρσῃσι
1010 786 1059 830 ἐν
1087 789 1142 844 τῇ
1168 783 1361 841 Μαλήνῃ
1394 788 1471 841 τῆς
1494 783 1708 840 Ἀταρνεί-

430 857 549 906 τιδος
587 852 757 910 χώρης,
797 855 842 897 οἷ
880 855 960 909 μὲν
991 855 1264 899 συνέστασαν
1291 851 1457 909 χρόνον
1496 853 1568 896 ἐπὶ
1593 856 1707 897 πολ-

429 922 530 974 λὸν,
561 919 588 978 ἡ
619 921 666 964 δὲ
696 922 826 972 ἵππος
854 921 1044 976 ὕστερον
1073 921 1318 978 ὁρμηθεῖσα
1349 920 1562 965 ἐπιπίπτει
1591 925 1706 964 τοῖσι

401 989 616 1046 ΞἝλλησι.
668 987 763 1033 τότε
802 989 856 1048 δὴ
893 990 1024 1046 ἔργον
1061 994 1138 1046 τῆς
1173 991 1312 1033 ἵππου
1349 991 1479 1032 τοῦτο
1517 987 1706 1044 ἐγένετο·

428 1057 503 1101 καὶ
535 1056 842 1126 τετραμμένων
871 1061 960 1102 τῶν
984 1057 1215 1115 Ελλήνων,
1249 1055 1272 1100 ὁ
1298 1055 1498 1108 Ἱστιαῖος
1527 1056 1762 1110 ἐλπίζων75

427 1124 511 1169 οὐκ
542 1111 806 1168 απολέεσθαι
846 1122 936 1169 ὑπό
978 1127 1178 1182 βασιλέος
1216 1123 1288 1169 διὰ
1327 1123 1408 1180 τὴν
1451 1128 1706 1180 παρεοῦσαν

426 1191 680 1249 ἁμαρταδα,
714 1193 984 1249 φιλοψυχίην
1013 1192 1188 1250 τοιήνδε
1218 1209 1318 1235 τινα
1351 1190 1614 1247 ἀναιρέεται*
1647 1208 1707 1243 ως

424 1261 608 1317 φεύγων
636 1275 682 1303 τε
711 1260 1060 1316 κατελαμβάνετο
1093 1259 1179 1305 ὑπὸ
1215 1257 1376 1315 ἀνδρὸς
1406 1261 1598 1316 Πέρσεω,
1630 1260 1705 1304 καὶ

429 1328 490 1380 (ὃς
524 1327 864 1383 καταιρεόμενος
910 1327 995 1371 ὑπ’
1037 1326 1178 1372 αὐτοῦ
1224 1328 1371 1385 ἔμελλε
1408 1326 1703 1385 συγκεντηθή-

420 1402 606 1461 σεσθαι,
652 1396 851 1452 Περσίδα
879 1398 1084 1452 γλῶσσαν
1117 1397 1261 1452 μετεὶς
1295 1398 1563 1456 καταμηνύει
1591 1397 1700 1441 ἓωυ-
1713 1402 1761 1437 80

363 1631 499 1662 auctus
517 1625 754 1676 Pergamum
774 1626 910 1663 urbem
920 1639 1033 1678 prae-—

365 1683 565 1719 terlabitur
586 1689 624 1719 et
643 1695 763 1734 prope
783 1684 945 1720 Elaeam
965 1697 1032 1720 ur-

365 1739 458 1776 bem
476 1739 518 1775 in
547 1741 662 1776 maris
685 1741 765 1776 exit
784 1741 934 1790 sinum,
966 1742 1032 1793 qui

364 1808 470 1832 nunc
489 1802 646 1833 vocatur
667 1795 880 1846 Sandarlik,
919 1811 940 1834 e
969 1811 1033 1834 re-

366 1853 482 1902 gione
520 1852 667 1890 insulae
704 1854 832 1892 Lesbi.
919 1855 1032 1891 Nunc

365 1907 641 1958 Mandragoraz·
679 1911 809 1947 vocari
847 1918 1032 1948 asserunt.

364 1964 598 2002 Vid.Herod.
612 1964 762 2013 VH,42.
773 1966 878 2018 Virg.
889 1969 1029 2018 Georg.

365 2022 429 2068 IV,
462 2024 557 2062 370.
589 2020 701 2059 ovid.
731 2023 824 2060 Met.
855 2025 902 2072 ΙΙ,
934 2023 1031 2065 243.

365 2079 451 2124 XV,
471 2080 567 2117 278.
598 2079 699 2115 Pliu.
728 2079 774 2127 V,
802 2082 855 2120 30
876 2080 969 2130 (32)
992 2083 1031 2128 ξ.

369 2136 463 2175 191.
484 2134 676 2171 Mannert.
697 2135 839 2185 Geogr.
860 2138 923 2184 VI,
946 2140 970 2177 3
988 2151 1029 2189 p.

366 2191 463 2230 397.
495 2191 590 2230 399.
620 2189 830 2229 Prokesch.
860 2194 1030 2229 Eriune-

366 2257 505 2295 rungg.
536 2258 602 2282 aus
622 2247 788 2300 Aegypt.
801 2261 840 2285 u.
860 2249 1026 2290 Kleinas.

365 2302 421 2337 ΙΙΙ
439 2313 529 2353 pag.
550 2304 710 2343 317.--
730 2303 793 2340 Ad
813 2307 928 2342 verba
959 2307 1029 2353 ζω-

365 2357 458 2412 γρίῃ
488 2357 600 2409 ἔλαβε
638 2360 741 2398 cous.
772 2361 834 2410 VI,
867 2364 934 2403 37.
962 2363 1029 2411 III,

364 2415 405 2461 §.
422 2417 450 2456 2
469 2414 562 2468 ibiq.
591 2421 688 2453 nott.

571 2538 663 2590 Cap.
684 2540 832 2580 XXIX.

422 2634 467 2677 ἐν
488 2652 535 2693 τῃ
521 2635 728 2703 ”Μαλήνῃ
743 2643 814 2692 τῆς
833 2635 1026 2695 Ἀταρνεί-

365 2693 474 2741 τιδος
491 2690 648 2746 χώρης]
677 2697 722 2733 In
752 2696 809 2734 his
840 2698 1025 2738 fluctuant

364 2750 464 2788 libri.
521 2753 629 2789 Unus
643 2749 902 2820 Μεγαλήνῃ,
923 2755 1020 2794 duo:

364 2807 534 2861 Μαλίνῃ
555 2811 626 2860 τῆς
643 2804 879 2862 Ἀρτανίδος,
911 2825 1022 2850 acce-

363 2861 478 2901 dente
488 2865 603 2903 Valla.
624 2867 687 2904 Ex
705 2866 848 2906 Herod.
859 2869 939 2919 VII,
967 2869 1019 2911 42

1083 1622 1293 1693 Ἀταρνέος
1334 1625 1375 1676 ἒς
1414 1627 1601 1681 Καρινην
1637 1623 1757 1668 πόλιν

1088 1686 1217 1722 nescio
1240 1697 1289 1721 an
1311 1685 1470 1740 Καρίνη
1488 1686 1550 1723 vel
1580 1679 1756 1737 Καρήνῃ

1088 1742 1300 1793 xepositum
1323 1742 1416 1780 velit
1433 1741 1755 1793 Wesselingius.“

1090 1797 1340 1849 Gaissord.

1146 1877 1398 1929 φιλοψυχίην
1406 1899 1463 1905 —
1475 1872 1716 1931 ἀναιρέεται]
1727 1878 1754 1916 i.

1090 1948 1125 1972 e.
1154 1935 1384 1985 cupiditatem
1425 1937 1522 1973 vitae
1558 1936 1756 1973 servandae

1088 1993 1257 2042 suscipit,
1286 1993 1380 2030 vitae
1397 1992 1594 2030 servandae
1611 1994 1755 2044 capitur

1087 2060 1217 2088 amore.
1247 2048 1360 2095 Quod
1379 2062 1460 2087 non
1478 2050 1587 2087 aliter
1606 2047 1753 2087 dictum

1087 2111 1182 2156 puto
1203 2112 1318 2158 atque
1330 2100 1589 2157 ἀναιρεῖσθαι
1600 2102 1752 2153 πόνους

1086 2161 1185 2210 (VI,
1217 2162 1323 2212 108)
1352 2158 1524 2213 πόλεμον
1559 2162 1633 2212 (V,
1655 2163 1751 2213 36),

1086 2218 1159 2254 alia
1191 2217 1231 2254 id
1260 2230 1396 2268 genus.
1453 2219 1529 2255 Pro
1558 2219 1751 2270 βασιλῆος

1085 2272 1245 2310 exhibui
1265 2272 1457 2324 βασιλέος,
1469 2281 1514 2312 ut
1522 2275 1564 2312 in
1571 2288 1651 2328 seq.
1663 2288 1748 2328 cap.

1084 2328 1248 2381 βασιλέα
1264 2343 1335 2381 pro
1355 2331 1542 2383 βασιλῆα.

1123 2434 1177 2466 ως
1188 2434 1350 2487 φενγων
1358 2435 1398 2460 τε
1408 2420 1745 2474 κατελαμβάνετο]

1085 2473 1406 2528 καταλαμβανειν
1433 2475 1497 2516 hio
1520 2479 1622 2518 valet
1650 2489 1746 2517 asse-

1087 2534 1160 2583 qui,
1182 2533 1290 2583 utV‚
1311 2535 1380 2576 98.
1410 2533 1520 2576 Sujd.
1540 2549 1571 2573 s.
1590 2537 1688 2575 v..T
1707 2537 1746 2573 Π

1084 2589 1235 2640 p..257
1247 2611 1302 2618 -——
1318 2591 1364 2628 Iu
1384 2590 1461 2629 fine
1470 2593 1601 2644 capitis
1616 2595 1745 2647 γλωσ-

1084 2656 1158 2684 σαν
1188 2645 1385 2697 μετιέναι,
1423 2655 1467 2686 ut
1495 2649 1586 2686 alibi
1618 2651 1743 2702 γλωσ-

1081 2713 1156 2740 σαν
1179 2701 1294 2754 ἴέναι,
1315 2703 1362 2742 de
1374 2718 1451 2758 quo
1470 2704 1549 2744 vid.
1569 2706 1633 2754 IV,
1648 2705 1742 2748 135-

1080 2757 1259 2811 Schweig
1257 2758 1302 2798 h.
1323 2761 1454 2799 laudat
1481 2763 1550 2803 VI,
1573 2765 1627 2804 37
1648 2763 1743 2814 βλα-

1079 2812 1174 2854 στον
1194 2816 1380 2866 μετιέναι.
1409 2819 1554 2868 Ix,16
1586 2815 1740 2872 δάκρυα

1077 2871 1265 2923 μετιέναι.
