1870 3249
357 241 1115 277 TERPSICHORE.V.
1298 242 1380 281 133

109 365 244 402 ματος
274 347 407 405 ἔχοιμ’
441 348 495 392 ἂν
524 348 704 404 μέγιστα
735 349 971 400 καταλέξαι.
1034 342 1159 392 οὗτοι
1188 350 1267 404 μέν
1297 366 1380 392 νυν

0 423 55 469 ῖ3
104 416 325 470 δεδεμένοι
376 416 668 473 ἐτελεύτησαν.
733 415 962 472 Ἀθηναῖοι
1005 417 1051 459 δὲ
1090 417 1197 472 μετὰ
1241 421 1379 460 ταῦτα
1458 470 1494 488 „e
1514 462 1667 488 exsulibus

109 485 376 528 Κλεισθένεα
404 486 478 528 καὶ
508 484 562 528 τοὶ
593 485 828 528 ἑπτακόσια
857 484 1027 527 ἐπίστια
1057 485 1109 527 τὰ
1141 472 1695 556 διωχθέντα50Ξῖιιιλιειιιῇιὲῗί,εξῐιιᾶῑῐιζι7
1760 514 1767 519 .

104 549 190 595 ὑπὸ
235 554 500 606 Κλεομένεος
538 551 943 609 μεταπεμψάμενοι,
998 551 1217 607 πέμπουσι
1255 551 1378 608 ἄγγε’·
1436 563 1713 623 ξὲἕιίτῑξῑιῦιὲἓιέιξω

1535 618 1543 631 ,

106 624 210 671 λους
239 620 281 671 ές
301 621 492 676 Σάρδις,
526 623 774 678 συμμαχίην
807 620 1074 676 βουλόμενοι
1104 620 1378 677 ποιήσασθαι
1437 630 1712 691 auxgiiumfmstffl

104 687 215 743 πρὸς
247 688 445 742 Πέρσας·
485 689 718 745 ἠπιστέατο
756 688 841 744 γάρ
883 700 962 743 σφι
1001 690 1379 745 Λακεδαιμονίους
1410 672 1487 729 „am
1509 669 1585 699 mm,

77 763 151 798 9²58
181 755 256 798 καὶ
290 758 533 814 Κλεομένεα
564 757 969 812 ἐκπεπολεμῶσθαι.
1025 755 1303 814 ἀπικομένων
1334 758 1381 801 δὲ

105 827 192 867 τῶν
224 822 418 880 ἀγγέλων
447 825 491 877 ἐς
519 825 597 877 τὰς
625 825 814 880 Σάρδις,
847 825 921 868 καὶ
949 824 1168 880 λεγόντων
1196 826 1250 869 τὰ
1269 825 1434 869 ἐπε-55

105 894 307 948 ταλμένα,
336 891 634 950 Ἀρταφέρνης
653 892 677 937 ὁ
703 893 976 944 Ὑστάσπεος,
1011 895 1220 949 Σαρδίων
1240 893 1378 949 ὕπαρ-

104 977 195 1016 χος,
235 959 447 1017 ἐπειρώτα
484 963 599 1014 τίνες
627 960 771 1013 ἐόντες
803 961 1055 1015 ἄνθρωποι,
1095 963 1170 1006 καὶ
1211 966 1270 1019 πῆ
1299 967 1378 1020 γῆς

105 1028 348 1086 οἰκημένοι,
410 1031 582 1074 δεοίατο
635 1031 842 1086 Περσέων
885 1027 1105 1084 σύμμαχοι
1156 1031 1375 1086 γενέσθαι.

72 1096 360 1154 δπυθόμενος
391 1099 437 1142 δὲ
466 1098 578 1153 πρὸς
607 1102 694 1141 τῶν
725 1095 939 1152 ἀγγέλων,
971 1095 1267 1155 ἀπεκορύφου
1298 1112 1379 1155 σφι

1437 394 1604 421 Revocatis
1619 394 1680 420 Cli-

1437 428 1550 455 sthene
1566 429 1713 455 caeteris-

100 1164 220 1209 τάδε·
258 1167 296 1209 εἰ
322 1165 402 1222 μὲν
429 1168 604 1211 διδοῦσι
624 1166 795 1224 βασιλέϊ
822 1166 1000 1224 Δαρείῳ
1027 1163 1257 1230 Ἀθηναῖοι
1296 1171 1434 1224 γῆνὸο

43 1382 203 1428 utraque
218 1375 331 1414 laude
351 1376 508 1427 insignis
536 1375 609 1412 fuit
638 1377 705 1413 Τι-

42 1433 255 1483 μασίθεος,
295 1441 339 1471 ut
371 1433 579 1470 Pausanias
619 1432 644 1471 l.
668 1432 705 1482 ¹1.

41 1503 132 1525 eum
170 1491 346 1542 appellat.
405 1486 579 1541 λήματος
604 1495 706 1525 recte

44 1547 285 1584 Florentinus
316 1555 352 1585 et
374 1546 568 1585 Sancrofti
597 1545 705 1582 liber.

40 1604 118 1640 Alii
148 1600 373 1656 λήμματος,·
425 1605 553 1640 minus
593 1603 705 1651 bene,

40 1667 82 1698 ut
106 1667 215 1698 notat
232 1662 465 1711 Wesseliug.
500 1662 619 1698 citans
637 1660 708 1696 Pi-

41 1731 165 1755 erson.
187 1717 236 1755 ad
254 1720 376 1756 Moer,
396 1732 436 1768 p.
449 1716 529 1760 245
549 1715 706 1754 nott-ad

40 1773 197 1812 Diodor.
228 1777 276 1824 Π,
308 1775 362 1817 58
383 1776 520 1812 Graev.
552 1773 602 1811 ad
621 1775 704 1810 Lu-

41 1833 138 1869 ciau.
161 1832 314 1869 Soloec.
337 1831 362 1872 5
394 1832 474 1880 [T.
495 1832 550 1867 111
569 1830 701 1882 p.563

43 1888 102 1925 ed.
133 1890 285 1938 Reitz.]
326 1887 579 1925 Valckenaer.
623 1887 703 1924 Ob-

41 1958 161 1982 servv.
173 1947 221 1992 Π,
234 1946 273 1987 5.
293 1945 421 1995 Ipsam
438 1957 575 1982 vocem
598 1950 704 1981 vete-

40 2016 96 2039 res
108 2003 350 2052 grammatici
362 2008 573 2052 exponunt,
597 1996 704 2052 θάρ-

40 2071 120 2106 σος,
143 2059 168 2095 i.
181 2072 214 2095 e.
235 2061 392 2096 animum
413 2056 563 2108 fortem,
594 2070 701 2106 gene-

38 2128 152 2153 rosum
179 2115 334 2166 adeoque
354 2115 525 2152 audacem
541 2146 550 2162 ,
591 2121 634 2151 ut
652 2115 698 2161 V,

41 2175 131 2212 111.
162 2173 244 2220 VII,
274 2173 340 2212 99.
369 2173 440 2219 ΙΧ,
469 2174 537 2212 62.
567 2172 700 2208 Glossa

36 2228 276 2266 Herodotea:
325 2231 454 2280 λῆμα·
503 2222 595 2276 α’ξία
631 2226 698 2267 καὶ

36 2281 211 2338 ἀνδρεία.

219 2376 311 2427 Cap.
334 2376 511 2413 LXXIII.

98 2452 143 2494 τὰ
167 2451 382 2494 ἑπτακόσια
404 2454 588 2503 ἐπίστια]
637 2456 697 2492 cf.

35 2519 132 2553 nott.
153 2510 202 2548 ad
221 2512 267 2559 V,
288 2514 359 2552 72.
405 2513 451 2548 In
469 2525 576 2564 seqq.
599 2525 697 2564 quae

35 2576 123 2606 aute
135 2568 484 2619 Λακεδαιμονίους
502 2569 620 2619 vulgo
636 2570 698 2606 in—

33 2632 131 2663 serta
143 2625 340 2676 legebatur
348 2626 576 2676 praepositio
586 2622 698 2677 πρὸς,

35 2696 84 2720 ex
103 2680 416 2720 antecedentibus
445 2678 568 2734 πρὸς
590 2680 697 2732 Πέρ-

38 2752 108 2786 σας
126 2740 229 2776 male
249 2737 324 2775 huc
345 2738 468 2785 illata,
500 2751 584 2774 eam
605 2752 694 2775 cum

37 2794 256 2847 Schweigh.
269 2802 305 2832 et
321 2794 438 2832 Gaisf.
449 2807 600 2845 prorsus
611 2808 694 2832 sus-

37 2853 117 2890 tuli.
179 2851 362 2890 Matthiae
391 2852 498 2889 inicis
529 2851 694 2889 incluse—

763 1382 842 1423 rat,
872 1382 915 1412 ut
934 1380 1151 1426 suspectam
1171 1375 1362 1413 voculam.
1378 1398 1429 1402 —

764 1430 828 1468 Ad
858 1432 1021 1470 verbum
1041 1430 1348 1483 ε’κπολεμῶσθαι
1381 1432 1431 1469 cf.

763 1489 830 1537 ΠΙ,
864 1492 917 1530 66
954 1490 1086 1541 ibique
1113 1496 1211 1526 nott.
1274 1489 1304 1527 C
1313 1502 1340 1527 r.
1371 1487 1431 1526 his

764 1544 871 1583 addit
899 1547 1064 1584 similem
1091 1546 1222 1583 locum
1257 1547 1431 1597 Dionysii

763 1603 886 1639 Halic.
918 1605 966 1642 A.
998 1605 1046 1640 R.
1077 1604 1123 1651 V,
1152 1603 1207 1644 40
1236 1616 1324 1654 pag.
1348 1603 1429 1643 934

765 1658 918 1709 Reisk.;
961 1659 1010 1697 de
1040 1667 1261 1711 temporum
1281 1660 1429 1696 ratione

762 1717 803 1753 in
823 1718 889 1765 iis,
931 1730 1030 1769 quae
1058 1717 1099 1756 h.
1130 1717 1158 1755 l.
1188 1724 1426 1763 enarrantur,

761 1773 867 1811 idem
887 1774 1055 1811 conferri
1074 1775 1156 1811 vult
1167 1774 1316 1811 Corsini
1327 1775 1427 1810 Fast.

759 1831 876 1869 Attio.
904 1832 951 1868 P.
979 1832 1034 1867 111
1060 1845 1101 1882 p.
1133 1832 1226 1872 131.
1273 1829 1336 1867 Ad
1358 1842 1429 1867 vo-

760 1901 847 1924 cem
885 1884 1064 1937 ῧπαρχος
1101 1888 1141 1923 in
1185 1900 1291 1939 seqq.
1323 1887 1423 1925 conf.

760 1950 857 1981 noti.
887 1943 937 1980 ad
956 1945 1002 1991 V,
1023 1944 1090 1984 25.

817 2001 924 2047 τίνες
952 1997 1084 2046 ἐόντες
1114 1995 1331 2050 ἅνθρωποι
1357 1996 1425 2037 καὶ

762 2059 833 2104 πῆ
882 2059 956 2109 γῆς
1008 2053 1244 2106 οἰκημένοι]
1306 2057 1366 2106 πῆ
1406 2069 1426 2092 e

757 2115 950 2152 Sancrofti
988 2114 1085 2150 libro
1125 2111 1301 2150 dedimus
1334 2125 1425 2149 oum

756 2177 916 2208 recentt.
957 2168 1045 2207 edd.
1084 2183 1154 2221 pro
1193 2170 1299 2220 vulg.
1339 2172 1422 2209 ποΐ.

755 2230 814 2264 De
841 2229 924 2280 ipso
950 2227 1259 2278 interrogationis
1279 2239 1420 2277 genere

755 2285 859 2323 conf.
878 2291 976 2322 nott.
998 2283 1052 2321 ad-
1065 2285 1097 2332 1,
1118 2284 1187 2325 35.

812 2337 1078 2393 α’πεκορύφου
1097 2352 1170 2389 σφι
1188 2335 1312 2388 τάδε]
1345 2339 1417 2379 Le,

755 2400 956 2436 summatim
991 2398 1115 2445 dixit,
1142 2397 1272 2447 paucis
1304 2396 1420 2433 verbis

753 2457 809 2493 rei
843 2467 1014 2493 summam
1058 2453 1258 2493 declarans.
1333 2451 1418 2489 vid.

754 2511 894 2550 suidas
915 2513 965 2549 T.
985 2512 1003 2548 Ι
1021 2525 1061 2562 p.
1082 2509 1180 2560 252,
1209 2509 1275 2562 qui
1296 2510 1420 2560 expli-

758 2575 819 2606 cat
838 2571 1062 2619 προφανῶς
1077 2565 1205 2618 ἔλεγεν
1227 2566 1314 2603 coll.
1336 2567 1417 2602 He-

755 2624 864 2677 sych.
883 2627 902 2662 1
918 2637 1009 2676 pag.
1030 2621 1132 2671 434,
1161 2623 1228 2659 ubi
1248 2620 1324 2659 vid.
1346 2622 1418 2658 Al—

756 2683 866 2732 bert„
888 2682 1027 2734 quibus
1045 2680 1279 2729 Wesseling.
1312 2676 1417 2715 addit

752 2740 913 2790 Dionys.
941 2738 1064 2776 Halic.
1099 2737 1150 2773 T.
1178 2737 1214 2772 11
1253 2748 1291 2786 p.
1336 2733 1416 2775 140

753 2796 831 2844 [De
851 2793 1034 2848 Thucyd.
1056 2791 1172 2830 indic.
1192 2793 1249 2828 IX
1269 2793 1414 2842 p.828,

751 2853 836 2890 ubi:
870 2848 964 2892 ου’δὲ
1000 2852 1123 2890 ταῦτα
1148 2845 1415 2901 συγκορυφώ-
