1897 3249
432 177 1199 216 TERPSICHORE.x.
1400 179 1455 218 '13

166 299 284 342 Ξτες,
314 289 343 344 ἢ
367 287 504 338 ἄλλως
530 290 588 344 γῇ
613 285 872 340 κρύψαντες.
915 291 1038 343 χῶμα
1064 286 1109 330 δὲ
1129 284 1311 342 χέαντες,
1345 285 1456 342 οἶγῶ-
1469 295 1512 329 80

193 375 249 402 να
276 362 433 400 τιθεῖσι
460 359 689 405 παντοῖον,
732 355 778 398 ἐν
807 358 867 410 τῷ
896 356 948 398 τὰ
977 355 1154 412 μέγιστα
1184 353 1318 397 ἄεθλα
1346 356 1456 398 τίθε-

195 441 266 468 ται
294 425 404 467 κατὰ
436 424 569 479 λόγον
602 425 912 480 μουνομαχίης.
959 424 1096 480 ταφαὶ
1125 422 1203 480 μὲν
1244 423 1297 478 δὴ
1329 425 1457 480 Θρηΐ-

195 509 286 536 κων
316 493 395 535 εἰσὶ
429 495 569 535 αὑται.

103 561 136 605 9
283 559 341 603 Τό
374 560 418 603 δὲ
448 561 559 614 πρὸς
586 560 728 616 βορέω
757 562 832 614 τῆς
858 557 1001 615 χώρης
1030 558 1092 601 ἔτι
1120 555 1281 614 ταύτης
1311 555 1457 608 οὐδεὶς
1514 563 1788 639 glffiriaiffllazuffibpo-

193 629 276 685 ἔχει
307 628 476 683 φράσαι
506 628 555 672 τό
591 626 787 682 ἀτρεκὲς,
831 627 987 678 οἵτινές
1018 629 1100 670 εἰσι
1129 623 1384 681 ἀνθρώπων
1414 626 1457 668 οἷ
1514 633 1789 694 pffliuncloffigsgffip

193 695 405 746 οἰκέοντες
445 694 599 752 αὐτήν·
651 695 758 739 ἄλλα
795 694 848 738 τοὶ
889 697 1027 751 πέρην
1066 695 1148 751 ἤδη
1177 698 1258 737 τοῦ
1284 694 1789 763 Ἴστρουὃὸῑὲῐῐίιὲἒίἰὲἑιιιιιζιξο-

164 765 356 820 Ξέρῆμθς
384 762 500 820 χώρη
531 764 731 819 φαίνεται
761 764 894 808 ἐοῦσα
924 765 997 807 καὶ
1028 763 1217 817 ἄπειρος.
1259 761 1456 818 μούνους
1513 769 1660 830 ᾗιῑιίῐῑέἐωειᾶ
1674 766 1790 835 Ιὲἑξῐᾱὲἒ

193 834 239 877 δὲ
271 832 461 888 δύναμαι
494 832 717 875 πυθέσθαι
750 833 972 883 οἰκέοντας
1010 832 1149 886 πέρην
1181 834 1260 875 τοῦ
1278 828 1455 885 Ἴστρου
1512 837 1773 898 offgnatffqutetffi-

197 901 487 956 ἀνθρώπους,
526 905 638 943 τοῖσι
673 901 844 957 οὔνομα
876 899 987 944 εἶναι
1016 900 1265 956 Σιγύννας,
1304 901 1454 957 ἐσθῆτι
1516 903 1774 974 (1(ἶῐ1ῑξὲ)ὃῐξέξὲῗ9

1515 976 1640 1001 nentes:
1670 978 1779 1009 eorum⁴

1517 1006 1649 1034 vestitus
1663 1009 1695 1033 et
1711 1012 1789 1040 equi.

139 1090 278 1126 bustum
301 1089 399 1126 terrei
419 1089 616 1126 conduntf‘
637 1086 699 1123 Ad
709 1101 798 1124 sen-

138 1159 223 1182 snm
255 1153 368 1182 recte.
435 1146 622 1182 Voculam
658 1141 797 1191 ἄλλως,

139 1215 258 1254 quam
278 1204 317 1238 in
338 1204 648 1254 interpretatione
672 1203 799 1238 omisit

139 1258 384 1310 Schweigh.,
424 1261 599 1310 accipio:
651 1261 798 1305 omnino,

134 1317 253 1367 plane.
332 1316 390 1353 Cf.
440 1318 522 1353 Ast.
562 1315 610 1352 ad
648 1316 795 1352 Platon.

139 1372 304 1409 Phaedr.
325 1386 412 1424 pag.
435 1373 537 1418 2413
559 1372 607 1409 ad
626 1374 739 1409 Polit.
759 1387 798 1423 p.

141 1429 235 1470 415.
259 1430 351 1470 521.
375 1429 469 1471 641.

197 1489 309 1537 χῶμα
331 1485 373 1526 δὲ
399 1485 581 1537 χέαντες]
613 1487 688 1523 Vix
708 1486 798 1537 plu—

140 1543 242 1579 ribus
271 1556 432 1580 monere
473 1545 605 1580 attinet
620 1573 629 1589 ,
679 1544 796 1579 moris

139 1600 252 1636 fuisse
273 1600 376 1652 apud
396 1602 571 1647 Graecos,
601 1607 643 1636 ut
669 1600 799 1650 sepul-

141 1658 282 1693 cralem
295 1658 489 1694 tumulum
503 1658 704 1708 erigerent.
727 1657 799 1704 Cf.,

139 1726 189 1749 ne
219 1715 347 1765 plura,
387 1715 588 1765 Virgilium
610 1715 709 1750 Aen.
733 1715 800 1761 III,

140 1772 207 1817 63,
247 1784 268 1806 a
296 1770 485 1808 Larchero
513 1771 724 1808 laudatum.
744 1793 801 1798 ——

142 1822 280 1878 ἀγῶνα
320 1832 511 1867 παντοῖον
551 1829 800 1879 interpretor:

141 1885 248 1919 vatia
272 1887 496 1921 certaminum
517 1897 725 1933 genera.—
755 1886 801 1920 In

143 1951 249 1991 seqq.
271 1941 386 1976 verba
403 1937 501 1978 κατά
518 1936 633 1992 λόγον
655 1955 800 1989 μουνο·

144 1997 288 2046 μαχίης
327 1999 393 2033 vix
433 2004 606 2033 accurate
637 1995 802 2033 reddidit

143 2051 377 2103 Schweigh„
389 2060 513 2089 totum
532 2054 661 2090 locum
673 2055 725 2089 ita
740 2054 803 2089 iu-

140 2115 371 2160 terpretans:
393 2131 448 2136 —
477 2112 729 2157 „certaminum
739 2123 803 2147 υα-

141 2167 199 2203 ria
215 2170 413 2216 proponunt
438 2179 587 2215 genera,
617 2169 654 2204 in
676 2168 801 2217 quibus

141 2224 300 2260 nzaxima
339 2225 456 2274 pretia
498 2226 682 2274 proposita
716 2228 799 2261 sunt

143 2279 219 2326 his,
247 2281 330 2330 qui
355 2280 616 2328 singulari
643 2284 796 2317 certa-

142 2337 256 2373 mine
274 2338 513 2376 vincunt.“
542 2338 592 2373 At
612 2334 710 2376 κατὰ
731 2335 800 2376 λό-

143 2407 216 2445 γον
231 2391 322 2439 h.l.,
343 2394 456 2443 plane
467 2400 509 2430 ut
519 2395 548 2441 1,
566 2393 656 2440 134,
678 2395 797 2431 valet:

141 2462 209 2500 pro
236 2463 265 2486 s.
296 2463 339 2487 ex
370 2453 530 2497 ratione,
576 2452 630 2487 ita
664 2454 705 2488 ut
729 2464 800 2501 par

146 2509 218 2550 est;
238 2507 429 2543 Letroune
451 2507 506 2555 (in
521 2508 656 2544 Journ.
675 2506 711 2544 d.
725 2508 800 2544 Sa—

146 2575 239 2600 vaus
264 2565 369 2604 1817
389 2576 476 2615 pag.
499 2565 571 2613 99)
594 2564 798 2615 explicuit:

147 2631 230 2656 avec
259 2621 396 2667 raison,
439 2633 562 2657 comme
599 2621 641 2658 cle
672 2623 802 2668 raison,

147 2677 246 2713 ainsi
268 2688 332 2725 que
351 2676 424 2713 cela
445 2677 519 2714 doit
542 2677 621 2714 titre.
670 2678 802 2714 Malim

148 2731 349 2784 equidem:
375 2746 442 2783 pro
458 2736 658 2771 certaminis
679 2737 803 2783 singu-

150 2788 237 2826 laris
264 2791 422 2837 ratione,
452 2802 482 2826 s.
507 2792 634 2840 prouti
660 2793 803 2841 quisque

855 1089 894 1124 in
924 1088 986 1124 hoc
1011 1087 1064 1124 vel
1085 1087 1147 1124 illo
1174 1091 1374 1125 certaminis
1394 1101 1515 1137 genere

854 1145 909 1181 vel
948 1147 1063 1194 magis
1092 1144 1147 1180 vel
1175 1147 1291 1182 minus
1317 1149 1513 1196 praestitit.

854 1203 963 1237 —In
985 1203 1061 1238 tine
1084 1203 1214 1252 capitis
1228 1216 1316 1238 cum
1328 1202 1513 1253 Schwgh.

856 1266 892 1294 et
904 1260 1020 1295 Gaisf.
1041 1259 1171 1309 scripsi
1192 1254 1307 1298 αὗται
1329 1274 1396 1311 pro
1409 1262 1513 1311 vulg.

854 1315 954 1364 αἵδε,
979 1315 1082 1368 quod
1101 1314 1224 1352 Matth
1244 1318 1410 1354 retinuit.

1097 1407 1190 1457 Cap.
1214 1407 1283 1444 IX.

914 1479 1135 1536 ου’δεὶςέχει
1157 1483 1309 1535 φράσαι
1334 1483 1378 1526 τό
1402 1482 1515 1537 α’τρε-

856 1538 939 1590 κὲς]
973 1542 1099 1578 Simili
1119 1542 1235 1580 modo
1254 1546 1389 1581 Noster
1407 1544 1516 1580 locu-

856 1604 916 1634 ωε
939 1606 991 1635 est
1013 1600 1078 1646 ΠΙ,
1102 1602 1167 1640 98.
1190 1601 1253 1648 IV,
1270 1603 1332 1641 16.
1347 1599 1413 1642 24.
1435 1602 1515 1645 Vn,

859 1655 952 1695 152.
983 1656 1082 1703 VIII,
1113 1659 1151 1697 8.
1209 1659 1251 1693 In
1283 1659 1405 1694 verbis
1425 1671 1517 1708 pro-

856 1713 961 1748 xime
982 1713 1291 1751 antecedentibus
1318 1729 1338 1751 e
1358 1716 1519 1751 Floren-

858 1770 938 1805 tino
970 1783 1059 1807 cum
1090 1769 1311 1821 Schweigli.
1342 1779 1377 1807 et
1399 1771 1517 1807 Gaisf.

862 1825 962 1862 edidi
983 1831 1053 1877 τῆς
1072 1822 1202 1878 χώρης
1227 1828 1292 1875 ἔτι,
1315 1829 1381 1863 ubi
1400 1829 1517 1877 vulgo

861 1881 915 1920 ἔτι
957 1886 1027 1933 τῆς
1066 1880 1216 1932 χώρης;
1272 1897 1389 1935 quem
1430 1897 1518 1920 ver-

858 1938 997 1974 boriun
1057 1939 1232 1975 ordinem
1281 1942 1518 1977 retinuerunt

860 1993 1087 2032 Schaeferus
1102 2003 1137 2031 et
1146 1995 1399 2034 Matthiae.—
1413 1999 1517 2034 Arti-

860 2051 966 2088 culus
983 2052 1025 2090 οἷ
1044 2059 1131 2089 ante
1153 2051 1348 2100 οἰκέοντες
1369 2056 1407 2091 in
1428 2057 1517 2106 plu—

858 2108 962 2145 rimis
983 2108 1094 2145 codd.
1119 2109 1243 2157 deest,
1274 2119 1316 2148 ut
1344 2125 1438 2148 mox
1459 2118 1518 2149 et-

856 2165 935 2201 iam
964 2162 1011 2203 τοὶ
1043 2173 1130 2202 ante
1159 2165 1296 2218 πέρην.

915 2217 1011 2260 ἄλλα
1054 2220 1101 2261 τοὶ
1147 2222 1274 2275 πέρην
1321 2221 1402 2275 ἤδη
1445 2226 1517 2263 τοῦ

1264 2276 1273 2288 ,

842 2275 1008 2330 ’Ἴστρου
1039 2279 1187 2331 ἔρῆμος
1217 2296 1324 2332 χωρη
1345 2296 1381 2319 κ.
1406 2297 1437 2321 τ.
1461 2282 1514 2330 L]

857 2335 1017 2372 Videtur
1037 2334 1131 2373 haec
1166 2339 1354 2388 scriptoris
1375 2340 1516 2389 opinio,

858 2392 934 2443 quii
963 2394 1060 2429 ultra
1097 2395 1235 2430 Istrum
1274 2394 1419 2431 deserta
1449 2396 1517 2431 sibi

856 2448 976 2486 videri
1008 2452 1200 2498 enuntiat,
1241 2465 1290 2488 ex
1329 2450 1518 2488 Thraciae

858 2505 982 2543 forma
1003 2506 1051 2543 ad
1082 2509 1380 2559 septentrionem
1410 2509 1522 2544 nimis

857 2562 1062 2614 producta,
1096 2578 1214 2616 quam
1234 2567 1362 2602 animo
1383 2567 1518 2601 Noster

858 2621 928 2656 sibi
947 2620 1109 2658 finxerat
1124 2651 1134 2668 ‚
1166 2621 1383 2673 repetenda.
1407 2621 1516 2658 Conf.

858 2683 953 2714 nott.
974 2676 1022 2713 ad
1042 2678 1087 2726 V,
1111 2681 1148 2718 3.

916 2738 1019 2773 τοῖσι
1050 2731 1205 2784 οὕνομα
1233 2730 1335 2772 εἶναι
1366 2729 1517 2786 Σιγύν-

859 2791 957 2838 νας]
990 2791 1192 2827 Fluctuant
1212 2791 1309 2837 libri,
1331 2798 1372 2828 ut
1392 2790 1456 2839 fit,
1478 2792 1515 2827 in
