1851 3181
455 234 539 274 404

855 216 1321 274 HERonoTl

453 338 736 396 λοποννήσου
751 373 762 394 ,
796 342 1018 394 Φείδωνος
1044 347 1129 387 τοῦ
1147 342 1353 401 Ἀργείων
1371 346 1594 401 τυράννου
1623 345 1724 399 πάϊς

398 526 601 573 Quomodo
622 528 731 566 scrib.
766 525 851 566 hist.
886 526 939 569 24
973 528 1057 576 [ubi

396 583 472 622 vicl.
496 583 538 619 C.
563 585 605 620 F.
628 585 839 621 Hermann.
858 597 946 635 pag.
961 584 1054 625 215.

395 641 525 688 216];
562 653 660 692 quae
691 643 815 679 attulit
836 640 1005 678 Schultz,
1029 641 1054 677 l.

394 697 420 733 1.
440 710 479 746 p.
505 699 554 736 10
576 705 656 734 not.
677 701 744 739 20.
804 699 901 734 Cum
930 698 1054 735 verbis

394 752 643 791 Herodoteis:
693 757 765 794 τοῦ
797 751 1055 806 ’ὑπερφύντος

393 824 432 848 τε
444 805 641 861 Ἕλληνας
666 808 776 862 ἰσχύϊ
803 810 846 860 (i.
869 825 902 848 e.
925 813 1052 861 quirc-

392 867 470 903 bore
497 868 588 904 inter
610 869 763 905 Graecos
789 867 957 919 erm'nuz't)
982 880 1053 918 ap-

390 924 514 973 prime
535 926 941 961 conveniuntPausan.
964 938 1053 961 ver-

390 981 438 1016 ba
458 981 520 1027 VI,
543 984 566 1021 3
583 982 648 1017 fin.
673 982 714 1020 οἱ
731 977 875 1027 πάντες
889 978 1053 1033 ἅνθρω-

390 1051 461 1075 ποι
500 1034 777 1089 θεραπεύουσι
820 1036 868 1077 vo}
910 1037 1053 1086 ὑπερέ-

390 1108 511 1143 χοντα
535 1097 584 1148 τῇ
607 1091 724 1145 ἰσχύϊ.
755 1095 860 1140 Quae
882 1108 1052 1146 sequun-

390 1157 476 1186 tur:
494 1150 558 1189 καὶ
581 1150 780 1203 φυγόντος
794 1148 1052 1201 ἀνθρώπους,

391 1207 642 1257 explicantur,
672 1216 855 1245 monente
870 1209 1051 1255 Wessel.,

389 1265 573 1301 similibus
602 1266 725 1302 verbis
763 1266 826 1313 IV,
866 1264 970 1306 174:
1016 1264 1057 1303 οἱ

388 1314 521 1358 πάντα
540 1317 763 1374 ἄνθρωπον
776 1318 970 1373 φεύγουσι
987 1319 1055 1360 καὶ

387 1374 533 1424 παντὸς
565 1375 751 1429 ὁμιλίην,
792 1380 857 1431 qui
891 1379 1050 1428 fugiunt

389 1446 620 1484 quemcunque
663 1435 828 1472 hominem
860 1439 894 1472 et
928 1437 1052 1472 cuius-

387 1502 521 1540 cunque
541 1494 787 1529 commercium.

449 1547 652 1594 ‘Det'doeztog
673 1570 727 1576 —
744 1543 842 1595 πάϊς
879 1543 1051 1598 Λεωκή-

390 1602 480 1652 δης]
504 1605 609 1641 Haec
631 1606 711 1655 ipsa
733 1612 769 1641 et
790 1618 846 1653 ea,
868 1618 966 1656 quae
986 1618 1049 1642 se-

388 1667 558 1710 quuntur
577 1691 586 1709 ‚
627 1662 764 1698 merito
795 1663 895 1698 viros
917 1661 1048 1698 doctos

387 1729 606 1754 exercuere.
664 1719 763 1754 Nam
790 1717 915 1754 Phido
932 1719 1048 1768 Argi-

386 1785 525 1809 vorum
539 1780 741 1826 tyrannus,
773 1774 820 1811 de
841 1788 916 1826 quo
938 1776 1048 1825 plura

384 1830 546 1878 Noster,
591 1830 640 1867 ad
669 1832 792 1868 multo
834 1833 1047 1883 antiquiora

386 1893 559 1937 tempora
612 1889 777 1938 pertinet
829 1887 1047 1939 Olympiad.

386 1950 542 1981 octavae
556 1945 795 1996 minimeque
815 1945 904 1981 inde
924 1946 1047 1981 filium

385 1997 526 2036 habere
550 2002 679 2051 potuit.
704 2001 949 2050 Leocedem,
982 2003 1048 2054 qui

383 2057 482 2092 inter
514 2058 710 2108 Agaristae
739 2072 874 2110 procos
903 2072 1048 2096 nomen

384 2113 574 2162 professus
603 2115 728 2151 fuerit.
801 2116 925 2161 Quare
953 2117 1046 2152 Pal-

383 2170 506 2205 merio
538 2171 590 2207 ita
622 2170 867 2208 scribendum
886 2171 1046 2209 videba-

384 2231 446 2261 tur
464 2233 549 2275 post
568 2223 816 2279 Λεωκήδηςτ
841 2224 921 2267 cino*
948 2230 1045 2268 Φεί-

385 2281 512 2328 δωνος
539 2280 582 2321 δὲ
597 2285 670 2322 τοῦ
683 2279 877 2336 Ἀργείων
895 2280 1045 2336 τυράν-

383 2352 472 2385 νου,
525 2341 598 2377 τοῦ
629 2336 677 2377 τοὶ
708 2339 827 2390 μέτρα
863 2355 898 2378 κ.
932 2354 965 2379 τ.
993 2343 1042 2388 λ.,

385 2394 603 2432 Gronovioz
648 2391 849 2446 τυράννου
878 2393 921 2434 δὲ
949 2396 1041 2436 Φεί-

384 2450 513 2497 δωνος
540 2446 763 2503 ἀπόγονος,
803 2454 876 2491 τοῦ
901 2450 949 2490 τοὶ
984 2451 1047 2503 με’-

383 2522 456 2556 τρα
473 2522 509 2546 κ.
529 2522 562 2546 τ.
575 2510 621 2554 λ.,
643 2508 809 2545 Reitzio:
845 2508 1047 2556 Φείδωνος

385 2561 428 2602 δὲ
473 2566 546 2603 τοῦ
604 2559 789 2616 Ἀργείων
845 2562 1046 2614 τυράννου

374 2615 599 2672 xobto'yovog,
615 2623 687 2660 τοῦ
705 2617 750 2660 τοὶ
767 2618 887 2672 μέτρα
899 2637 932 2660 κ.
947 2636 979 2661 τ.
997 2624 1045 2668 λ.,

385 2676 490 2728 quod
522 2678 648 2728 ipsum
678 2676 818 2714 arridet
846 2677 1043 2716 Schultzio

383 2745 472 2783 pag.
507 2737 557 2774 10
577 2741 658 2771 not.
679 2737 729 2774 21
754 2734 838 2771 coll.
852 2735 976 2776 Marx,
994 2734 1043 2772 ad

382 2789 730 2841 Ephor.Fragmm.
754 2803 838 2841 pag.
865 2793 956 2839 108,
978 2793 1043 2843 qui

382 2853 468 2896 post
494 2847 697 2894 Φείδωνος
722 2845 766 2887 δὲ
797 2846 1042 2886 inserendum

1113 529 1323 578 suspicatur
1366 526 1595 583 ἀπογόνου,
1655 542 1777 582 quum

1113 585 1185 620 nisi
1206 584 1299 622 haec
1321 588 1381 624 vel
1401 589 1532 624 similis
1557 586 1776 628 emendatio

1112 643 1336 691 recipiatur,
1378 646 1551 680 maxima
1581 645 1775 681 exoriatur

1111 704 1331 748 temporum
1369 702 1546 737 turbatio.
1621 702 1775 737 Grono-

1110 756 1219 791 vium
1239 757 1409 807 sequitur
1427 755 1640 793 Lare-herus
1669 758 1772 808 ipse-

1109 824 1183 862 que
1205 812 1460 861 Gaisfordius,
1505 815 1569 865 qui
1614 815 1771 862 „Recte‚

1108 869 1172 915 ait,
1202 869 1416 906 Gronovius
1443 869 1603 917 iudicat,
1635 883 1773 907 vocem

1109 919 1312 976 ἅπογόνου
1335 926 1529 964 excidisse.
1566 925 1773 964 Vid.Mus-

1108 983 1230 1031 gravii
1260 983 1356 1021 Diss.
1386 997 1423 1033 p.
1453 986 1532 1024 178
1562 996 1641 1034 seq.
1672 985 1772 1021 Por-

1109 1051 1191 1074 son.
1225 1039 1356 1075 Tract.
1389 1053 1426 1090 p.
1458 1039 1580 1080 325.“
1611 1041 1772 1077 Wesse-

1108 1095 1249 1145 lingius
1270 1096 1452 1133 Palmerii
1473 1104 1587 1147 atque
1618 1098 1772 1134 Grono-

1109 1153 1160 1188 vii
1182 1151 1493 1189 emendationem
1520 1152 1669 1189 laudari
1689 1155 1772 1205 qui-

1111 1207 1213 1255 dem,
1234 1208 1300 1245 sed
1311 1216 1453 1245 certam
1474 1211 1655 1259 praestari
1666 1208 1772 1246 haud

1109 1277 1218 1314 posse
1238 1264 1394 1302 iudicat.
1450 1264 1547 1301 Mihi
1574 1267 1699 1316 placet
1730 1267 1771 1304 C.

1111 1322 1153 1358 Ο.
1181 1323 1333 1358 Miilleri
1360 1324 1547 1359 sententia
1576 1324 1772 1372 Aeginett.

1106 1390 1197 1428 pag.
1219 1381 1272 1419 60
1294 1391 1399 1430 seqq.
1419 1377 1487 1415 has
1508 1379 1678 1416 virorum
1699 1378 1772 1416 do-

1108 1441 1259 1470 ctorum
1280 1434 1568 1472 emendationes
1587 1437 1714 1473 statim
1725 1449 1769 1473 eo

1107 1491 1230 1527 refelli
1257 1493 1476 1540 scribentis,
1508 1491 1612 1545 quod
1644 1494 1771 1529 conti-

1107 1561 1185 1584 nuo
1209 1549 1367 1598 legitur:
1412 1546 1557 1589 τούτου
1587 1545 1638 1600 δή
1656 1546 1768 1598 πάϊς,

1106 1617 1343 1656 omnemque
1379 1607 1493 1642 etiam
1512 1619 1675 1643 manum
1694 1607 1770 1643 cri-

1104 1662 1221 1698 ticam
1248 1663 1325 1698 loci
1355 1663 1482 1700 colore
1511 1664 1681 1713 ingenuo
1724 1675 1768 1700 ac

1103 1719 1233 1755 nativo
1254 1720 1456 1757 removeri.
1523 1721 1658 1771 Itaque
1686 1721 1769 1755 He-

1103 1774 1283 1811 rodotum
1304 1774 1501 1812 contendit
1515 1788 1594 1813 non
1604 1775 1767 1813 mendo-

1103 1844 1211 1880 sum,
1241 1831 1307 1869 sed
1336 1832 1495 1879 falsum,
1524 1831 1768 1870 historiarum

1103 1889 1361 1939 Peloponnesi
1416 1890 1545 1926 minus
1600 1902 1767 1940 gnarmn

1104 1945 1288 1982 Leocedis
1316 1951 1466 1996 patrem
1496 1959 1516 1982 e
1545 1945 1649 1982 fama
1669 1958 1767 1998 qua-

1106 2001 1196 2038 dam
1236 2003 1396 2039 obscura
1435 2015 1525 2039 cum
1558 2003 1766 2054 antiquiori

1104 2066 1220 2110 atque
1252 2059 1444 2098 illustriori
1481 2060 1548 2096 illo
1587 2058 1766 2096 Phidone

1102 2122 1348 2166 permutasse.
1417 2117 1532 2153 Hunc
1560 2116 1640 2152 fere
1667 2114 1766 2152 Phi-

1103 2171 1246 2208 donem
1274 2172 1380 2208 idem
1409 2185 1498 2222 pag.
1530 2174 1582 2212 63
1621 2173 1762 2220 statuit,

1103 2229 1202 2264 circa
1236 2229 1389 2279 Olymp.
1428 2229 1482 2263 III
1522 2227 1762 2277 Corinthum,

1101 2297 1145 2320 ac
1174 2291 1304 2334 postea
1339 2285 1525 2321 maiorem
1567 2285 1764 2336 Pelopon-

1101 2342 1183 2376 nesi
1230 2347 1378 2391 partem
1429 2341 1499 2377 sibi
1557 2342 1761 2392 subegisse,

1104 2397 1258 2448 Olymp.
1279 2398 1364 2434 VIII
1385 2395 1633 2447 agonothetas
1649 2399 1763 2436 Eleos

1102 2454 1303 2504 pepulisse,
1335 2453 1515 2506 denique,
1537 2454 1683 2505 legibus
1701 2455 1762 2491 la-

1102 2511 1170 2557 tis,
1200 2511 1386 2547 mensuris
1405 2511 1605 2558 institutis,
1633 2511 1761 2548 numis

1104 2567 1221 2614 cusis,
1266 2567 1364 2603 circa
1394 2567 1547 2619 Olymp.
1566 2568 1623 2604 XI
1643 2580 1664 2604 a
1681 2569 1760 2604 La-

1104 2622 1359 2661 cedaemoniis
1380 2637 1458 2661 esse
1479 2637 1664 2661 eversum.
1686 2624 1760 2669 Qui

1101 2679 1274 2717 Leocedes
1302 2678 1340 2717 h.
1359 2680 1388 2717 l.
1409 2686 1583 2728 vocatur,
1611 2692 1634 2716 a
1652 2681 1758 2716 Pau-

1100 2738 1205 2773 sania
1225 2743 1383 2773 vocatur
1410 2736 1587 2784 Lacides,
1617 2748 1639 2772 a
1661 2736 1756 2772 Plu-

1098 2792 1230 2829 tarcho
1243 2793 1295 2841 (II
1307 2805 1394 2843 pag.
1407 2795 1459 2834 89
1470 2792 1534 2841 E.)
1548 2786 1754 2842 Λακύδης,

1098 2856 1141 2886 ut
1166 2850 1409 2901 probabiliter
1435 2849 1542 2899 ponit
1568 2849 1755 2900 Wytten-
