1870 3249
392 172 1049 210 TERPSICHORE.
1108 174 1154 211 V.
1336 176 1414 214 181

150 280 354 338 ,,ζη’τησ·ιν
383 280 637 331 ἀπικοίατο,
672 280 816 324 πάντα
837 281 1086 336 ἐρευνήσειν
1114 281 1332 338 μέλλοιεν·
1361 284 1416 326 τοὶ

93 352 226 406 17,,δὴ
266 350 339 393 καὶ
380 349 557 404 ἐγίνετο.

616 348 798 393 ἐλθοῦσι
837 349 882 393 δὲ
920 350 994 392 καὶ
1032 350 1297 405 διζημένοισι
1340 350 1413 394 αὕ-

146 423 285 470 ,,τοῖσι
305 415 364 468 ὥς
394 416 476 460 οὐκ
509 417 735 471 ἐφαίνετο,
768 417 911 461 ἐδόκεε
942 417 1310 472 ἀπαλλάσσεσθαι,
1340 420 1415 461 καὶ

143 485 309 541 ,λέγειν
339 484 449 539 πρὸς
485 484 591 536 τούς
623 483 988 544 ἀποπέμψαντας,
1028 484 1087 537 ὥς
1118 485 1262 530 πάντα
1292 487 1415 543 ποιή-

143 564 293 604 ,.σειαν
321 553 374 596 τοὶ
407 553 566 596 ἐκεῖνοι
596 553 873 597 ἐνετείλαντο.
923 556 967 598 οἱ
996 554 1075 609 μὲν
1105 554 1157 608 δὴ
1196 553 1471 599 ἀπελθόν-45

87 627 253 673 18,,τες,
285 621 434 677 ἔλεγον
457 624 607 663 ταῦτα.
665 619 860 665 Ἠετίωνι
890 623 936 666 δὲ
967 622 1073 678 μετὰ
1096 626 1233 666 ταῦτα
1263 623 1286 667 ὁ
1309 622 1412 674 πάϊς
1470 648 1519 675 νὴ
1537 647 1601 675 fact

141 688 399 742 ,,αὐξοὶνετο·
431 690 505 732 καί
536 689 580 731 οἷ
608 689 873 747 διαφυγόντι
902 695 1064 736 τοῦτον
1093 690 1170 735 τὸν
1200 694 1413 736 κίνδυνον

82 875 170 900 cam
209 861 269 911 (ἒς
302 859 499 915 λάρνακα)
540 863 744 910 inclusum,

80 920 195 956 maris
204 919 379 957 fluctibus
392 919 440 957 ad
456 921 627 971 ipsorum
638 932 746 956 oram

81 975 286 1014 advectum
307 976 490 1027 (Pausan.
519 979 663 1014 Lacon.
685 990 746 1027 cp.

81 1033 169 1084 24).
226 1035 325 1071 Nolo
348 1032 653 1071 Bacchiadarum
675 1033 747 1070 ad-

78 1103 249 1137 monere,
264 1090 313 1127 ad
325 1092 575 1144 quosCypseli
586 1104 643 1127 res
655 1104 697 1141 sp
703 1104 746 1126 e-

81 1154 206 1195 ctant,
243 1150 330 1200 qui,
372 1162 463 1185 cum
495 1149 642 1198 origine
662 1149 745 1183 He-

81 1203 244 1241 raclidae
266 1212 402 1254 essent,
423 1218 444 1242 a
463 1203 657 1241 Bacchide
670 1218 746 1241 110-

80 1275 174 1298 vum
193 1275 337 1298 nomen
363 1268 639 1299 assumseram:
670 1275 743 1298 nec

34 1352 40 1355 s
79 1319 202 1369 magis
220 1318 267 1356 de
279 1319 482 1370 Amphione,
495 1319 647 1370 Cypseli
657 1331 741 1368 av0‚

81 1374 228 1424 dicam,
259 1377 347 1413 licet
373 1390 444 1413 nec
471 1377 537 1412 1113
566 1389 588 1412 3
616 1382 743 1412 meta-

78 1431 237 1483 phoric&
288 1434 435 1470 ratione
489 1429 741 1482 abhorrea‘nt3

76 1489 172 1527 illud
211 1489 408 1539 adiiciam,
448 1490 657 1541 Cypselum
694 1503 744 1527 ex

75 1546 163 1584 arcst
181 1560 261 1584 non
280 1549 407 1585 minus
428 1548 593 1584 alacrem
613 1546 744 1585 vindi-

74 1617 160 1641 cem
201 1606 386 1642 exstitisse
427 1603 586 1641 claudae
628 1605 742 1641 matri

73 1660 239 1708 Labdae‚
258 1675 374 1714 quam
386 1661 525 1699 Horum
546 1668 582 1698 et
601 1662 740 1712 ipsum,

73 1719 171 1755 sicut
190 1719 293 1755 fama
312 1719 469 1766 ferebat,
492 1731 601 1755 arcae
610 1719 739 1755 inclu—

74 1788 173 1823 sum,
195 1775 402 1813 debilitatae
434 1775 530 1813 Isidi
547 1776 609 1812 vel
636 1776 738 1813 Bac-

76 1830 195 1867 chum
217 1831 387 1869 Semelae.
437 1833 646 1882 Usurpasse
667 1845 739 1868 au-

76 1895 157 1924 tem
185 1889 326 1938 priscos
356 1889 440 1925 illos
467 1890 633 1926 Graecos
664 1887 738 1925 hoc

76 1945 279 1993 allegoriae
316 1957 459 1994 genus,
504 1951 547 1981 ut
585 1949 738 1993 mortem,

75 2013 228 2038 somnum
250 2008 286 2038 et
299 1999 486 2053 quidquid
507 2000 740 2038 debilitatam

75 2065 251 2094 naturam
272 2057 413 2094 habere
431 2057 581 2095 videtur
595 2071 665 2109 per
675 2060 740 2096 im-

70 2114 233 2164 peditum
284 2127 442 2164 gressum
482 2114 738 2164 declararent,

74 2183 217 2221 magno
229 2178 456 2221 argumento
475 2172 539 2208 illa
549 2172 631 2223 ipsa
652 2185 738 2209 arca

74 2227 226 2279 Cypseli
247 2228 447 2280 Olympiae
470 2235 548 2276 est,
587 2229 628 2264 iu
661 2242 737 2281 qua

73 2285 279 2322 Pausanias
318 2284 409 2322 dicit
437 2285 622 2322 feminam
658 2300 738 2323 esse

72 2342 260 2389 effictam,
289 2348 502 2392 gestantem
523 2341 617 2380 duos
638 2357 737 2394 pue—

72 2411 152 2446 ros,
195 2399 356 2436 alterum
378 2399 532 2447 album,
579 2401 735 2450 nigrum

72 2455 235 2492 alterum
251 2485 260 2503 ‚
301 2455 532 2493 dormientes
554 2463 735 2509 utrosque

71 2507 324 2563 ἀμφοτέρους
399 2512 734 2564 διεστραμμένους

71 2566 166 2615 τοὺς
192 2565 321 2615 πόδας
349 2569 375 2605 1.
393 2582 426 2605 e.
447 2570 601 2620 valgos,
634 2578 734 2608 recte

72 2626 287 2676 explicante
327 2625 519 2662 Viscontio
560 2627 600 2662 in
633 2628 733 2665 Mus.

72 2683 369 2720 Pio-Clement.
401 2683 451 2718 T.
481 2683 536 2718 ΠΙ
556 2696 644 2733 pag,
668 2683 734 2733 59,

71 2746 172 2776 recte
213 2741 306 2776 item
338 2737 530 2776 iudicante
569 2741 734 2791 Heynio,

71 2794 144 2834 hoc
176 2797 258 2848 ipso
293 2795 436 2848 pedum
460 2797 551 2834 vitio
573 2796 735 2833 infirmi—

803 868 922 899 tatem
943 861 1139 901 declarari.
1174 865 1225 901 Et
1245 865 1473 901 mirabimur

800 920 1012 970 priscarum
1051 922 1282 971 religionum
1323 923 1474 958 monitu

804 976 1024 1028 Cypselidas
1054 979 1137 1014 illos
1164 977 1308 1015 Bacchi
1347 981 1472 1016 cistam

795 1032 948 1084 feralem
989 1035 1149 1084 aliquam
1178 1036 1257 1072 sive
1311 1035 1471 1073 Osiridis

805 1089 1000 1128 dedicasse
1035 1093 1076 1127 iu
1105 1093 1268 1129 sacrario
1290 1092 1470 1143 Olympio

802 1148 960 1184 Iunonis
996 1154 1034 1184 et
1060 1156 1193 1198 postea
1220 1148 1366 1185 famam
1399 1150 1471 1185 ali-

803 1217 920 1256 quam
939 1205 1204 1252 iucrebruisse,
1237 1219 1335 1258 quae
1356 1206 1471 1242 femi-

800 1274 893 1297 nam
907 1275 927 1297 e
943 1261 1252 1299 Bacchiadarum
1261 1269 1377 1314 gente
1396 1276 1470 1301 no-

800 1318 920 1355 bilem
941 1332 1031 1355 cum
1044 1318 1143 1357 Iside
1154 1320 1330 1357 luctuosa
1352 1327 1388 1356 et
1402 1319 1472 1357 de-

799 1375 952 1412 ficiente
964 1374 1139 1429 adeoque
1150 1376 1285 1414 clauda
1298 1376 1379 1427 (i.e.
1392 1384 1472 1414 ter-

798 1431 841 1469 r&
863 1440 1057 1470 arescente
1079 1441 1116 1471 et
1148 1435 1368 1472 contristata
1383 1463 1393 1482 ‚
1420 1434 1470 1472 cf.

799 1488 995 1527 Plutarch.
1006 1492 1043 1527 II
1052 1504 1091 1542 p.
1106 1493 1187 1532 366
1196 1505 1235 1543 p.
1251 1490 1334 1532 499
1346 1492 1470 1543 Wyt-

798 1547 934 1598 tenb.)
968 1556 1233 1599 compararet:
1263 1549 1470 1599 parvulum

799 1611 932 1641 autem
965 1604 1138 1642 eiusdem
1160 1612 1308 1643 erectae
1328 1604 1469 1643 indolis

799 1668 837 1698 et
866 1662 932 1713 qui
963 1661 1164 1713 expeditus
1194 1677 1214 1699 e
1237 1662 1469 1700 discrimini-

797 1719 886 1766 bus,
916 1719 1058 1757 virtute
1078 1718 1147 1756 sust
1173 1733 1284 1757 suam
1303 1727 1469 1756 matrem

795 1776 988 1825 insignem
1018 1776 1173 1825 fecerit,
1215 1777 1358 1815 osiride·
1388 1778 1468 1814 sive

795 1831 952 1880 Baccho,
963 1839 1165 1885 tamquam
1183 1833 1276 1880 Soli,
1293 1847 1342 1869 ex
1357 1846 1467 1870 arcae

796 1889 962 1925 tenebris
982 1889 1023 1925 in
1052 1890 1183 1926 lucem
1212 1887 1358 1927 enixo?
1415 1891 1466 1927 Et

797 1944 932 1996 quidni
952 1946 1077 1995 potuit
1098 1947 1214 1982 etiam
1233 1947 1465 1997 religionum

797 2000 910 2039 causti
940 2015 1031 2038 cum
1062 2002 1246 2054 Cypselus
1272 2011 1357 2045 tum
1386 2002 1466 2056 Gy*-

795 2057 1030 2109 pselidarum
1044 2060 1202 2111 quilibet
1221 2061 1404 2111 puerulus
1424 2062 1465 2098 in

794 2113 938 2153 Bacchi
960 2115 1163 2154 Osiridisve
1185 2116 1272 2154 arc&
1301 2119 1371 2155 rite
1391 2119 1464 2154 ali—

795 2171 949 2224 quando
963 2171 1117 2224 deponi,
1138 2176 1362 2224 praesertim
1374 2189 1463 2212 culn

796 2243 845 2266 ex
856 2229 1169 2268 antecedentibus
1183 2239 1374 2282 appareat,
1392 2246 1462 2269 cu—

793 2287 938 2324 nabula
967 2287 1160 2325 infantum
1193 2301 1213 2324 a
1234 2290 1366 2339 priscis
1387 2287 1461 2326 ho-

792 2344 1080 2381 111inibus·cu1n
1109 2344 1195 2381 arca
1225 2346 1288 2382 illa
1309 2346 1460 2383 funebri

791 2414 860 2451 per
895 2401 1215 2451 significationem
1249 2404 1459 2453 composita

793 2471 871 2494 esse
885 2454 905 2494 P
918 2460 941 2478 “

848 2511 895 2553 τοὲ
922 2512 974 2566 δή
995 2514 1063 2555 καὶ
1089 2514 1259 2568 ἐγίνετο]
1292 2517 1375 2552 Hoc
1396 2528 1452 2551 re-

792 2572 926 2609 vocavi
947 2585 1037 2609 cum
1052 2570 1275 2622 Schweigh.
1293 2580 1330 2609 et
1340 2573 1456 2609 Gaiss.

792 2628 918 2678 Vulgo
940 2627 1111 2681 ἐγένετο,
1135 2628 1240 2681 quod
1261 2628 1456 2667 Schaeser.

794 2692 829 2721 et
850 2684 985 2723 Matth.
1006 2693 1225 2722 tenuerunt.

1070 2744 1107 2788 ᾧ.
1140 2741 1178 2781 5.

852 2795 876 2837 0‘
909 2794 1007 2846 πάϊς
1037 2793 1250 2846 οιῦξάνετο]
1284 2798 1355 2833 Alii
1380 2792 1455 2848 mi-

1603 616 1620 642 5

1605 657 1657 684 us,
1686 652 1716 683 ty

1471 682 1602 709 ranuide
1627 691 1716 709 occu-

1471 719 1545 753 pata
1565 718 1608 750 [a.
1630 716 1715 751 6633,
