1834 3258
568 200 868 239 ERATO.
927 200 1000 238 VI.

1326 201 1410 240 409

113 321 262 358 3σατο.
312 311 386 354 καί
424 326 510 362 κως
549 310 698 369 ἑωυτῷ
737 311 816 366 μὲν
856 308 1045 364 ἀρεστῶς
1075 306 1270 364 ὀρχέετο·
1315 306 1338 351 ὁ
1362 307 1441 351 δὲΙ

138 379 405 435 Κλεισθένης
436 377 598 432 ὁρέων,
629 378 735 422 ὅλον
760 378 809 423 vd
832 383 1007 435 πρῆγμα
1036 376 1267 421 ὑπόπτευε.
1296 375 1402 430 μετὰ

137 446 206 499 δὲ,
243 445 430 503 ἐπισχών
469 444 493 489 ὁ
533 444 825 503 Ἱπποκλείδης
868 445 1053 502 χρόνον,
1099 443 1265 489 ἐκέλευέ
1302 459 1401 486 τινα

108 514 356 570 4τράπεζαν
391 514 613 558 ἐσενεῖκαι.
671 512 934 570 ἐσελθούσης
980 513 1026 557 δὲ
1062 516 1138 569 τῆς
1175 510 1427 567 τραπέζης,5

135 586 286 638 πρῶτα
314 583 392 638 μὲν
421 580 489 625 ἐπ’
523 580 657 638 αὐτῆς
676 579 890 638 ὀρχήσατο
916 580 1150 624 Λακωνικὰ
1167 579 1397 636 σχημάτια·

135 651 242 706 μετοὶ
272 650 339 703 δὲ,
372 651 480 694 ἄλλα
507 648 691 693 Ἀττικά·
731 649 781 692 τὸ
811 651 960 702 τρίτον
990 648 1058 700 δὲ,
1098 646 1177 702 τήν
1207 646 1400 702 κεφαλὴν

136 718 304 772 ἐρείσας
339 719 408 762 ἐπὶ
435 718 515 774 τὴν
553 716 792 772 τράπεζαν,
829 722 943 760 τοῖσι
983 714 1149 759 σκέλεσι
1190 713 1399 771 ἐχειρονό-

107 794 128 827 5
140 799 258 843 μησε.

79 955 195 986 centt.
208 948 297 986 dedi
315 962 384 1000 pro
405 950 530 1000 vulga:
562 947 737 988 ἐκέλευσε

77 1003 143 1045 τὸν
164 1001 341 1056 αὐλητήν
368 1002 541 1057 αὕλῆσαί
561 1005 602 1045 οἷ
621 1004 738 1056 ἐμμέ-

77 1064 187 1101 λειαν
199 1064 368 1115 itemque
378 1076 471 1099 mox
490 1061 640 1102 ἐκέλευέ
650 1078 738 1101 τινα

76 1116 271 1170 τράπεζαν
281 1133 349 1171 pro
360 1118 561 1159 ἐκέλευσέν
573 1118 613 1158 οἵ
631 1134 733 1158 τινα.

75 1174 244 1213 Bekker.
265 1177 442 1213 retinuit:
475 1174 650 1215 ἐκέλευσε
668 1172 738 1214 τόν

77 1229 257 1284 αὐλητήν
279 1229 455 1283 αὖλῆσαί
473 1232 514 1272 οἷ
531 1231 736 1284 ἐμμέλειαν

78 1296 116 1327 et
133 1291 248 1341 paulo
268 1297 354 1341 post
374 1289 549 1331 ἐκέλευσέ
573 1289 614 1328 οἱ
632 1305 735 1328 τινα.

37 1388 43 1392 s
75 1345 139 1384 Ad
158 1348 232 1384 loci
252 1353 524 1397 argumentum
555 1344 650 1383 haec
677 1353 736 1383 at-

77 1404 163 1442 tulit
189 1403 573 1453 Schweighaeus.
608 1404 737 1451 „Tra-

75 1461 182 1511 gicus
202 1460 364 1498 saltandi
383 1459 622 1512 canendique
651 1473 739 1497 mo-

77 1516 148 1555 dus
168 1515 197 1567 '7‘
212 1514 420 1568 Ἐμμέλεια
437 1518 664 1569 plerumque
676 1519 739 1554 in-

77 1575 262 1625 telligitur
277 1573 536 1626 honestusque
557 1575 739 1611 censeba-

79 1637 153 1668 tur.
201 1631 288 1668 Vid.
309 1631 452 1668 Athen.
481 1633 511 1679 I,
536 1633 587 1672 39
616 1645 654 1681 p.
683 1634 734 1671 21

77 1689 124 1725 Ε.
145 1689 247 1737 XIV,
270 1691 334 1729 30.
358 1690 436 1729 631
461 1688 501 1724 C.
523 1694 560 1724 et
571 1686 737 1739 Hesych.

78 1758 109 1782 s.
137 1759 176 1782 v.
204 1746 225 1781 I
255 1759 295 1796 p.
327 1743 449 1786 1194.
469 1745 619 1782 Monuit
647 1758 738 1782 vero

77 1801 184 1838 idem
202 1801 414 1853 Hesychius
431 1801 569 1838 eodem
580 1803 739 1838 nomine

76 1859 124 1895 ab
161 1857 353 1910 Aeschylo
382 1860 589 1910 satyricum
623 1860 739 1895 etiam

76 1914 239 1952 modum
252 1915 457 1965 indigitari,
481 1916 546 1966 qui
575 1916 664 1952 alias
685 1917 739 1952 si-

78 1973 214 2020 cinnis3
246 1978 361 2023 atque
383 1973 591 2008 eanotione
611 1972 738 2008 forsan

77 2027 260 2079 ἐμμέλεια
294 2027 333 2065 h.
354 2029 381 2068 l.
413 2029 526 2065 fuerit
546 2029 738 2078 accipien-

78 2084 167 2123 da.“
217 2085 283 2122 Tu
312 2084 400 2122 add.
419 2085 520 2122 Plat.
540 2086 597 2121 De
617 2087 738 2136 Legg.

76 2143 147 2180 VII
165 2154 254 2193 pag.
281 2144 362 2183 816
383 2143 430 2179 Β.
462 2143 593 2178 Glossa
614 2144 741 2179 Hero-

79 2197 191 2236 dotea
212 2197 418 2250 ἐμμέλειαν
454 2200 612 2249 exponit
631 2214 739 2249 χορι-

78 2252 158 2307 κὴν
183 2253 356 2306 ὄρχησιν.
433 2257 478 2292 In
507 2268 612 2307 seqq.
637 2255 739 2292 edidi

79 2325 169 2349 cum
188 2319 346 2350 recentt.
367 2310 473 2350 editt.
490 2308 686 2364 ὀρχήσατο
700 2319 737 2350 et

78 2364 233 2419 ὀρχέετο
280 2370 456 2420 neglecto
515 2377 736 2420 augmento.

80 2425 190 2466 Conf.
222 2427 346 2464 Koem
382 2425 431 2463 ad
460 2427 620 2478 Gregor.
649 2427 738 2464 Cor.

79 2481 128 2520 de
157 2480 246 2520 dial.
272 2484 355 2520 Ion.
385 2483 423 2528 §.
454 2486 508 2525 23
536 2496 625 2535 pag·
655 2483 738 2524 407

80 2537 233 2578 Schaef.

135 2593 156 2636 ὅ
200 2593 244 2635 δὲ
290 2593 541 2646 Κλεισθένης
559 2617 612 2623 -—
634 2592 740 2635 ’ὑπό-

79 2653 214 2701 πτευε]
235 2653 527 2688 Distinctionem
538 2653 577 2688 in
594 2651 740 2689 Sohae-

83 2709 153 2746 feri
173 2708 262 2746 edit.
275 2715 362 2745 aute
372 2709 534 2745 verbum
545 2705 741 2748 ὖπὸπτευε

82 2767 263 2817 positam,
307 2765 485 2817 equidem
516 2778 605 2802 cum
625 2765 741 2803 Gaisf.

85 2823 265 2862 collocavi
276 2829 361 2874 post
376 2820 513 2874 ὁρέων,
534 2822 585 2859 ita
600 2829 642 2859 ut
654 2835 742 2859 ver-

318 786 581 843 Κλεισθένης
612 787 679 839 δὲ,
721 785 774 829 τοὶ
805 785 883 842 μὲν
920 788 1073 839 πρῶτοι
1112 783 1184 827 καὶ
1224 783 1277 826 τὰ
1306 782 1399 827 δεύ-

794 948 842 984 ba
862 943 954 987 ὅλον
972 943 1016 986 τό
1036 948 1200 998 πρῆγμα
1221 945 1414 998 pendeant
1435 959 1456 983 a

794 1017 889 1042 voce
919 999 1131 1043 ὕπὸπτευε.
1160 1005 1228 1041 Est
1248 1005 1351 1039 enim
1362 1002 1457 1040 haec

794 1060 874 1097 fere
904 1061 978 1097 loci
992 1061 1202 1097 sententia:
1234 1060 1366 1108 „Quae
1379 1074 1457 1098 con-

795 1119 941 1167 spzciens
990 1116 1182 1154 Clisthenes
1222 1130 1349 1154 omnem
1388 1129 1458 1154 rem

793 1174 885 1210 male
920 1173 1044 1211 habuit
1093 1173 1266 1210 ἰεῑίεείηια
1304 1186 1459 1223 quaeque

792 1232 1008 1281 suspicatus.
1064 1230 1235 1266 Verbum
1255 1225 1459 1269 υποπτεύ-

795 1301 873 1335 ειν,
906 1294 949 1323 ut
973 1288 1146 1324 observat
1166 1288 1457 1337 Wesselingius,

793 1343 979 1394 significat
998 1346 1276 1395 czrcumspicere,
1308 1344 1401 1380 limis
1425 1347 1459 1381 et

795 1403 901 1438 iratis
921 1401 1032 1438 oculis
1052 1401 1245 1451 adspicere,
1283 1407 1326 1438 ut
1354 1398 1459 1440 ’ὕπο-

796 1456 958 1510 βλέπειν
1020 1465 1056 1494 et
1113 1456 1293 1505 ὑπιδεῖν,
1353 1456 1457 1509 quod

797 1515 920 1565 attigit
940 1516 1091 1551 Ernest.
1113 1513 1161 1551 ad
1174 1513 1396 1552 callimach.
1415 1515 1457 1551 in

794 1573 879 1609 Del.
905 1574 970 1613 62.
1022 1572 1127 1616 Quae
1149 1570 1326 1622 deinceps
1348 1584 1459 1608 com—

794 1636 1059 1665 memorantur
1069 1626 1288 1667 Λακωνικὰ
1305 1625 1459 1679 σχημά-

795 1701 859 1725 τια
875 1715 885 1733 ,
914 1685 1085 1723 indicant
1125 1685 1286 1722 saltandi
1335 1698 1457 1735 genus

796 1742 899 1794 apud
918 1744 1089 1780 Lacones
1104 1744 1299 1790 usitatum,
1319 1743 1360 1779 in
1381 1755 1458 1794 quo

795 1799 940 1851 pedum
962 1812 1227 1851 manuumque
1256 1798 1459 1836 dexteritas

795 1864 910 1908 atque
930 1857 971 1893 in
990 1855 1184 1893 movendo
1206 1856 1374 1893 celeritas
1386 1868 1459 1906 po-

793 1914 983 1950 tissimum
1035 1913 1288 1964 spectabatur.
1347 1912 1457 1951 Conf.

795 1968 938 2006 Athen.
967 1970 994 2006 l.
1014 1970 1041 2006 l.
1063 1976 1100 2007 et
1127 1970 1278 2008 Miiller.
1306 1971 1398 2006 Dor.
1422 1971 1458 2005 Π

794 2040 834 2077 p.
876 2029 970 2074 331,
1007 2027 1076 2063 ubi
1122 2027 1292 2076 pluribus
1332 2025 1456 2074 docet,

796 2096 912 2135 quam
932 2090 1081 2120 mature
1092 2084 1211 2120 Dores
1223 2084 1366 2120 musica
1379 2090 1459 2120 arte

795 2153 839 2177 ac
859 2141 1057 2177 saltatione
1079 2141 1344 2177 excelluerint.

852 2192 925 2246 τὴν
949 2193 1131 2248 κεφαλὴν
1143 2220 1195 2225 -
1208 2192 1459 2249 ἐχειρονόμη-

797 2254 856 2302 σε]
881 2255 906 2291 i.
930 2267 964 2291 e.
986 2258 1101 2304 *caput
1121 2256 1158 2291 in
1178 2267 1296 2291 mensa
1314 2256 1459 2292 innixus

796 2312 956 2349 cruribus
985 2311 1279 2360 gesticulabatur.
1339 2312 1457 2347 Com-

795 2375 931 2419 parant
951 2369 1115 2405 Zenobii
1138 2367 1233 2404 illud
1266 2368 1391 2412 (Ceut.
1411 2368 1457 2414 V,

796 2425 882 2474 31):
905 2423 969 2464 ἐπὶ
981 2422 1078 2477 κρᾶς
1088 2420 1342 2475 κυβιστήσας,
1355 2423 1459 2477 quod

797 2481 935 2519 eodem
963 2482 1043 2519 fere
1062 2481 1172 2518 redit.
1210 2482 1336 2519 Verba
1356 2485 1458 2520 τοῖσι

798 2537 950 2577 σκέλεσι
1011 2533 1283 2590 ἐχειρονόμησε
1337 2538 1458 2588 attigit

796 2596 938 2632 Pollux
957 2597 1004 2642 11,
1029 2597 1106 2637 153
1129 2596 1214 2632 coll.
1224 2593 1397 2633 Eustath.
1410 2592 1458 2630 ad

797 2651 905 2689 Iliad.
933 2654 950 2689 Ι
978 2665 1068 2703 pag.
1102 2652 1181 2692 159
1201 2665 1230 2689 s·
1267 2655 1367 2698 120,
1389 2648 1457 2689 44.

797 2710 929 2746 XXIII
943 2723 980 2760 p.
996 2706 1141 2749 1334s.
1156 2707 1275 2754 1460,
1298 2710 1364 2747 21.
1384 2705 1456 2743 Od.

797 2767 831 2803 V
848 2778 936 2817 pag.
961 2765 1063 2806 1531
1087 2778 1116 2800 s.
1138 2766 1326 2811 219,10;
1359 2775 1457 2815 quae

798 2824 876 2860 iam
886 2822 1116 2860 excitaverat
1136 2818 1320 2857 Valcken.
1342 2818 1457 2871 Apud
