1789 3213
433 157 893 195 POLYMNIA
952 158 1073 195 VII.

1308 159 1391 200 653

254 266 329 300 τῶν
352 261 471 300 ἄλλων
490 265 559 311 γὰρ
580 263 838 310 ἁλισκομένων,
864 262 935 301 ὅσα
958 266 1151 312 Κέκροπος
1176 259 1287 310 οὖρος
1403 269 1446 303 85

252 319 354 362 ε’ντός
371 321 452 367 ἔχει,
476 322 649 367 κευθμών
673 336 712 358 τε
735 324 974 368 Κιθαιρῶνος
996 322 1162 366 ζαθέοιο,

251 383 371 423 τεῖχος
400 383 609 425 Τριτογενεῖ
628 380 775 424 ξύλινον
799 383 903 416 διδοῖ
924 380 1093 426 εὐρύοπα
1120 379 1211 421 Ζεὺς

249 438 391 480 μοῦνον
416 434 638 483 οἷπόρθητον
661 438 837 481 τελέθειν,
860 437 903 473 τὸ
932 437 969 473 σὲ
994 438 1106 473 τέκνα
1128 436 1158 472 τ’
1185 436 1317 482 ὀνήσει.
1402 438 1447 471 90

94 494 114 528 5
250 492 359 539 ῙΡῙηδὲ
378 492 423 529 ου’
446 492 476 539 γ’
502 495 710 541 ἱπποσύνην
724 509 763 531 τε
787 495 909 540 μένειν
933 495 995 530 καὶ
1017 495 1130 537 πεζὸν
1156 495 1263 530 ἰόντα

250 551 388 586 πολλὸν
413 550 475 586 ἀπ’
499 551 655 598 ἠπείρου
681 552 837 599 στρατὸν
861 550 1008 598 ἥσυχος,
1034 550 1110 587 ἀλλ’
1136 551 1343 597 ὑποχωρεῖν

250 609 371 643 νῶτον
395 607 628 655 ἐπιστρέψας.
667 609 718 645 ἔτι
740 623 798 645 τοι
821 609 904 645 κοτὲ
929 608 1080 650 κάντίος
1105 609 1200 656 ἔσσῃ.

92 666 114 698 6
248 659 291 699 Ὦ
314 667 401 712 θείη
425 669 604 712 Σαλαμὶς,
632 666 783 708 α’πολεῖς
807 666 847 702 δὲ
871 666 915 703 σύ
941 667 1052 702 τέκνα
1075 668 1270 712 γυναικῶν,
1400 665 1444 699 95

249 719 274 766 ἤ
299 734 372 758 που
397 725 638 770 σκιδναμένης
662 725 899 770 Δημήτερος,
922 723 944 770 ἣ
971 723 1176 769 συνιούσης.

65 920 237 960 humana
262 923 434 975 adeoque
462 922 590 960 divina
618 925 725 961 fran-

65 981 105 1030 gi
125 987 189 1017 aut
210 981 358 1018 dissolvi
379 982 618 1017 retractarive
637 994 725 1031 pos-

63 1038 122 1073 sit.
167 1038 232 1073 Tu
252 1036 327 1074 vid.
354 1037 479 1074 Tafel.
502 1037 550 1073 ad
570 1037 727 1075 Pindar.

63 1091 176 1144 Pyth.
209 1094 273 1131 IV.
305 1092 495 1130 Dilucidd.
526 1107 611 1144 pag.
645 1093 723 1134 651

64 1150 159 1191 652.
181 1151 283 1188 Saal.
311 1150 359 1188 ad
379 1148 519 1187 Rhiani
544 1151 724 1201 fragium.

47 1219 150 1257 (pag.
173 1208 241 1250 75.

117 1299 244 1348 τεῖχος
286 1298 537 1349 Τριτογενεῖ]
569 1298 627 1334 De
643 1296 723 1334 Μί-

60 1366 167 1391 nerva
189 1354 398 1404 Tritogem'a
410 1354 574 1391 d1xi1nus
596 1353 645 1390 ad
656 1353 721 1401 IV,

63 1412 155 1451 180.
171 1408 274 1457 Ζεύς
296 1406 478 1464 εὐρύοπα
495 1425 543 1448 ex
554 1413 721 1448 Homero

59 1468 146 1504 satis
174 1475 300 1505 notus.
369 1467 455 1507 Vid.
486 1469 528 1505 Il.
559 1469 589 1516 I,
624 1466 720 1508 498.

58 1524 159 1573 VIII,
196 1527 290 1565 206.
319 1526 421 1573 XIV,
455 1524 547 1566 255.
574 1524 718 1572 XXIV,

59 1582 128 1622 98·
164 1583 257 1622 331.
350 1580 543 1634 Equidem
582 1594 719 1619 vocem

61 1632 260 1690 ευρύοπα,
309 1652 428 1691 quam
461 1645 548 1675 sunt
583 1640 649 1691 qui
672 1637 719 1675 de

58 1695 144 1731 soni
163 1696 343 1747 vocisque
371 1695 569 1733 altitudine
600 1709 643 1732 ac
664 1696 719 1732 la-

57 1749 220 1788 titudine
229 1753 455 1803 intelligant,
475 1754 610 1789 malim
631 1765 720 1789 cum

60 1809 140 1845 aliis
168 1809 256 1845 viris
286 1809 405 1847 doctis
435 1808 483 1846 ad
513 1811 637 1847 visum
657 1823 720 1845 re-

58 1864 158 1900 ferre
182 1866 390 1918 Iovemque
409 1866 620 1916 intelligere
649 1866 721 1902 late

55 1923 321 1971 prospicientem
351 1922 479 1970 oculis,
528 1935 603 1974 quo
639 1924 719 1973 ipso

59 1976 227 2028 epitheto
258 1980 387 2015 omnia
421 1979 651 2029 inspicientis
682 1985 719 2016 et

57 2035 222 2084 regentis
244 2033 389 2072 domini
413 2036 509 2072 coeli
533 2049 575 2073 ac
596 2043 717 2072 terrae

59 2089 272 2128 declaretur
291 2094 346 2129 vis
366 2105 408 2130 ac
422 2099 596 2143 potestas.
627 2091 717 2129 Vid.

57 2149 148 2185 Her.
163 2147 262 2196 VIII,
285 2152 338 2190 77
358 2157 393 2186 et
413 2151 443 2186 Ι.
466 2151 513 2186 Η.
536 2149 644 2187 Voss.
670 2148 718 2186 ad

56 2206 214 2242 Homer.
233 2206 378 2258 Hymn.
390 2207 429 2242 iu
442 2207 569 2243 cerer.
585 2209 609 2247 3
622 2220 659 2257 p.
678 2208 717 2247 3.

59 2284 110 2289 —
133 2262 334 2299 Caeterum
348 2264 498 2314 respicit
511 2262 614 2300 hunc
627 2276 716 2300 ver-

55 2331 141 2355 sum
154 2318 414 2371 Olympiodor.
424 2322 464 2357 in
481 2321 715 2358 Commentt.

55 2375 96 2411 in
116 2375 267 2413 Platon.
287 2376 474 2414 Alcibiad.
495 2380 612 2415 Isect.
634 2381 655 2418 7
674 2391 713 2428 p.

56 2431 110 2472 65
132 2438 169 2468 et
199 2439 290 2470 sect.
319 2436 372 2474 28
401 2448 440 2485 p.
469 2434 551 2475 224
571 2434 638 2473 Cr.
668 2436 714 2470 In

55 2489 232 2538 proximo
266 2502 377 2526 versu
406 2489 637 2529 adiectivum
672 2486 715 2530 οἷ-

53 2542 265 2596 πόρθητον
295 2546 380 2595 (non
398 2548 604 2596 vastatum)
622 2546 711 2585 hinc

55 2602 194 2639 excitat
222 2601 439 2640 Blomfield.
478 2605 518 2640 in
547 2605 712 2641 Glossar.

54 2657 103 2695 ad
122 2657 301 2711 Aeschyl.
323 2660 427 2699 Pers.
450 2657 544 2707 354,
565 2661 631 2696 ubi
651 2673 713 2697 ea-

54 2713 144 2751 dem
173 2728 249 2753 vox
278 2717 447 2767 itemque
476 2715 579 2767 apud
599 2717 715 2753 Euri-

53 2771 132 2821 pid.
152 2772 193 2809 in
212 2771 314 2811 Med.
337 2774 432 2813 820.

840 923 894 963 ἔτι
925 938 986 963 τοι
1017 921 1106 962 κοτὲ
1133 918 1295 969 κοῖντίος
1328 921 1442 978 ἔσσῃ]

782 983 858 1018 Pro
887 979 979 1035 ἔσσῃ
1009 979 1111 1031 apud
1139 981 1349 1016 Eusebium
1368 981 1394 1019 l.
1415 981 1442 1019 l.

781 1040 921 1089 legitur
930 1037 1050 1077 ἔσται.
1071 1038 1238 1074 Sensum
1258 1037 1331 1074 loci
1345 1037 1441 1073 bene

783 1096 835 1132 sic
876 1096 1058 1145 expressit
1087 1092 1442 1144 Schweighaeuser.

785 1153 850 1189 erit
882 1155 1030 1201 tempus,
1053 1163 1156 1200 quum
1175 1154 1215 1187 tu
1237 1153 1341 1188 etiam
1363 1165 1443 1188 con—

779 1212 839 1245 tra
856 1209 989 1255 stabis,
1021 1215 1134 1259 atque
1154 1206 1352 1245 Reiskius:
1379 1221 1441 1245 ve-

778 1268 852 1303 niet
879 1264 1072 1314 aliquando
1103 1269 1256 1314 tempus,
1297 1277 1363 1315 quo
1400 1268 1440 1302 tu

777 1324 850 1373 ipsi
880 1324 948 1359 eris
975 1335 1018 1359 ex
1046 1321 1192 1358 adverso
1213 1335 1241 1360 s.
1271 1322 1442 1359 adversus

778 1381 860 1416 eris.
918 1380 1017 1415 Hinc
1036 1379 1262 1428 ‘Bellangen
1284 1380 1323 1415 in
1344 1380 1442 1415 Lar-

779 1435 882 1472 cher.
922 1442 1018 1472 nott.
1060 1437 1204 1472 Gallice
1242 1437 1294 1472 ita
1333 1435 1441 1472 reddi

777 1494 880 1530 vult:
910 1506 959 1529 un
981 1493 1067 1540 jour
1097 1492 1257 1540 viendra,
1285 1505 1440 1542 quevous

777 1562 870 1587 serez
896 1562 938 1586 en
961 1550 1035 1586 e‘tat
1061 1549 1103 1586 cle
1123 1549 1177 1585 lua·
1196 1551 1347 1587 resister.
1376 1549 1439 1587 Ad

776 1607 1027 1643 Homericum
1076 1605 1229 1643 dicendi
1277 1605 1440 1643 modum

775 1662 870 1701 haec
888 1676 1041 1715 quoque
1061 1663 1200 1699 referre
1222 1664 1356 1714 placet.
1379 1664 1437 1702 Cf.

776 1722 1059 1759 Duucan.Lex.
1080 1721 1098 1756 Ι
1113 1734 1151 1771 p.
1173 1722 1250 1760 123
1263 1719 1437 1758 ed.Rost.

777 1792 806 1818 s.
837 1791 875 1815 v.
898 1772 1046 1823 οἷντίος.

826 1861 877 1906 ³52
898 1864 992 1916 θείη
1017 1863 1225 1916 Σαλαμὶς]
1246 1864 1354 1903 Idem
1375 1867 1438 1903 in-

776 1925 881 1962 sulae
901 1924 1014 1960 tribui
1035 1922 1230 1973 epitheton
1251 1924 1289 1959 in
1303 1924 1439 1961 inscri-

774 1983 904 2032 ptione
924 1987 1050 2017 vetere
1073 1979 1175 2030 apud
1204 1979 1437 2017 Whelerum

773 2038 955 2075 indicavit
980 2039 1101 2073 Kruse
1131 2038 1259 2075 Hellas
1279 2039 1326 2085 ΙΙ,
1352 2040 1371 2077 1
1395 2051 1434 2089 p.

774 2098 868 2135 300.
928 2096 1043 2131 Hunc
1061 2107 1215 2131 versum
1236 2095 1435 2145 proferunt

773 2153 932 2188 Lucian.
961 2149 1156 2201 Tragoed.
1182 2154 1236 2191 20
1274 2150 1352 2201 (T.
1382 2151 1437 2189 VI

773 2222 811 2260 p.
833 2206 914 2248 247
935 2209 1021 2258 Bip.
1045 2209 1132 2244 coll.
1155 2209 1191 2254 ξ.
1215 2210 1264 2248 31
1291 2222 1328 2258 p.
1352 2211 1435 2248 260

772 2264 912 2317 seqq.)‚
946 2263 1182 2302 Theodoret.
1204 2264 1253 2301 ad
1274 2266 1339 2302 Gr.
1369 2265 1433 2302 Or.

770 2324 810 2360 X
830 2334 918 2373 pag.
939 2320 1030 2362 140.
1045 2320 1176 2359 Schol.
1196 2321 1347 2358 Aristid.
1365 2321 1432 2371 (ad

771 2378 1023 2416 Themistocl.
1053 2380 1107 2415 ΙΙΙ
1126 2392 1163 2429 p.
1193 2381 1273 2419 307
1293 2377 1361 2426 A.)
1393 2392 1432 2429 p.

771 2438 853 2477 229
874 2437 1058 2482 Fromm.‚
1098 2436 1164 2472 ubi
1192 2436 1285 2472 alter
1303 2448 1432 2473 versus

772 2493 864 2529 olim
879 2493 932 2529 sic
947 2492 1138 2529 exstabat:
1169 2489 1199 2543 ἤ
1216 2507 1294 2531 που
1311 2492 1430 2530 δυσο-

770 2547 892 2601 μένου
919 2547 1154 2601 Τπερίονος
1192 2543 1257 2598 ἥδ’
1293 2542 1430 2587 α’νιόν-

769 2621 835 2653 τος
856 2619 905 2642 ex
926 2603 1194 2657 Odyss.1,24.
1253 2605 1310 2641 Ac
1340 2617 1430 2641 sane

772 2663 988 2700 obscuriora
1016 2660 1110 2697 haec
1142 2661 1284 2698 oraculi
1314 2661 1429 2698 verba

772 2732 850 2756 esse
872 2719 992 2770 quivis
1013 2715 1208 2765 concedet,
1239 2719 1428 2768 exagitata

771 2774 860 2812 hinc
881 2775 927 2812 ab
951 2774 1147 2811 Oenomao
1160 2781 1273 2827 atque
1286 2775 1429 2812 Lucia-
