<?xml version="1.0" encoding="UTF-8"?>
<!DOCTYPE html PUBLIC "-//W3C//DTD XHTML 1.0 Transitional//EN"
    "http://www.w3.org/TR/xhtml1/DTD/xhtml1-transitional.dtd">
<html xmlns="http://www.w3.org/1999/xhtml" xml:lang="en" lang="en">
 <head>
  <title>
</title>
<meta http-equiv="Content-Type" content="text/html;charset=utf-8" />
  <meta name='ocr-system' content='tesseract 3.04.00' />
  <meta name='ocr-capabilities' content='ocr_page ocr_carea ocr_par ocr_line ocrx_word'/>
</head>
<body>
  <div class='ocr_page' id='page_1' title='image "./musaeherodoto03hero_0129.png"; bbox 0 0 1870 3249; ppageno 0'>
   <div class='ocr_carea' id='block_1_1' title="bbox 318 236 1076 274">
    <p class='ocr_par' dir='ltr' id='par_1_1' title="bbox 318 236 1076 274">
     <span class='ocr_line' id='line_1_1' title="bbox 318 236 1076 274; baseline -0.001 0"><span class='ocrx_word' id='word_1_1' title='bbox 318 236 972 274; x_wconf 84' lang='lat' dir='ltr'><strong>TERPSICHORE.</strong></span> <span class='ocrx_word' id='word_1_2' title='bbox 1031 237 1076 273; x_wconf 91' lang='lat' dir='ltr'>V.</span> 
     </span>
    </p>
   </div>
   <div class='ocr_carea' id='block_1_2' title="bbox 1285 238 1364 277">
    <p class='ocr_par' dir='ltr' id='par_1_2' title="bbox 1285 238 1364 277">
     <span class='ocr_line' id='line_1_2' title="bbox 1285 238 1364 277; baseline 0 0"><span class='ocrx_word' id='word_1_3' title='bbox 1285 238 1364 277; x_wconf 83' lang='lat'>121</span> 
     </span>
    </p>
   </div>
   <div class='ocr_carea' id='block_1_3' title="bbox 76 344 1366 404">
    <p class='ocr_par' dir='ltr' id='par_1_3' title="bbox 76 344 1366 404">
     <span class='ocr_line' id='line_1_3' title="bbox 76 344 1366 404; baseline 0 -16"><span class='ocrx_word' id='word_1_4' title='bbox 76 345 304 404; x_wconf 70' lang='grc' dir='ltr'><strong><em>Ξμετέβαλε</em></strong></span> <span class='ocrx_word' id='word_1_5' title='bbox 331 345 375 397; x_wconf 83' lang='grc' dir='ltr'>ἐς</span> <span class='ocrx_word' id='word_1_6' title='bbox 403 345 512 389; x_wconf 79' lang='grc' dir='ltr'><strong><em>ἄλλα</em></strong></span> <span class='ocrx_word' id='word_1_7' title='bbox 547 344 784 400; x_wconf 79' lang='grc' dir='ltr'><strong><em>οὐνόματα.</em></strong></span> <span class='ocrx_word' id='word_1_8' title='bbox 827 345 935 388; x_wconf 80' lang='grc' dir='ltr'><strong><em>ἔνθα</em></strong></span> <span class='ocrx_word' id='word_1_9' title='bbox 963 346 1036 389; x_wconf 87' lang='grc' dir='ltr'><strong><em>καὶ</em></strong></span> <span class='ocrx_word' id='word_1_10' title='bbox 1065 349 1268 389; x_wconf 82' lang='grc' dir='ltr'><strong><em>πλεῖστον</em></strong></span> <span class='ocrx_word' id='word_1_11' title='bbox 1285 362 1366 389; x_wconf 84' lang='grc' dir='ltr'><strong><em>κα-</em></strong></span> 
     </span>
    </p>
   </div>
   <div class='ocr_carea' id='block_1_4' title="bbox 105 414 721 470">
    <p class='ocr_par' dir='ltr' id='par_1_4' title="bbox 105 414 721 470">
     <span class='ocr_line' id='line_1_4' title="bbox 105 414 721 470; baseline -0.005 -11"><span class='ocrx_word' id='word_1_12' title='bbox 105 414 296 470; x_wconf 79' lang='grc' dir='ltr'><strong><em>τεγέλασε</em></strong></span> <span class='ocrx_word' id='word_1_13' title='bbox 323 418 413 457; x_wconf 75' lang='grc' dir='ltr'>τῶν</span> <span class='ocrx_word' id='word_1_14' title='bbox 439 415 702 458; x_wconf 85' lang='grc' dir='ltr'><strong><em>Σικυωνίων</em></strong></span> <span class='ocrx_word' id='word_1_15' title='bbox 712 428 721 439; x_wconf 89' lang='grc'><em>·</em></span> 
     </span>
    </p>
   </div>
   <div class='ocr_carea' id='block_1_5' title="bbox 763 411 1366 468">
    <p class='ocr_par' dir='ltr' id='par_1_5' title="bbox 763 411 1366 468">
     <span class='ocr_line' id='line_1_5' title="bbox 763 411 1366 468; baseline -0.002 -12"><span class='ocrx_word' id='word_1_16' title='bbox 763 413 831 456; x_wconf 80' lang='grc' dir='ltr'>ἐπὶ</span> <span class='ocrx_word' id='word_1_17' title='bbox 858 412 944 468; x_wconf 79' lang='grc' dir='ltr'>γᾶρ</span> <span class='ocrx_word' id='word_1_18' title='bbox 980 411 1061 464; x_wconf 78' lang='grc' dir='ltr'>ὑός</span> <span class='ocrx_word' id='word_1_19' title='bbox 1090 429 1134 456; x_wconf 85' lang='grc' dir='ltr'><strong><em>τε</em></strong></span> <span class='ocrx_word' id='word_1_20' title='bbox 1162 413 1235 456; x_wconf 84' lang='grc' dir='ltr'><strong><em>καὶ</em></strong></span> <span class='ocrx_word' id='word_1_21' title='bbox 1257 411 1366 456; x_wconf 78' lang='grc' dir='ltr'><strong><em>ὄνου</em></strong></span> 
     </span>
    </p>
   </div>
   <div class='ocr_carea' id='block_1_6' title="bbox 77 479 1422 740">
    <p class='ocr_par' dir='ltr' id='par_1_6' title="bbox 77 479 1422 740">
     <span class='ocr_line' id='line_1_6' title="bbox 105 479 1422 537; baseline -0.003 -11"><span class='ocrx_word' id='word_1_22' title='bbox 105 482 180 533; x_wconf 78' lang='grc' dir='ltr'><strong><em>τᾶς</em></strong></span> <span class='ocrx_word' id='word_1_23' title='bbox 207 481 454 537; x_wconf 75' lang='grc' dir='ltr'><strong><em>ἐπωνυμίας</em></strong></span> <span class='ocrx_word' id='word_1_24' title='bbox 490 481 758 537; x_wconf 82' lang='grc' dir='ltr'><strong><em>μετατιθεὶς,</em></strong></span> <span class='ocrx_word' id='word_1_25' title='bbox 799 479 911 524; x_wconf 79' lang='grc' dir='ltr'><strong><em>αὐτὰ</em></strong></span> <span class='ocrx_word' id='word_1_26' title='bbox 949 481 1001 524; x_wconf 82' lang='grc' dir='ltr'><strong><em>τοὶ</em></strong></span> <span class='ocrx_word' id='word_1_27' title='bbox 1031 485 1251 524; x_wconf 85' lang='grc' dir='ltr'><strong><em>τελευταῖα</em></strong></span> <span class='ocrx_word' id='word_1_28' title='bbox 1278 481 1366 524; x_wconf 77' lang='grc' dir='ltr'><strong><em>ἐπέ.</em></strong></span> <span class='ocrx_word' id='word_1_29' title='bbox 1378 488 1422 521; x_wconf 86' lang='grc'>75</span> 
     </span>
     <span class='ocr_line' id='line_1_7' title="bbox 103 548 1367 606; baseline -0.002 -12"><span class='ocrx_word' id='word_1_30' title='bbox 103 554 233 606; x_wconf 81' lang='grc' dir='ltr'><strong><em>θηκε,</em></strong></span> <span class='ocrx_word' id='word_1_31' title='bbox 263 548 376 606; x_wconf 80' lang='grc' dir='ltr'><strong><em>πλήν</em></strong></span> <span class='ocrx_word' id='word_1_32' title='bbox 403 553 480 606; x_wconf 87' lang='grc' dir='ltr'><strong><em>τῆς</em></strong></span> <span class='ocrx_word' id='word_1_33' title='bbox 508 549 677 594; x_wconf 82' lang='grc' dir='ltr'><strong><em>ἑωυτοῦ</em></strong></span> <span class='ocrx_word' id='word_1_34' title='bbox 707 552 869 606; x_wconf 82' lang='grc' dir='ltr'><strong><em>φυλῆς·</em></strong></span> <span class='ocrx_word' id='word_1_35' title='bbox 908 548 1044 606; x_wconf 81' lang='grc' dir='ltr'><strong><em>ταύτῃ</em></strong></span> <span class='ocrx_word' id='word_1_36' title='bbox 1084 549 1130 593; x_wconf 82' lang='grc' dir='ltr'>δὲ</span> <span class='ocrx_word' id='word_1_37' title='bbox 1158 548 1208 593; x_wconf 85' lang='grc' dir='ltr'><strong><em>τὸ</em></strong></span> <span class='ocrx_word' id='word_1_38' title='bbox 1239 548 1367 592; x_wconf 79' lang='grc' dir='ltr'><strong><em>οὕνο-</em></strong></span> 
     </span>
     <span class='ocr_line' id='line_1_8' title="bbox 77 614 1366 674; baseline 0.002 -16"><span class='ocrx_word' id='word_1_39' title='bbox 77 623 171 673; x_wconf 86' lang='grc' dir='ltr'><strong><em>3μα</em></strong></span> <span class='ocrx_word' id='word_1_40' title='bbox 199 615 286 661; x_wconf 66' lang='lat' dir='ltr'>dud</span> <span class='ocrx_word' id='word_1_41' title='bbox 316 621 392 674; x_wconf 85' lang='grc' dir='ltr'><strong><em>τῆς</em></strong></span> <span class='ocrx_word' id='word_1_42' title='bbox 420 617 591 662; x_wconf 77' lang='grc' dir='ltr'><strong><em>ἑωυτοῦ</em></strong></span> <span class='ocrx_word' id='word_1_43' title='bbox 621 615 756 673; x_wconf 78' lang='grc' dir='ltr'><strong><em>ἀρχῆς</em></strong></span> <span class='ocrx_word' id='word_1_44' title='bbox 785 617 920 660; x_wconf 72' lang='grc' dir='ltr'><strong><em>ἔθετο.</em></strong></span> <span class='ocrx_word' id='word_1_45' title='bbox 958 614 1082 661; x_wconf 82' lang='grc' dir='ltr'><strong><em>οὗτοι</em></strong></span> <span class='ocrx_word' id='word_1_46' title='bbox 1104 617 1185 673; x_wconf 80' lang='grc' dir='ltr'><strong><em>μὲν</em></strong></span> <span class='ocrx_word' id='word_1_47' title='bbox 1203 617 1256 673; x_wconf 80' lang='grc' dir='ltr'>δή</span> <span class='ocrx_word' id='word_1_48' title='bbox 1273 617 1366 671; x_wconf 85' lang='grc' dir='ltr'>Ἀρ-</span> 
     </span>
     <span class='ocr_line' id='line_1_9' title="bbox 102 682 1368 740; baseline 0.002 -13"><span class='ocrx_word' id='word_1_49' title='bbox 102 684 248 740; x_wconf 85' lang='grc' dir='ltr'><strong><em>χέλαοι</em></strong></span> <span class='ocrx_word' id='word_1_50' title='bbox 269 684 516 729; x_wconf 80' lang='grc' dir='ltr'><strong><em>ἐκαλέοντο·</em></strong></span> <span class='ocrx_word' id='word_1_51' title='bbox 547 686 688 740; x_wconf 77' lang='grc' dir='ltr'><strong><em>ἕτεροι</em></strong></span> <span class='ocrx_word' id='word_1_52' title='bbox 705 685 765 737; x_wconf 75' lang='grc' dir='ltr'><strong><em>δὲ,</em></strong></span> <span class='ocrx_word' id='word_1_53' title='bbox 791 682 963 728; x_wconf 74' lang='grc' dir='ltr'><strong><em>Ὑᾶται·</em></strong></span> <span class='ocrx_word' id='word_1_54' title='bbox 993 683 1116 727; x_wconf 80' lang='grc' dir='ltr'><strong><em>ἄλλοι</em></strong></span> <span class='ocrx_word' id='word_1_55' title='bbox 1136 686 1196 737; x_wconf 79' lang='grc' dir='ltr'><strong><em>δὲ,</em></strong></span> <span class='ocrx_word' id='word_1_56' title='bbox 1224 685 1368 729; x_wconf 84' lang='grc' dir='ltr'><strong><em>Ὀνεᾶ-</em></strong></span> 
     </span>
    </p>
   </div>
   <div class='ocr_carea' id='block_1_7' title="bbox 76 752 711 810">
    <p class='ocr_par' dir='ltr' id='par_1_7' title="bbox 76 752 711 810">
     <span class='ocr_line' id='line_1_10' title="bbox 76 752 711 810; baseline 0.002 -15"><span class='ocrx_word' id='word_1_57' title='bbox 76 757 197 796; x_wconf 86' lang='grc' dir='ltr'><strong><em>4ται·</em></strong></span> <span class='ocrx_word' id='word_1_58' title='bbox 227 752 366 808; x_wconf 79' lang='grc' dir='ltr'><strong><em>ἕτεροι</em></strong></span> <span class='ocrx_word' id='word_1_59' title='bbox 394 755 440 798; x_wconf 79' lang='grc' dir='ltr'>δὲ</span> <span class='ocrx_word' id='word_1_60' title='bbox 462 758 711 810; x_wconf 80' lang='grc' dir='ltr'><strong><em>Χοιρεᾶται.</em></strong></span> 
     </span>
    </p>
   </div>
   <div class='ocr_carea' id='block_1_8' title="bbox 773 751 1425 808">
    <p class='ocr_par' dir='ltr' id='par_1_8' title="bbox 773 751 1425 808">
     <span class='ocr_line' id='line_1_11' title="bbox 773 751 1425 808; baseline -0.003 -12"><span class='ocrx_word' id='word_1_61' title='bbox 773 752 978 796; x_wconf 81' lang='grc' dir='ltr'><strong><em>Τούτοισι</em></strong></span> <span class='ocrx_word' id='word_1_62' title='bbox 1004 757 1118 796; x_wconf 88' lang='grc' dir='ltr'><strong><em>τοῖσι</em></strong></span> <span class='ocrx_word' id='word_1_63' title='bbox 1148 751 1365 808; x_wconf 84' lang='grc' dir='ltr'><strong><em>οὐνόμασι</em></strong></span> <span class='ocrx_word' id='word_1_64' title='bbox 1380 760 1425 794; x_wconf 87' lang='grc'>80</span> 
     </span>
    </p>
   </div>
   <div class='ocr_carea' id='block_1_9' title="bbox 101 820 1367 947">
    <p class='ocr_par' dir='ltr' id='par_1_9' title="bbox 101 820 1367 947">
     <span class='ocr_line' id='line_1_12' title="bbox 101 820 1367 880; baseline 0 -15"><span class='ocrx_word' id='word_1_65' title='bbox 101 825 190 865; x_wconf 73' lang='grc' dir='ltr'>τῶν</span> <span class='ocrx_word' id='word_1_66' title='bbox 220 823 395 877; x_wconf 82' lang='grc' dir='ltr'><strong><em>φυλέων</em></strong></span> <span class='ocrx_word' id='word_1_67' title='bbox 424 822 636 880; x_wconf 77' lang='grc' dir='ltr'><strong><em>ἐχρέωντο</em></strong></span> <span class='ocrx_word' id='word_1_68' title='bbox 665 823 710 866; x_wconf 82' lang='grc' dir='ltr'>οἱ</span> <span class='ocrx_word' id='word_1_69' title='bbox 741 821 1005 873; x_wconf 80' lang='grc' dir='ltr'><strong><em>Σικυώνιοι,</em></strong></span> <span class='ocrx_word' id='word_1_70' title='bbox 1045 820 1118 864; x_wconf 84' lang='grc' dir='ltr'><strong><em>καὶ</em></strong></span> <span class='ocrx_word' id='word_1_71' title='bbox 1146 820 1214 865; x_wconf 77' lang='grc' dir='ltr'>ἐπὶ</span> <span class='ocrx_word' id='word_1_72' title='bbox 1244 824 1367 865; x_wconf 87' lang='grc' dir='ltr'><strong><em>Κλει-</em></strong></span> 
     </span>
     <span class='ocr_line' id='line_1_13' title="bbox 104 888 1366 947; baseline -0.001 -14"><span class='ocrx_word' id='word_1_73' title='bbox 104 889 283 942; x_wconf 81' lang='grc' dir='ltr'><strong><em>σθένεος</em></strong></span> <span class='ocrx_word' id='word_1_74' title='bbox 313 889 547 947; x_wconf 82' lang='grc' dir='ltr'><strong><em>ὂέρχοντος,</em></strong></span> <span class='ocrx_word' id='word_1_75' title='bbox 583 890 656 934; x_wconf 85' lang='grc' dir='ltr'><strong><em>καὶ</em></strong></span> <span class='ocrx_word' id='word_1_76' title='bbox 696 888 866 934; x_wconf 81' lang='grc' dir='ltr'><strong><em>ἐκείνου</em></strong></span> <span class='ocrx_word' id='word_1_77' title='bbox 897 891 1162 942; x_wconf 75' lang='grc' dir='ltr'><strong><em>τεθνεῶτος,</em></strong></span> <span class='ocrx_word' id='word_1_78' title='bbox 1207 889 1268 933; x_wconf 78' lang='grc' dir='ltr'>ἔτι</span> <span class='ocrx_word' id='word_1_79' title='bbox 1297 889 1366 933; x_wconf 83' lang='grc' dir='ltr'>ἐπ’</span> 
     </span>
    </p>
   </div>
   <div class='ocr_carea' id='block_1_10' title="bbox 16 1100 705 2907">
    <p class='ocr_par' dir='ltr' id='par_1_10' title="bbox 236 1100 520 1152">
     <span class='ocr_line' id='line_1_14' title="bbox 236 1100 520 1152; baseline 0.004 -15"><span class='ocrx_word' id='word_1_80' title='bbox 236 1100 520 1152; x_wconf 76' lang='lat' dir='ltr'>eap,va1n.</span> 
     </span>
    </p>

    <p class='ocr_par' dir='ltr' id='par_1_11' title="bbox 36 1153 705 1664">
     <span class='ocr_line' id='line_1_15' title="bbox 102 1153 700 1209; baseline 0 -14"><span class='ocrx_word' id='word_1_81' title='bbox 102 1154 167 1195; x_wconf 77' lang='grc' dir='ltr'>ἐπὶ</span> <span class='ocrx_word' id='word_1_82' title='bbox 203 1153 279 1209; x_wconf 78' lang='grc' dir='ltr'>γὰρ</span> <span class='ocrx_word' id='word_1_83' title='bbox 320 1153 390 1204; x_wconf 68' lang='grc' dir='ltr'>ὑός</span> <span class='ocrx_word' id='word_1_84' title='bbox 418 1172 458 1197; x_wconf 86' lang='grc' dir='ltr'><strong><em>τε</em></strong></span> <span class='ocrx_word' id='word_1_85' title='bbox 501 1156 570 1196; x_wconf 82' lang='grc' dir='ltr'><strong><em>καὶ</em></strong></span> <span class='ocrx_word' id='word_1_86' title='bbox 601 1154 700 1196; x_wconf 82' lang='grc' dir='ltr'><strong><em>ὄνου</em></strong></span> 
     </span>
     <span class='ocr_line' id='line_1_16' title="bbox 45 1209 699 1266; baseline 0 -14"><span class='ocrx_word' id='word_1_87' title='bbox 45 1209 116 1260; x_wconf 71' lang='grc' dir='ltr'><strong><em>τοὶς</em></strong></span> <span class='ocrx_word' id='word_1_88' title='bbox 160 1211 387 1264; x_wconf 83' lang='grc' dir='ltr'><strong><em>εἰτωνυμίας</em></strong></span> <span class='ocrx_word' id='word_1_89' title='bbox 447 1213 699 1266; x_wconf 73' lang='grc' dir='ltr'><strong><em>μετατιθεὶς]</em></strong></span> 
     </span>
     <span class='ocr_line' id='line_1_17' title="bbox 36 1267 702 1322; baseline 0.002 -17"><span class='ocrx_word' id='word_1_90' title='bbox 36 1269 146 1315; x_wconf 75' lang='lat' dir='ltr'>‘Quas</span> <span class='ocrx_word' id='word_1_91' title='bbox 173 1269 398 1308; x_wconf 79' lang='lat' dir='ltr'>Schaeferus</span> <span class='ocrx_word' id='word_1_92' title='bbox 418 1278 503 1322; x_wconf 91' lang='lat' dir='ltr'>post</span> <span class='ocrx_word' id='word_1_93' title='bbox 533 1267 631 1310; x_wconf 77' lang='grc' dir='ltr'><strong><em>ὅνου</em></strong></span> <span class='ocrx_word' id='word_1_94' title='bbox 654 1269 702 1307; x_wconf 82' lang='lat' dir='ltr'>(le</span> 
     </span>
     <span class='ocr_line' id='line_1_18' title="bbox 47 1326 704 1366; baseline 0.006 -4"><span class='ocrx_word' id='word_1_95' title='bbox 47 1338 115 1363; x_wconf 91' lang='lat' dir='ltr'>suo</span> <span class='ocrx_word' id='word_1_96' title='bbox 155 1327 312 1364; x_wconf 88' lang='lat' dir='ltr'>inseruit</span> <span class='ocrx_word' id='word_1_97' title='bbox 351 1327 443 1365; x_wconf 89' lang='lat' dir='ltr'>duas</span> <span class='ocrx_word' id='word_1_98' title='bbox 483 1341 596 1365; x_wconf 81' lang='lat' dir='ltr'>voces</span> <span class='ocrx_word' id='word_1_99' title='bbox 635 1326 704 1366; x_wconf 79' lang='grc' dir='ltr'><strong><em>καὶ</em></strong></span> 
     </span>
     <span class='ocr_line' id='line_1_19' title="bbox 46 1382 704 1434; baseline -0.002 -13"><span class='ocrx_word' id='word_1_100' title='bbox 46 1382 197 1434; x_wconf 83' lang='grc' dir='ltr'><strong><em>χοίρου,</em></strong></span> <span class='ocrx_word' id='word_1_101' title='bbox 217 1397 278 1421; x_wconf 85' lang='lat' dir='ltr'>eas</span> <span class='ocrx_word' id='word_1_102' title='bbox 296 1397 377 1421; x_wconf 87' lang='lat' dir='ltr'>non</span> <span class='ocrx_word' id='word_1_103' title='bbox 405 1398 515 1422; x_wconf 87' lang='lat' dir='ltr'>ausus</span> <span class='ocrx_word' id='word_1_104' title='bbox 535 1397 621 1422; x_wconf 86' lang='lat' dir='ltr'>sum</span> <span class='ocrx_word' id='word_1_105' title='bbox 640 1397 704 1421; x_wconf 88' lang='lat' dir='ltr'>re-</span> 
     </span>
     <span class='ocr_line' id='line_1_20' title="bbox 48 1440 704 1493; baseline 0.005 -18"><span class='ocrx_word' id='word_1_106' title='bbox 48 1440 192 1489; x_wconf 84' lang='lat' dir='ltr'>cipere,</span> <span class='ocrx_word' id='word_1_107' title='bbox 224 1454 344 1493; x_wconf 87' lang='lat' dir='ltr'>quum</span> <span class='ocrx_word' id='word_1_108' title='bbox 374 1454 395 1478; x_wconf 87' lang='lat' dir='ltr'>a</span> <span class='ocrx_word' id='word_1_109' title='bbox 425 1442 528 1479; x_wconf 87' lang='lat' dir='ltr'>libris</span> <span class='ocrx_word' id='word_1_110' title='bbox 558 1442 704 1492; x_wconf 84' lang='lat' dir='ltr'>scriptis</span> 
     </span>
     <span class='ocr_line' id='line_1_21' title="bbox 49 1495 704 1550; baseline 0.003 -18"><span class='ocrx_word' id='word_1_111' title='bbox 49 1495 232 1548; x_wconf 85' lang='lat' dir='ltr'>editisque</span> <span class='ocrx_word' id='word_1_112' title='bbox 276 1510 396 1550; x_wconf 88' lang='lat' dir='ltr'>aeque</span> <span class='ocrx_word' id='word_1_113' title='bbox 443 1499 577 1536; x_wconf 86' lang='lat' dir='ltr'>absint.</span> <span class='ocrx_word' id='word_1_114' title='bbox 646 1500 704 1535; x_wconf 93' lang='lat' dir='ltr'>De</span> 
     </span>
     <span class='ocr_line' id='line_1_22' title="bbox 47 1555 704 1605; baseline 0.008 -17"><span class='ocrx_word' id='word_1_115' title='bbox 47 1565 118 1589; x_wconf 84' lang='lat' dir='ltr'>usu</span> <span class='ocrx_word' id='word_1_116' title='bbox 137 1556 421 1605; x_wconf 79' lang='lat' dir='ltr'>praepositionis</span> <span class='ocrx_word' id='word_1_117' title='bbox 450 1555 514 1595; x_wconf 81' lang='grc' dir='ltr'>ἐπὶ</span> <span class='ocrx_word' id='word_1_118' title='bbox 535 1555 636 1592; x_wconf 83' lang='lat' dir='ltr'>conf.</span> <span class='ocrx_word' id='word_1_119' title='bbox 658 1556 704 1603; x_wconf 90' lang='lat' dir='ltr'>V,</span> 
     </span>
     <span class='ocr_line' id='line_1_23' title="bbox 49 1608 705 1664; baseline 0.005 -16"><span class='ocrx_word' id='word_1_120' title='bbox 49 1608 115 1649; x_wconf 87' lang='lat'>65.</span> <span class='ocrx_word' id='word_1_121' title='bbox 146 1612 198 1651; x_wconf 89' lang='lat'>69</span> <span class='ocrx_word' id='word_1_122' title='bbox 228 1617 265 1648; x_wconf 91' lang='lat' dir='ltr'>et</span> <span class='ocrx_word' id='word_1_123' title='bbox 293 1611 340 1648; x_wconf 85' lang='lat' dir='ltr'>de</span> <span class='ocrx_word' id='word_1_124' title='bbox 369 1625 463 1650; x_wconf 83' lang='lat' dir='ltr'>voce</span> <span class='ocrx_word' id='word_1_125' title='bbox 498 1611 705 1664; x_wconf 75' lang='grc' dir='ltr'><strong><em>ἐπωνυμία</em></strong></span> 
     </span>
    </p>

    <p class='ocr_par' dir='ltr' id='par_1_12' title="bbox 16 1663 704 2907">
     <span class='ocr_line' id='line_1_24' title="bbox 43 1663 349 1717; baseline 0.013 -15"><span class='ocrx_word' id='word_1_126' title='bbox 43 1663 197 1717; x_wconf 80' lang='lat' dir='ltr'>(nomen)</span> <span class='ocrx_word' id='word_1_127' title='bbox 215 1668 260 1715; x_wconf 85' lang='lat' dir='ltr'>V,</span> <span class='ocrx_word' id='word_1_128' title='bbox 281 1671 349 1710; x_wconf 89' lang='grc'>66.</span> 
     </span>
     <span class='ocr_line' id='line_1_25' title="bbox 99 1718 699 1776; baseline 0.005 -15"><span class='ocrx_word' id='word_1_129' title='bbox 99 1718 200 1762; x_wconf 69' lang='grc' dir='ltr'><strong><em>αὐτοὶ</em></strong></span> <span class='ocrx_word' id='word_1_130' title='bbox 219 1721 266 1763; x_wconf 82' lang='grc' dir='ltr'><strong><em>τᾶ</em></strong></span> <span class='ocrx_word' id='word_1_131' title='bbox 287 1727 487 1764; x_wconf 77' lang='grc' dir='ltr'><strong><em>τελευταῖα</em></strong></span> <span class='ocrx_word' id='word_1_132' title='bbox 507 1723 699 1776; x_wconf 78' lang='grc' dir='ltr'>ἐπέθηκε]</span> 
     </span>
     <span class='ocr_line' id='line_1_26' title="bbox 43 1778 702 1820; baseline 0.009 -6"><span class='ocrx_word' id='word_1_133' title='bbox 43 1778 68 1815; x_wconf 92' lang='lat' dir='ltr'>i.</span> <span class='ocrx_word' id='word_1_134' title='bbox 90 1793 123 1817; x_wconf 91' lang='lat' dir='ltr'>e.</span> <span class='ocrx_word' id='word_1_135' title='bbox 144 1780 237 1818; x_wconf 85' lang='lat' dir='ltr'>solas</span> <span class='ocrx_word' id='word_1_136' title='bbox 258 1785 290 1818; x_wconf 85' lang='lat' dir='ltr'>et</span> <span class='ocrx_word' id='word_1_137' title='bbox 307 1795 374 1819; x_wconf 82' lang='lat' dir='ltr'>non</span> <span class='ocrx_word' id='word_1_138' title='bbox 392 1784 464 1819; x_wconf 80' lang='lat' dir='ltr'>nisi</span> <span class='ocrx_word' id='word_1_139' title='bbox 481 1784 702 1820; x_wconf 71' lang='lat' dir='ltr'>terminatio-</span> 
     </span>
     <span class='ocr_line' id='line_1_27' title="bbox 43 1837 702 1891; baseline 0.005 -19"><span class='ocrx_word' id='word_1_140' title='bbox 43 1847 104 1873; x_wconf 77' lang='lat' dir='ltr'>nes</span> <span class='ocrx_word' id='word_1_141' title='bbox 125 1837 280 1886; x_wconf 79' lang='lat' dir='ltr'>addidit,</span> <span class='ocrx_word' id='word_1_142' title='bbox 309 1845 495 1891; x_wconf 87' lang='lat' dir='ltr'>quatenus</span> <span class='ocrx_word' id='word_1_143' title='bbox 515 1840 702 1875; x_wconf 82' lang='lat' dir='ltr'>nimirum</span> 
     </span>
     <span class='ocr_line' id='line_1_28' title="bbox 46 1892 702 1946; baseline 0.011 -19"><span class='ocrx_word' id='word_1_144' title='bbox 46 1904 68 1927; x_wconf 88' lang='lat' dir='ltr'>e</span> <span class='ocrx_word' id='word_1_145' title='bbox 89 1894 244 1930; x_wconf 85' lang='lat' dir='ltr'>vocibus</span> <span class='ocrx_word' id='word_1_146' title='bbox 269 1892 366 1943; x_wconf 79' lang='grc' dir='ltr'><strong><em>ὖός,</em></strong></span> <span class='ocrx_word' id='word_1_147' title='bbox 396 1892 519 1942; x_wconf 75' lang='grc' dir='ltr'><strong><em>ὄνου,</em></strong></span> <span class='ocrx_word' id='word_1_148' title='bbox 550 1893 702 1946; x_wconf 82' lang='grc' dir='ltr'><strong><em>χοίρου,</em></strong></span> 
     </span>
     <span class='ocr_line' id='line_1_29' title="bbox 45 1950 704 2002; baseline 0.006 -18"><span class='ocrx_word' id='word_1_149' title='bbox 45 1950 311 1987; x_wconf 84' lang='lat' dir='ltr'>terminatione</span> <span class='ocrx_word' id='word_1_150' title='bbox 340 1966 428 1990; x_wconf 90' lang='grc' dir='ltr'><strong><em>αται</em></strong></span> <span class='ocrx_word' id='word_1_151' title='bbox 447 1950 592 1988; x_wconf 85' lang='lat' dir='ltr'>adiecta</span> <span class='ocrx_word' id='word_1_152' title='bbox 611 1965 704 2002; x_wconf 88' lang='lat' dir='ltr'>pro-</span> 
     </span>
     <span class='ocr_line' id='line_1_30' title="bbox 48 2003 701 2056; baseline 0.009 -15"><span class='ocrx_word' id='word_1_153' title='bbox 48 2003 185 2043; x_wconf 83' lang='lat' dir='ltr'>dierint</span> <span class='ocrx_word' id='word_1_154' title='bbox 195 2003 701 2056; x_wconf 57' lang='lat' dir='ltr'>nomina‘TotwijOvsotwc,</span> 
     </span>
     <span class='ocr_line' id='line_1_31' title="bbox 48 2063 702 2114; baseline 0.002 -14"><span class='ocrx_word' id='word_1_155' title='bbox 48 2064 282 2114; x_wconf 76' lang='grc' dir='ltr'><strong><em>Χοιρεᾶται,</em></strong></span> <span class='ocrx_word' id='word_1_156' title='bbox 303 2065 354 2101; x_wconf 90' lang='lat' dir='ltr'>ita</span> <span class='ocrx_word' id='word_1_157' title='bbox 373 2070 417 2101; x_wconf 88' lang='lat' dir='ltr'>ut</span> <span class='ocrx_word' id='word_1_158' title='bbox 436 2063 511 2101; x_wconf 86' lang='lat' dir='ltr'>fine</span> <span class='ocrx_word' id='word_1_159' title='bbox 531 2065 702 2101; x_wconf 85' lang='lat' dir='ltr'>vocabu-</span> 
     </span>
     <span class='ocr_line' id='line_1_32' title="bbox 16 2117 700 2168; baseline 0.01 -14"><span class='ocrx_word' id='word_1_160' title='bbox 16 2127 22 2145; x_wconf 65' lang='grc' dir='ltr'><em>Ι</em></span> <span class='ocrx_word' id='word_1_161' title='bbox 43 2118 192 2167; x_wconf 89' lang='lat' dir='ltr'>lorum,</span> <span class='ocrx_word' id='word_1_162' title='bbox 220 2133 270 2156; x_wconf 90' lang='lat' dir='ltr'>ne</span> <span class='ocrx_word' id='word_1_163' title='bbox 291 2120 466 2158; x_wconf 84' lang='lat' dir='ltr'>audirent</span> <span class='ocrx_word' id='word_1_164' title='bbox 485 2117 565 2168; x_wconf 74' lang='grc' dir='ltr'><strong><em>ὕες,</em></strong></span> <span class='ocrx_word' id='word_1_165' title='bbox 601 2117 700 2168; x_wconf 74' lang='grc' dir='ltr'><strong><em>ὄνοι,</em></strong></span> 
     </span>
     <span class='ocr_line' id='line_1_33' title="bbox 44 2175 704 2226; baseline 0 -12"><span class='ocrx_word' id='word_1_166' title='bbox 44 2178 189 2226; x_wconf 85' lang='grc' dir='ltr'><strong><em>χοῖροι,</em></strong></span> <span class='ocrx_word' id='word_1_167' title='bbox 241 2175 448 2216; x_wconf 85' lang='lat' dir='ltr'>differrent.</span> <span class='ocrx_word' id='word_1_168' title='bbox 525 2175 589 2214; x_wconf 91' lang='lat' dir='ltr'>Ad</span> <span class='ocrx_word' id='word_1_169' title='bbox 627 2178 704 2215; x_wconf 88' lang='lat' dir='ltr'>loci</span> 
     </span>
     <span class='ocr_line' id='line_1_34' title="bbox 42 2235 702 2283; baseline 0.006 -15"><span class='ocrx_word' id='word_1_170' title='bbox 42 2240 312 2282; x_wconf 81' lang='lat' dir='ltr'>argumentum</span> <span class='ocrx_word' id='word_1_171' title='bbox 358 2235 481 2271; x_wconf 88' lang='lat' dir='ltr'>teneri</span> <span class='ocrx_word' id='word_1_172' title='bbox 526 2235 702 2283; x_wconf 86' lang='lat' dir='ltr'>velimus,</span> 
     </span>
     <span class='ocr_line' id='line_1_35' title="bbox 45 2289 703 2340; baseline 0.006 -15"><span class='ocrx_word' id='word_1_173' title='bbox 45 2301 142 2340; x_wconf 84' lang='lat' dir='ltr'>quae</span> <span class='ocrx_word' id='word_1_174' title='bbox 160 2291 239 2326; x_wconf 88' lang='lat' dir='ltr'>iam</span> <span class='ocrx_word' id='word_1_175' title='bbox 251 2289 300 2327; x_wconf 88' lang='lat' dir='ltr'>ad</span> <span class='ocrx_word' id='word_1_176' title='bbox 316 2290 362 2338; x_wconf 91' lang='lat' dir='ltr'>V,</span> <span class='ocrx_word' id='word_1_177' title='bbox 386 2294 440 2332; x_wconf 88' lang='lat'>67</span> <span class='ocrx_word' id='word_1_178' title='bbox 451 2292 534 2328; x_wconf 83' lang='lat' dir='ltr'>init.</span> <span class='ocrx_word' id='word_1_179' title='bbox 553 2290 602 2328; x_wconf 88' lang='lat' dir='ltr'>de</span> <span class='ocrx_word' id='word_1_180' title='bbox 622 2292 703 2329; x_wconf 90' lang='lat' dir='ltr'>Cli-</span> 
     </span>
     <span class='ocr_line' id='line_1_36' title="bbox 41 2343 702 2400; baseline 0.003 -17"><span class='ocrx_word' id='word_1_181' title='bbox 41 2343 175 2383; x_wconf 87' lang='lat' dir='ltr'>sthene</span> <span class='ocrx_word' id='word_1_182' title='bbox 196 2348 429 2395; x_wconf 87' lang='lat' dir='ltr'>monuimus,</span> <span class='ocrx_word' id='word_1_183' title='bbox 452 2360 570 2400; x_wconf 85' lang='lat' dir='ltr'>quem</span> <span class='ocrx_word' id='word_1_184' title='bbox 587 2362 702 2399; x_wconf 88' lang='lat' dir='ltr'>pere-</span> 
     </span>
     <span class='ocr_line' id='line_1_37' title="bbox 42 2403 702 2456; baseline 0.006 -18"><span class='ocrx_word' id='word_1_185' title='bbox 42 2403 151 2452; x_wconf 87' lang='lat' dir='ltr'>grina</span> <span class='ocrx_word' id='word_1_186' title='bbox 170 2403 376 2441; x_wconf 85' lang='lat' dir='ltr'>oriundum</span> <span class='ocrx_word' id='word_1_187' title='bbox 394 2406 522 2456; x_wconf 83' lang='lat' dir='ltr'>stirpe,</span> <span class='ocrx_word' id='word_1_188' title='bbox 553 2405 641 2442; x_wconf 85' lang='lat' dir='ltr'>odio</span> <span class='ocrx_word' id='word_1_189' title='bbox 654 2406 702 2442; x_wconf 67' lang='lat' dir='ltr'>‘in</span> 
     </span>
     <span class='ocr_line' id='line_1_38' title="bbox 42 2459 703 2513; baseline 0.006 -18"><span class='ocrx_word' id='word_1_190' title='bbox 42 2459 161 2496; x_wconf 88' lang='lat' dir='ltr'>Dores</span> <span class='ocrx_word' id='word_1_191' title='bbox 182 2472 225 2497; x_wconf 87' lang='lat' dir='ltr'>ac</span> <span class='ocrx_word' id='word_1_192' title='bbox 244 2463 465 2511; x_wconf 87' lang='lat' dir='ltr'>praesertim</span> <span class='ocrx_word' id='word_1_193' title='bbox 483 2463 703 2513; x_wconf 75' lang='lat' dir='ltr'>in&#39;optima-</span> 
     </span>
     <span class='ocr_line' id='line_1_39' title="bbox 42 2517 702 2571; baseline 0.006 -19"><span class='ocrx_word' id='word_1_194' title='bbox 42 2521 109 2564; x_wconf 88' lang='lat' dir='ltr'>tes,</span> <span class='ocrx_word' id='word_1_195' title='bbox 141 2529 163 2553; x_wconf 87' lang='lat' dir='ltr'>a</span> <span class='ocrx_word' id='word_1_196' title='bbox 195 2517 331 2569; x_wconf 83' lang='lat' dir='ltr'>quibus</span> <span class='ocrx_word' id='word_1_197' title='bbox 360 2518 431 2555; x_wconf 87' lang='lat' dir='ltr'>sibi</span> <span class='ocrx_word' id='word_1_198' title='bbox 448 2519 609 2556; x_wconf 82' lang='lat' dir='ltr'>timebat</span> <span class='ocrx_word' id='word_1_199' title='bbox 636 2526 702 2571; x_wconf 84' lang='lat' dir='ltr'>ty-</span> 
     </span>
     <span class='ocr_line' id='line_1_40' title="bbox 43 2572 702 2620; baseline 0.008 -12"><span class='ocrx_word' id='word_1_200' title='bbox 43 2584 196 2620; x_wconf 87' lang='lat' dir='ltr'>rannus,</span> <span class='ocrx_word' id='word_1_201' title='bbox 218 2572 444 2612; x_wconf 73' lang='lat' dir='ltr'>ductum&#39;ita</span> <span class='ocrx_word' id='word_1_202' title='bbox 463 2575 597 2613; x_wconf 82' lang='lat' dir='ltr'>fecisse</span> <span class='ocrx_word' id='word_1_203' title='bbox 615 2587 702 2613; x_wconf 88' lang='lat' dir='ltr'>ma-</span> 
     </span>
     <span class='ocr_line' id='line_1_41' title="bbox 41 2629 701 2681; baseline 0.008 -16"><span class='ocrx_word' id='word_1_204' title='bbox 41 2629 146 2666; x_wconf 82' lang='lat' dir='ltr'>xime</span> <span class='ocrx_word' id='word_1_205' title='bbox 166 2629 209 2667; x_wconf 89' lang='lat' dir='ltr'>fit</span> <span class='ocrx_word' id='word_1_206' title='bbox 228 2631 435 2681; x_wconf 84' lang='lat' dir='ltr'>probabile.</span> <span class='ocrx_word' id='word_1_207' title='bbox 459 2645 462 2651; x_wconf 66' lang='lat'><em>⁴</em></span> <span class='ocrx_word' id='word_1_208' title='bbox 485 2633 701 2670; x_wconf 60' lang='lat' dir='ltr'>&#39;ln-‘Dorum</span> 
     </span>
     <span class='ocr_line' id='line_1_42' title="bbox 43 2686 701 2726; baseline 0.005 -3"><span class='ocrx_word' id='word_1_209' title='bbox 43 2698 133 2723; x_wconf 84' lang='lat' dir='ltr'>vero</span> <span class='ocrx_word' id='word_1_210' title='bbox 163 2687 375 2725; x_wconf 77' lang='lat' dir='ltr'>civitatibus</span> <span class='ocrx_word' id='word_1_211' title='bbox 400 2686 490 2724; x_wconf 88' lang='lat' dir='ltr'>inde</span> <span class='ocrx_word' id='word_1_212' title='bbox 521 2689 567 2726; x_wconf 90' lang='lat' dir='ltr'>ab</span> <span class='ocrx_word' id='word_1_213' title='bbox 599 2690 701 2726; x_wconf 82' lang='lat' dir='ltr'>anti-</span> 
     </span>
     <span class='ocr_line' id='line_1_43' title="bbox 45 2743 701 2796; baseline 0.006 -17"><span class='ocrx_word' id='word_1_214' title='bbox 45 2743 223 2793; x_wconf 87' lang='lat' dir='ltr'>quissimo</span> <span class='ocrx_word' id='word_1_215' title='bbox 251 2756 345 2781; x_wconf 87' lang='lat' dir='ltr'>aevo</span> <span class='ocrx_word' id='word_1_216' title='bbox 375 2757 496 2796; x_wconf 87' lang='lat' dir='ltr'>quum</span> <span class='ocrx_word' id='word_1_217' title='bbox 522 2751 597 2783; x_wconf 89' lang='lat' dir='ltr'>tres</span> <span class='ocrx_word' id='word_1_218' title='bbox 617 2746 701 2796; x_wconf 87' lang='lat' dir='ltr'>ple-</span> 
     </span>
     <span class='ocr_line' id='line_1_44' title="bbox 47 2799 701 2852; baseline 0.008 -18"><span class='ocrx_word' id='word_1_219' title='bbox 47 2810 209 2852; x_wconf 83' lang='lat' dir='ltr'>rumque</span> <span class='ocrx_word' id='word_1_220' title='bbox 237 2801 356 2838; x_wconf 88' lang='lat' dir='ltr'>tribus</span> <span class='ocrx_word' id='word_1_221' title='bbox 386 2814 416 2838; x_wconf 90' lang='lat' dir='ltr'>s.</span> <span class='ocrx_word' id='word_1_222' title='bbox 445 2799 576 2850; x_wconf 77' lang='grc' dir='ltr'><strong><em>φυλοῖς</em></strong></span> <span class='ocrx_word' id='word_1_223' title='bbox 605 2815 701 2839; x_wconf 87' lang='lat' dir='ltr'>con-</span> 
     </span>
     <span class='ocr_line' id='line_1_45' title="bbox 44 2855 700 2907; baseline 0.006 -16"><span class='ocrx_word' id='word_1_224' title='bbox 44 2855 187 2893; x_wconf 81' lang='lat' dir='ltr'>stitutas</span> <span class='ocrx_word' id='word_1_225' title='bbox 207 2857 456 2906; x_wconf 80' lang='lat' dir='ltr'>inveniamus,</span> <span class='ocrx_word' id='word_1_226' title='bbox 480 2859 531 2894; x_wconf 86' lang='lat' dir='ltr'>nil</span> <span class='ocrx_word' id='word_1_227' title='bbox 547 2860 700 2907; x_wconf 81' lang='lat' dir='ltr'>mirum,</span> 
     </span>
    </p>
   </div>
   <div class='ocr_carea' id='block_1_11' title="bbox 752 1098 1424 2910">
    <p class='ocr_par' dir='ltr' id='par_1_13' title="bbox 752 1098 1424 2910">
     <span class='ocr_line' id='line_1_46' title="bbox 760 1098 1422 1151; baseline -0.002 -16"><span class='ocrx_word' id='word_1_228' title='bbox 760 1099 929 1150; x_wconf 83' lang='lat' dir='ltr'>Sicyone</span> <span class='ocrx_word' id='word_1_229' title='bbox 962 1111 1118 1151; x_wconf 89' lang='lat' dir='ltr'>quoque</span> <span class='ocrx_word' id='word_1_230' title='bbox 1153 1098 1235 1136; x_wconf 83' lang='lat' dir='ltr'>illas</span> <span class='ocrx_word' id='word_1_231' title='bbox 1266 1098 1422 1149; x_wconf 87' lang='lat' dir='ltr'>reperiri</span> 
     </span>
     <span class='ocr_line' id='line_1_47' title="bbox 758 1152 1422 1207; baseline -0.003 -14"><span class='ocrx_word' id='word_1_232' title='bbox 758 1162 833 1193; x_wconf 86' lang='lat' dir='ltr'>tres</span> <span class='ocrx_word' id='word_1_233' title='bbox 854 1152 986 1204; x_wconf 79' lang='grc' dir='ltr'><strong><em>φυλᾶς</em></strong></span> <span class='ocrx_word' id='word_1_234' title='bbox 1016 1169 1106 1193; x_wconf 77' lang='lat' dir='ltr'>vere</span> <span class='ocrx_word' id='word_1_235' title='bbox 1132 1156 1302 1203; x_wconf 87' lang='lat' dir='ltr'>Doricas,</span> <span class='ocrx_word' id='word_1_236' title='bbox 1334 1156 1422 1207; x_wconf 85' lang='lat' dir='ltr'>qui-</span> 
     </span>
     <span class='ocr_line' id='line_1_48' title="bbox 758 1211 1423 1264; baseline -0.002 -15"><span class='ocrx_word' id='word_1_237' title='bbox 758 1213 828 1249; x_wconf 85' lang='lat' dir='ltr'>bus</span> <span class='ocrx_word' id='word_1_238' title='bbox 865 1225 962 1264; x_wconf 87' lang='lat' dir='ltr'>quae</span> <span class='ocrx_word' id='word_1_239' title='bbox 1008 1220 1139 1264; x_wconf 89' lang='lat' dir='ltr'>quarta</span> <span class='ocrx_word' id='word_1_240' title='bbox 1173 1211 1299 1249; x_wconf 86' lang='lat' dir='ltr'>addita</span> <span class='ocrx_word' id='word_1_241' title='bbox 1331 1219 1423 1258; x_wconf 85' lang='lat' dir='ltr'>erat,</span> 
     </span>
     <span class='ocr_line' id='line_1_49' title="bbox 761 1269 1423 1320; baseline -0.002 -14"><span class='ocrx_word' id='word_1_242' title='bbox 761 1282 848 1306; x_wconf 84' lang='lat' dir='ltr'>eam</span> <span class='ocrx_word' id='word_1_243' title='bbox 885 1272 1110 1320; x_wconf 85' lang='lat' dir='ltr'>peregrinae</span> <span class='ocrx_word' id='word_1_244' title='bbox 1146 1271 1267 1319; x_wconf 82' lang='lat' dir='ltr'>stirpis</span> <span class='ocrx_word' id='word_1_245' title='bbox 1309 1269 1423 1306; x_wconf 80' lang='lat' dir='ltr'>fuisse</span> 
     </span>
     <span class='ocr_line' id='line_1_50' title="bbox 759 1326 1424 1378; baseline -0.003 -14"><span class='ocrx_word' id='word_1_246' title='bbox 759 1327 823 1364; x_wconf 86' lang='lat' dir='ltr'>vel</span> <span class='ocrx_word' id='word_1_247' title='bbox 844 1339 888 1362; x_wconf 91' lang='lat' dir='ltr'>eo</span> <span class='ocrx_word' id='word_1_248' title='bbox 908 1328 1102 1378; x_wconf 81' lang='lat' dir='ltr'>probatur,</span> <span class='ocrx_word' id='word_1_249' title='bbox 1125 1326 1229 1378; x_wconf 91' lang='lat' dir='ltr'>quod</span> <span class='ocrx_word' id='word_1_250' title='bbox 1249 1327 1330 1377; x_wconf 89' lang='lat' dir='ltr'>ipse</span> <span class='ocrx_word' id='word_1_251' title='bbox 1343 1327 1424 1362; x_wconf 85' lang='lat' dir='ltr'>Cli-</span> 
     </span>
     <span class='ocr_line' id='line_1_51' title="bbox 760 1381 1424 1435; baseline -0.002 -15"><span class='ocrx_word' id='word_1_252' title='bbox 760 1381 936 1432; x_wconf 77' lang='lat' dir='ltr'>sthenes,</span> <span class='ocrx_word' id='word_1_253' title='bbox 983 1385 1048 1435; x_wconf 92' lang='lat' dir='ltr'>qui</span> <span class='ocrx_word' id='word_1_254' title='bbox 1075 1382 1165 1420; x_wconf 89' lang='lat' dir='ltr'>huic</span> <span class='ocrx_word' id='word_1_255' title='bbox 1207 1383 1322 1420; x_wconf 89' lang='lat' dir='ltr'>tribui</span> <span class='ocrx_word' id='word_1_256' title='bbox 1353 1382 1424 1419; x_wconf 90' lang='lat' dir='ltr'>ad—</span> 
     </span>
     <span class='ocr_line' id='line_1_52' title="bbox 760 1440 1423 1491; baseline -0.002 -14"><span class='ocrx_word' id='word_1_257' title='bbox 760 1441 919 1491; x_wconf 89' lang='lat' dir='ltr'>scriptus</span> <span class='ocrx_word' id='word_1_258' title='bbox 951 1447 1052 1489; x_wconf 87' lang='lat' dir='ltr'>erat,</span> <span class='ocrx_word' id='word_1_259' title='bbox 1083 1441 1306 1491; x_wconf 85' lang='lat' dir='ltr'>peregrinus</span> <span class='ocrx_word' id='word_1_260' title='bbox 1339 1440 1423 1487; x_wconf 86' lang='lat' dir='ltr'>fuit,</span> 
     </span>
     <span class='ocr_line' id='line_1_53' title="bbox 759 1498 1424 1550; baseline -0.002 -16"><span class='ocrx_word' id='word_1_261' title='bbox 759 1499 880 1534; x_wconf 85' lang='lat' dir='ltr'>Dores</span> <span class='ocrx_word' id='word_1_262' title='bbox 901 1511 1004 1544; x_wconf 81' lang='lat' dir='ltr'>vero,</span> <span class='ocrx_word' id='word_1_263' title='bbox 1023 1511 1073 1534; x_wconf 86' lang='lat' dir='ltr'>ne</span> <span class='ocrx_word' id='word_1_264' title='bbox 1097 1499 1180 1550; x_wconf 89' lang='lat' dir='ltr'>quis</span> <span class='ocrx_word' id='word_1_265' title='bbox 1201 1498 1424 1548; x_wconf 83' lang='lat' dir='ltr'>peregrinus</span> 
     </span>
     <span class='ocr_line' id='line_1_54' title="bbox 760 1553 1424 1606; baseline 0 -16"><span class='ocrx_word' id='word_1_266' title='bbox 760 1555 836 1591; x_wconf 89' lang='lat' dir='ltr'>suis</span> <span class='ocrx_word' id='word_1_267' title='bbox 863 1555 1060 1604; x_wconf 84' lang='lat' dir='ltr'>gentibus,</span> <span class='ocrx_word' id='word_1_268' title='bbox 1092 1567 1190 1606; x_wconf 88' lang='lat' dir='ltr'>quae</span> <span class='ocrx_word' id='word_1_269' title='bbox 1215 1553 1306 1590; x_wconf 88' lang='lat' dir='ltr'>inde</span> <span class='ocrx_word' id='word_1_270' title='bbox 1336 1555 1424 1604; x_wconf 79' lang='lat' dir='ltr'>pol-</span> 
     </span>
     <span class='ocr_line' id='line_1_55' title="bbox 761 1610 1424 1663; baseline -0.002 -15"><span class='ocrx_word' id='word_1_271' title='bbox 761 1612 956 1648; x_wconf 85' lang='lat' dir='ltr'>luerentur</span> <span class='ocrx_word' id='word_1_272' title='bbox 977 1618 1013 1648; x_wconf 90' lang='lat' dir='ltr'>et</span> <span class='ocrx_word' id='word_1_273' title='bbox 1025 1613 1329 1663; x_wconf 84' lang='lat' dir='ltr'>inquinarentur,</span> <span class='ocrx_word' id='word_1_274' title='bbox 1352 1610 1424 1647; x_wconf 86' lang='lat' dir='ltr'>ad-</span> 
     </span>
     <span class='ocr_line' id='line_1_56' title="bbox 756 1668 1424 1717; baseline -0.003 -12"><span class='ocrx_word' id='word_1_275' title='bbox 756 1668 1004 1717; x_wconf 84' lang='lat' dir='ltr'>scriberetur,</span> <span class='ocrx_word' id='word_1_276' title='bbox 1035 1668 1168 1706; x_wconf 87' lang='lat' dir='ltr'>sedulo</span> <span class='ocrx_word' id='word_1_277' title='bbox 1189 1669 1330 1705; x_wconf 82' lang='lat' dir='ltr'>cavisse</span> <span class='ocrx_word' id='word_1_278' title='bbox 1350 1681 1424 1704; x_wconf 83' lang='lat' dir='ltr'>no·-</span> 
     </span>
     <span class='ocr_line' id='line_1_57' title="bbox 755 1726 1423 1776; baseline -0.001 -15"><span class='ocrx_word' id='word_1_279' title='bbox 755 1726 945 1762; x_wconf 84' lang='lat' dir='ltr'>tissimum</span> <span class='ocrx_word' id='word_1_280' title='bbox 966 1732 1034 1762; x_wconf 89' lang='lat' dir='ltr'>est.</span> <span class='ocrx_word' id='word_1_281' title='bbox 1093 1726 1196 1763; x_wconf 84' lang='lat' dir='ltr'>Suae</span> <span class='ocrx_word' id='word_1_282' title='bbox 1216 1726 1333 1776; x_wconf 87' lang='lat' dir='ltr'>igitur</span> <span class='ocrx_word' id='word_1_283' title='bbox 1354 1726 1423 1761; x_wconf 90' lang='lat' dir='ltr'>tri-</span> 
     </span>
     <span class='ocr_line' id='line_1_58' title="bbox 757 1781 1424 1832; baseline -0.003 -13"><span class='ocrx_word' id='word_1_284' title='bbox 757 1782 823 1819; x_wconf 87' lang='lat' dir='ltr'>bui</span> <span class='ocrx_word' id='word_1_285' title='bbox 852 1789 1037 1832; x_wconf 84' lang='lat' dir='ltr'>tyrannus</span> <span class='ocrx_word' id='word_1_286' title='bbox 1066 1781 1223 1819; x_wconf 88' lang='lat' dir='ltr'>honoris</span> <span class='ocrx_word' id='word_1_287' title='bbox 1262 1783 1424 1832; x_wconf 86' lang='lat' dir='ltr'>plenum</span> 
     </span>
     <span class='ocr_line' id='line_1_59' title="bbox 757 1834 1421 1890; baseline -0.002 -16"><span class='ocrx_word' id='word_1_288' title='bbox 757 1837 896 1875; x_wconf 79' lang='lat' dir='ltr'>indidit</span> <span class='ocrx_word' id='word_1_289' title='bbox 914 1840 1094 1876; x_wconf 87' lang='lat' dir='ltr'>titulum:</span> <span class='ocrx_word' id='word_1_290' title='bbox 1118 1834 1331 1890; x_wconf 78' lang='grc' dir='ltr'><strong><em>Ἀρχέλαοι,</em></strong></span> <span class='ocrx_word' id='word_1_291' title='bbox 1347 1839 1373 1874; x_wconf 92' lang='lat' dir='ltr'>i.</span> <span class='ocrx_word' id='word_1_292' title='bbox 1389 1851 1421 1874; x_wconf 87' lang='lat' dir='ltr'>e.</span> 
     </span>
     <span class='ocr_line' id='line_1_60' title="bbox 752 1894 1423 1945; baseline -0.001 -13"><span class='ocrx_word' id='word_1_293' title='bbox 752 1895 922 1945; x_wconf 77' lang='lat' dir='ltr'>populum</span> <span class='ocrx_word' id='word_1_294' title='bbox 941 1899 1119 1944; x_wconf 83' lang='lat' dir='ltr'>regentes,</span> <span class='ocrx_word' id='word_1_295' title='bbox 1147 1896 1334 1945; x_wconf 79' lang='lat' dir='ltr'>principes,</span> <span class='ocrx_word' id='word_1_296' title='bbox 1356 1894 1423 1931; x_wconf 83' lang='lat' dir='ltr'>du-</span> 
     </span>
     <span class='ocr_line' id='line_1_61' title="bbox 760 1951 1420 2004; baseline 0.002 -17"><span class='ocrx_word' id='word_1_297' title='bbox 760 1963 815 1987; x_wconf 84' lang='lat' dir='ltr'>ces</span> <span class='ocrx_word' id='word_1_298' title='bbox 819 1951 944 2001; x_wconf 78' lang='lat' dir='ltr'>populi</span> <span class='ocrx_word' id='word_1_299' title='bbox 951 1966 963 1998; x_wconf 86' lang='lat'>,-</span> <span class='ocrx_word' id='word_1_300' title='bbox 986 1952 1140 2004; x_wconf 86' lang='lat' dir='ltr'>reliquis</span> <span class='ocrx_word' id='word_1_301' title='bbox 1152 1952 1324 1988; x_wconf 87' lang='lat' dir='ltr'>tribubus</span> <span class='ocrx_word' id='word_1_302' title='bbox 1337 1953 1420 1988; x_wconf 93' lang='lat' dir='ltr'>Do-</span> 
     </span>
     <span class='ocr_line' id='line_1_62' title="bbox 759 2006 1421 2059; baseline 0.002 -16"><span class='ocrx_word' id='word_1_303' title='bbox 759 2009 843 2044; x_wconf 89' lang='lat' dir='ltr'>ricis</span> <span class='ocrx_word' id='word_1_304' title='bbox 875 2006 948 2044; x_wconf 88' lang='lat' dir='ltr'>alia</span> <span class='ocrx_word' id='word_1_305' title='bbox 978 2021 1046 2059; x_wconf 87' lang='lat' dir='ltr'>per</span> <span class='ocrx_word' id='word_1_306' title='bbox 1075 2014 1314 2045; x_wconf 87' lang='lat' dir='ltr'>contemtum</span> <span class='ocrx_word' id='word_1_307' title='bbox 1343 2010 1421 2044; x_wconf 90' lang='lat' dir='ltr'>im-</span> 
     </span>
     <span class='ocr_line' id='line_1_63' title="bbox 757 2065 1421 2115; baseline 0.003 -15"><span class='ocrx_word' id='word_1_308' title='bbox 757 2065 884 2115; x_wconf 89' lang='lat' dir='ltr'>posuit</span> <span class='ocrx_word' id='word_1_309' title='bbox 917 2066 1094 2113; x_wconf 88' lang='lat' dir='ltr'>nomina,</span> <span class='ocrx_word' id='word_1_310' title='bbox 1143 2078 1165 2101; x_wconf 88' lang='lat' dir='ltr'>a</span> <span class='ocrx_word' id='word_1_311' title='bbox 1194 2078 1277 2113; x_wconf 84' lang='lat' dir='ltr'>sue,</span> <span class='ocrx_word' id='word_1_312' title='bbox 1307 2067 1421 2112; x_wconf 76' lang='lat' dir='ltr'>asino,</span> 
     </span>
     <span class='ocr_line' id='line_1_64' title="bbox 752 2117 1422 2173; baseline 0.006 -16"><span class='ocrx_word' id='word_1_313' title='bbox 752 2132 857 2171; x_wconf 80' lang='lat' dir='ltr'>porco</span> <span class='ocrx_word' id='word_1_314' title='bbox 874 2123 1033 2173; x_wconf 87' lang='lat' dir='ltr'>repetita</span> <span class='ocrx_word' id='word_1_315' title='bbox 1051 2119 1197 2169; x_wconf 71' lang='grc' dir='ltr'>ιὙᾶται,</span> <span class='ocrx_word' id='word_1_316' title='bbox 1227 2117 1422 2167; x_wconf 80' lang='grc' dir='ltr'><strong><em>Ὀνεᾶται,</em></strong></span> 
     </span>
     <span class='ocr_line' id='line_1_65' title="bbox 763 2176 1422 2227; baseline 0.003 -12"><span class='ocrx_word' id='word_1_317' title='bbox 763 2176 991 2227; x_wconf 76' lang='grc' dir='ltr'><strong><em>Χοιρεᾶται,</em></strong></span> <span class='ocrx_word' id='word_1_318' title='bbox 1050 2178 1156 2224; x_wconf 76' lang='lat' dir='ltr'>Quae</span> <span class='ocrx_word' id='word_1_319' title='bbox 1188 2180 1347 2216; x_wconf 84' lang='lat' dir='ltr'>nomina</span> <span class='ocrx_word' id='word_1_320' title='bbox 1377 2180 1422 2217; x_wconf 84' lang='lat' dir='ltr'>C.</span> 
     </span>
     <span class='ocr_line' id='line_1_66' title="bbox 761 2234 1422 2287; baseline 0.005 -16"><span class='ocrx_word' id='word_1_321' title='bbox 761 2234 805 2271; x_wconf 92' lang='grc' dir='ltr'>Ο.</span> <span class='ocrx_word' id='word_1_322' title='bbox 821 2235 973 2272; x_wconf 79' lang='lat' dir='ltr'>Miiller.</span> <span class='ocrx_word' id='word_1_323' title='bbox 989 2236 1081 2272; x_wconf 87' lang='lat' dir='ltr'>Dor.</span> <span class='ocrx_word' id='word_1_324' title='bbox 1096 2237 1133 2272; x_wconf 95' lang='lat' dir='ltr'>II</span> <span class='ocrx_word' id='word_1_325' title='bbox 1152 2248 1242 2287; x_wconf 87' lang='lat' dir='ltr'>pag.</span> <span class='ocrx_word' id='word_1_326' title='bbox 1257 2239 1311 2277; x_wconf 88' lang='lat'>60</span> <span class='ocrx_word' id='word_1_327' title='bbox 1333 2237 1422 2274; x_wconf 89' lang='lat' dir='ltr'>coll.</span> 
     </span>
     <span class='ocr_line' id='line_1_67' title="bbox 759 2290 1421 2342; baseline 0.005 -15"><span class='ocrx_word' id='word_1_328' title='bbox 759 2292 777 2327; x_wconf 94' lang='grc' dir='ltr'>Ι</span> <span class='ocrx_word' id='word_1_329' title='bbox 795 2301 885 2342; x_wconf 83' lang='lat' dir='ltr'>pag.</span> <span class='ocrx_word' id='word_1_330' title='bbox 917 2295 998 2333; x_wconf 78' lang='lat'>162</span> <span class='ocrx_word' id='word_1_331' title='bbox 1013 2290 1191 2329; x_wconf 77' lang='lat' dir='ltr'>&#39;minime</span> <span class='ocrx_word' id='word_1_332' title='bbox 1220 2293 1260 2329; x_wconf 88' lang='lat' dir='ltr'>in</span> <span class='ocrx_word' id='word_1_333' title='bbox 1281 2300 1421 2330; x_wconf 86' lang='lat' dir='ltr'>contu-</span> 
     </span>
     <span class='ocr_line' id='line_1_68' title="bbox 758 2349 1421 2387; baseline 0.005 -3"><span class='ocrx_word' id='word_1_334' title='bbox 758 2349 915 2385; x_wconf 80' lang='lat' dir='ltr'>meliam</span> <span class='ocrx_word' id='word_1_335' title='bbox 940 2349 1112 2387; x_wconf 86' lang='lat' dir='ltr'>tribubus</span> <span class='ocrx_word' id='word_1_336' title='bbox 1131 2351 1276 2387; x_wconf 89' lang='lat' dir='ltr'>Doricis</span> <span class='ocrx_word' id='word_1_337' title='bbox 1298 2364 1320 2387; x_wconf 90' lang='lat' dir='ltr'>a</span> <span class='ocrx_word' id='word_1_338' title='bbox 1341 2351 1421 2387; x_wconf 84' lang='lat' dir='ltr'>Cli-</span> 
     </span>
     <span class='ocr_line' id='line_1_69' title="bbox 759 2403 1420 2458; baseline 0.003 -16"><span class='ocrx_word' id='word_1_339' title='bbox 759 2403 893 2442; x_wconf 73' lang='lat' dir='ltr'>sthene</span> <span class='ocrx_word' id='word_1_340' title='bbox 933 2406 1111 2458; x_wconf 85' lang='lat' dir='ltr'>imposita</span> <span class='ocrx_word' id='word_1_341' title='bbox 1151 2419 1230 2445; x_wconf 88' lang='lat' dir='ltr'>esse</span> <span class='ocrx_word' id='word_1_342' title='bbox 1279 2414 1420 2455; x_wconf 86' lang='lat' dir='ltr'>censet,</span> 
     </span>
     <span class='ocr_line' id='line_1_70' title="bbox 758 2462 1421 2515; baseline 0.003 -17"><span class='ocrx_word' id='word_1_343' title='bbox 758 2463 962 2514; x_wconf 87' lang='lat' dir='ltr'>ipsumque</span> <span class='ocrx_word' id='word_1_344' title='bbox 1016 2462 1256 2501; x_wconf 87' lang='lat' dir='ltr'>Herodotum</span> <span class='ocrx_word' id='word_1_345' title='bbox 1305 2471 1421 2515; x_wconf 83' lang='lat' dir='ltr'>negat</span> 
     </span>
     <span class='ocr_line' id='line_1_71' title="bbox 758 2519 1420 2570; baseline 0.002 -15"><span class='ocrx_word' id='word_1_346' title='bbox 758 2519 988 2570; x_wconf 86' lang='lat' dir='ltr'>respublicas</span> <span class='ocrx_word' id='word_1_347' title='bbox 1046 2527 1148 2558; x_wconf 87' lang='lat' dir='ltr'>recte</span> <span class='ocrx_word' id='word_1_348' title='bbox 1213 2520 1420 2558; x_wconf 84' lang='lat' dir='ltr'>diiudicare</span> 
     </span>
     <span class='ocr_line' id='line_1_72' title="bbox 755 2577 1420 2628; baseline 0.003 -16"><span class='ocrx_word' id='word_1_349' title='bbox 755 2577 945 2626; x_wconf 88' lang='lat' dir='ltr'>potuisse,</span> <span class='ocrx_word' id='word_1_350' title='bbox 975 2589 1066 2614; x_wconf 87' lang='lat' dir='ltr'>cum</span> <span class='ocrx_word' id='word_1_351' title='bbox 1100 2590 1145 2614; x_wconf 93' lang='lat' dir='ltr'>eo</span> <span class='ocrx_word' id='word_1_352' title='bbox 1176 2578 1302 2628; x_wconf 86' lang='lat' dir='ltr'>potius</span> <span class='ocrx_word' id='word_1_353' title='bbox 1332 2591 1420 2627; x_wconf 87' lang='lat' dir='ltr'>spe-</span> 
     </span>
     <span class='ocr_line' id='line_1_73' title="bbox 757 2632 1418 2685; baseline 0.002 -16"><span class='ocrx_word' id='word_1_354' title='bbox 757 2639 875 2670; x_wconf 85' lang='lat' dir='ltr'>ctasse</span> <span class='ocrx_word' id='word_1_355' title='bbox 888 2632 1123 2671; x_wconf 80' lang='lat' dir='ltr'>Clisthenem</span> <span class='ocrx_word' id='word_1_356' title='bbox 1141 2635 1337 2685; x_wconf 84' lang='lat' dir='ltr'>probabile</span> <span class='ocrx_word' id='word_1_357' title='bbox 1357 2635 1418 2681; x_wconf 88' lang='lat' dir='ltr'>sit,</span> 
     </span>
     <span class='ocr_line' id='line_1_74' title="bbox 757 2691 1419 2740; baseline 0.002 -14"><span class='ocrx_word' id='word_1_358' title='bbox 757 2696 799 2726; x_wconf 90' lang='lat' dir='ltr'>ut</span> <span class='ocrx_word' id='word_1_359' title='bbox 815 2691 934 2727; x_wconf 90' lang='lat' dir='ltr'>Dores</span> <span class='ocrx_word' id='word_1_360' title='bbox 955 2691 1084 2728; x_wconf 83' lang='lat' dir='ltr'>relicta</span> <span class='ocrx_word' id='word_1_361' title='bbox 1112 2691 1207 2727; x_wconf 88' lang='lat' dir='ltr'>urbe</span> <span class='ocrx_word' id='word_1_362' title='bbox 1228 2691 1326 2740; x_wconf 86' lang='lat' dir='ltr'>agris</span> <span class='ocrx_word' id='word_1_363' title='bbox 1351 2703 1419 2727; x_wconf 88' lang='lat' dir='ltr'>co-</span> 
     </span>
     <span class='ocr_line' id='line_1_75' title="bbox 757 2745 1418 2799; baseline 0.002 -17"><span class='ocrx_word' id='word_1_364' title='bbox 757 2745 879 2783; x_wconf 90' lang='lat' dir='ltr'>lendis</span> <span class='ocrx_word' id='word_1_365' title='bbox 890 2748 1145 2799; x_wconf 84' lang='lat' dir='ltr'>gregibusque</span> <span class='ocrx_word' id='word_1_366' title='bbox 1161 2746 1304 2783; x_wconf 87' lang='lat' dir='ltr'>alendis</span> <span class='ocrx_word' id='word_1_367' title='bbox 1324 2759 1418 2798; x_wconf 91' lang='lat' dir='ltr'>ope-</span> 
     </span>
     <span class='ocr_line' id='line_1_76' title="bbox 758 2802 1418 2855; baseline -0.002 -15"><span class='ocrx_word' id='word_1_368' title='bbox 758 2816 841 2839; x_wconf 89' lang='lat' dir='ltr'>ram</span> <span class='ocrx_word' id='word_1_369' title='bbox 861 2802 950 2840; x_wconf 89' lang='lat' dir='ltr'>dare</span> <span class='ocrx_word' id='word_1_370' title='bbox 971 2810 1135 2854; x_wconf 83' lang='lat' dir='ltr'>cogeret,</span> <span class='ocrx_word' id='word_1_371' title='bbox 1165 2816 1214 2839; x_wconf 88' lang='lat' dir='ltr'>ne</span> <span class='ocrx_word' id='word_1_372' title='bbox 1235 2802 1328 2855; x_wconf 86' lang='lat' dir='ltr'>quid</span> <span class='ocrx_word' id='word_1_373' title='bbox 1348 2805 1418 2855; x_wconf 87' lang='lat' dir='ltr'>ipsi</span> 
     </span>
     <span class='ocr_line' id='line_1_77' title="bbox 760 2860 1417 2910; baseline 0.005 -15"><span class='ocrx_word' id='word_1_374' title='bbox 760 2860 922 2910; x_wconf 86' lang='lat' dir='ltr'>amplius</span> <span class='ocrx_word' id='word_1_375' title='bbox 963 2860 1010 2896; x_wconf 88' lang='lat' dir='ltr'>ab</span> <span class='ocrx_word' id='word_1_376' title='bbox 1042 2861 1112 2897; x_wconf 85' lang='lat' dir='ltr'>illis</span> <span class='ocrx_word' id='word_1_377' title='bbox 1143 2860 1235 2896; x_wconf 87' lang='lat' dir='ltr'>urbe</span> <span class='ocrx_word' id='word_1_378' title='bbox 1265 2861 1417 2898; x_wconf 77' lang='lat' dir='ltr'>inclusis</span> 
     </span>
    </p>
   </div>
  </div>
 </body>
</html>
