1897 3249
448 174 1098 214 TERPSICHORE.
1155 173 1200 208 V.

1428 172 1456 209 9

200 291 280 333 τοῦ
311 285 588 342 οἶκηϊοτάτου
619 285 799 340 ἑωυτῆς·
840 286 1086 339 σφαχθεῖσα
1115 281 1182 332 δὲ,
1213 278 1457 323 συνθάπτε-

173 365 278 400 3ται
324 358 385 412 τῷ
429 352 569 407 ἀνδρί.
624 354 670 396 αἱ
715 351 760 396 δὲ
806 350 934 395 ἄλλαι
990 349 1224 406 συμφορήν
1269 346 1460 403 μεγάλην

201 427 446 467 ποιεῦνται·
478 421 647 472 ὄνειδος
674 420 756 476 γάρ
789 432 869 476 σφι
897 423 1027 463 τοῦτο
1057 416 1258 473 μέγιστον
1285 418 1460 471 γίνεται.

112 483 144 528 6
206 495 306 534 Τῶν
341 490 386 534 δὲ
418 489 470 546 δὴ
501 489 644 532 ἄλλων
677 490 880 544 Θρηΐκων
910 487 994 531 ἐστὶ
1029 485 1100 529 ὅδε
1130 483 1153 528 ὁ
1183 484 1330 539 νόμος.
1369 499 1458 526 πω-

199 562 319 602 λεῦσι
347 557 400 601 τοὶ
429 558 558 601 τέκνα
587 553 654 600 ἐπ’
687 555 891 613 ἐξαγωγῇ.
945 555 1019 606 τὰς
1050 555 1095 598 δὲ
1123 551 1376 604 παρθένους
1405 548 1460 592 ου’

199 624 498 679 φυλάσσουσι,
540 622 638 668 ἀλλ’
685 625 788 668 ἐῶσι
827 621 915 668 οἷσι
953 622 1080 666 αὐταὶ
1119 620 1358 677 βούλονται
1384 617 1458 660 ἀν-

170 694 332 748 ἓδροέσι
360 696 602 750 μίσγεσθαι.
652 691 728 744 τὰς
758 692 803 736 δὲ
832 697 1044 748 γυναῖκας
1073 693 1261 746 ἰσχυρῶς
1293 684 1457 742 φυλάσ-

199 773 352 806 σουσι·
401 763 473 806 καὶ
504 760 711 806 ὠνέονται
750 761 826 812 τὰς
854 764 1065 817 γυναῖκας
1104 755 1223 813 παρὰ
1260 759 1349 800 τῶν
1385 770 1458 810 γο-

142 939 215 986 ξαν
237 952 257 975 e
288 939 453 979 Pausan,
479 938 545 987 IV,
567 939 593 977 2
623 937 659 982 ξ.
683 937 707 978 5
730 936 796 973 fin.

141 995 265 1032 attulit
298 993 482 1035 Valcken,
561 996 640 1031 Nec
675 994 798 1030 aliena

140 1059 250 1100 sunt,
281 1065 380 1104 quae
401 1051 448 1088 de
468 1051 604 1088 talibus
624 1052 799 1101 gentium

140 1108 383 1161 quarundam
426 1109 605 1145 institutis
646 1108 799 1144 notavi-

139 1179 226 1203 mus
246 1164 296 1202 ad
314 1166 378 1213 IV,
399 1167 466 1206 71.
486 1186 543 1192 —-
567 1164 633 1201 Cr.
656 1163 704 1201 ad
724 1163 800 1200 hu-

139 1223 198 1260 ius
229 1235 313 1273 cap,
343 1228 615 1272 argumentum
637 1221 800 1258 conferri

139 1280 222 1317 vult
241 1280 414 1330 Zoe'gam
432 1280 489 1315 De
511 1279 686 1317 obelisco.
708 1291 797 1329 pag.

141 1339 222 1377 276
244 1343 324 1374 not.
347 1338 386 1383 2,
408 1336 476 1372 ubi
505 1336 669 1386 plurima
680 1336 800 1377 301Ιὶ-

141 1399 284 1443 guntur
304 1392 351 1429 de
364 1391 436 1429 hoc
454 1406 573 1439 more,
597 1405 672 1444 quo
695 1391 798 1443 apud

141 1449 252 1487 rudes
293 1448 477 1502 quasdam
529 1456 661 1499 gentes
700 1462 799 1486 uxor

141 1519 231 1544 cum
250 1507 332 1544 viro
351 1507 451 1544 mori
475 1507 637 1544 iubetur.

380 1632 474 1683 Cap.
495 1633 560 1670 VI.

195 1723 371 1761 πωλεῦσι
397 1719 445 1762 tn?
473 1720 590 1762 τέκνα
618 1716 676 1761 ἐπ’
707 1719 798 1768 ἐξα-

139 1779 274 1831 γωγῇ]
304 1779 330 1820 i,
352 1793 385 1816 e.
416 1780 569 1817 vendunt
598 1783 700 1816 natos
719 1791 799 1814 suos

139 1835 178 1870 in
196 1834 290 1872 alias
299 1839 411 1874 terras
423 1837 654 1874 abducendos.
685 1834 799 1871 Haud

140 1891 248 1926 aliter
274 1892 354 1928 fere
383 1891 448 1931 ἐπὶ
469 1906 559 1929 cum
590 1892 715 1929 dativo
736 1905 799 1927 re-

141 1948 286 1996 peritur
304 1950 385 1995 VII,
410 1949 502 1990 156.
524 1951 553 1996 I,
576 1952 642 1989 60.
664 1947 798 1994 111‚48

141 2003 207 2039 ubi
236 2002 316 2045 vid.
339 2004 407 2042 Cr.
429 2004 477 2042 ad
506 2004 601 2042 haec
634 2005 799 2042 conferri

140 2060 223 2096 vult
260 2062 407 2112 Heyne.
451 2062 610 2112 Opuscc.
650 2060 797 2101 Acadd.

139 2116 191 2153 IV
221 2130 259 2167 p.
290 2118 369 2159 125
396 2131 476 2170 seq.
516 2126 597 2155 not.
620 2118 667 2155 de
689 2131 796 2154 more

140 2172 243 2223 apud
263 2181 394 2224 gentes
415 2174 528 2212 rudes
557 2177 797 2227 incultasque

139 2229 356 2268 introducto
396 2232 532 2270 liberos
555 2263 564 2280 ,
625 2233 797 2284 inprimis

142 2287 286 2338 puellas
297 2287 489 2326 vendendi
499 2289 667 2342 indeque
679 2303 798 2342 quae-

140 2350 243 2380 stum
262 2345 332 2382 sibi
352 2345 511 2396 parandi
532 2346 798 2394 disserentem3

142 2414 259 2452 quem
276 2414 425 2439 morem
445 2402 535 2440 inde
567 2405 686 2454 repeti
706 2405 799 2453 vult,

142 2457 247 2509 quod
276 2459 385 2496 liberi
415 2461 508 2497 olim
527 2461 626 2498 inter
652 2474 709 2497 res
732 2459 802 2497 ha—

140 2515 328 2552 bebantur
348 2545 358 2564 ,
419 2530 512 2569 quas
570 2531 801 2570 quocunque

141 2570 257 2608 modo
279 2573 442 2610 alienare
451 2575 570 2615 licuit.
592 2576 697 2620 Quae
709 2588 803 2612 mox

142 2627 189 2665 de
218 2630 352 2679 puellis
381 2638 623 2679 enarrantur,
666 2645 800 2669 eorum

141 2698 291 2722 memor
310 2686 379 2722 fuit
393 2687 614 2739 Cousinery,
635 2689 798 2725 similem

143 2741 337 2792 quendam
358 2742 483 2781 adhuc
515 2746 552 2781 in
574 2746 650 2782 istis
671 2747 799 2796 regio-

142 2799 252 2836 nibus
273 2800 443 2837 obtinere
474 2814 624 2839 morem
644 2809 797 2840 testans.

854 937 1029 988 Namque
1058 948 1078 971 e
1107 933 1198 971 locis
1235 931 1426 968 montanis
1468 928 1517 966 ad

854 993 949 1030 fines
987 992 1123 1030 veteris
1162 988 1411 1027 Macedoniae
1440 987 1517 1023 sitis

857 1049 979 1099 (nunc
1010 1055 1168 1086 vocatur
1212 1047 1317 1096 regio
1356 1043 1516 1091 Doiran)

858 1107 1059 1159 quotannis
1099 1106 1138 1141 in
1173 1104 1303 1155 planas
1342 1102 1517 1151 regiones

860 1163 909 1200 ad
930 1164 1067 1200 urbem
1081 1159 1280 1199 Salonichi
1301 1157 1426 1195 adhuc
1448 1156 1517 1193 de-

856 1219 1044 1258 scendunt
1074 1220 1240 1269 virgines
1273 1228 1438 1253 messem
1458 1214 1518 1250 fa-

857 1285 985 1315 cturae
1005 1277 1134 1328 ibique
1155 1275 1273 1312 libere
1303 1286 1392 1309 cum
1412 1273 1519 1308 Tur—

856 1336 908 1372 cis
938 1339 1226 1372 consuescentes
1256 1329 1394 1367 honori
1422 1327 1518 1364 adeo

855 1393 926 1429 sibi
947 1391 1104 1437 ducunt,
1126 1391 1157 1427 si
1176 1401 1296 1425 messe
1318 1388 1417 1423 facta
1429 1398 1518 1436 gra-

854 1448 966 1486 vidae
987 1448 1147 1485 domum
1166 1446 1352 1483 venerint.
1384 1445 1518 1494 Neque

856 1507 960 1542 enim
981 1519 1025 1542 eo
1042 1503 1218 1556 impediri
1237 1508 1372 1553 putant
1384 1500 1520 1536 matri-

854 1564 1033 1600 monium
1065 1563 1210 1598 iustum
1241 1566 1277 1596 et
1307 1559 1394 1594 illae
1415 1558 1518 1607 ipsae

854 1621 1018 1670 virgines
1032 1649 1041 1666 ‚
1065 1617 1217 1671 quando
1238 1616 1356 1653 semel
1376 1621 1519 1665 nuptae

855 1678 1007 1724 fuerint,
1029 1676 1146 1713 fidem
1166 1675 1308 1711 maritis
1329 1678 1519 1723 praestare

857 1733 1036 1771 dicuntur
1054 1733 1282 1769 maximam.
1325 1728 1411 1766 Vid.
1433 1728 1519 1763 An-

855 1792 931 1828 nal.
962 1790 999 1828 d.
1029 1802 1196 1842 voyages
1227 1801 1296 1838 par
1316 1783 1514 1836 Klaproth.

860 1851 967 1889 1832
985 1848 1079 1884 Juin
1099 1860 1138 1897 p.
1169 1847 1250 1885 367
1270 1856 1349 1894 seq.
1369 1863 1426 1868 —
1455 1839 1519 1878 Ad

855 1903 1104 1940 indicativum
1134 1897 1347 1952 βούλονται
1367 1900 1407 1934 in
1427 1910 1520 1950 pro-

855 1961 961 1996 xime
990 1973 1096 2011 seqq.
1136 1957 1237 1995 conf.
1265 1956 1435 1994 Werfer.
1476 1955 1517 1991 in

855 2018 957 2054 Actt.
980 2015 1087 2067 phin.
1107 2017 1281 2052 Monacc.
1293 2015 1407 2064 Ipag.
1420 2010 1516 2054 274.

912 2118 979 2159 καὶ
1015 2115 1204 2159 ωἰιὲονται
1233 2114 1303 2164 τοὶς
1325 2118 1517 2170 γυναῖκας

853 2198 910 2205 —-
931 2172 1142 2227 χρημάτων
1164 2171 1361 2227 μεγάλων]
1397 2173 1517 2209 Geni-

854 2235 922 2270 tivi
947 2247 1061 2271 usum
1090 2234 1212 2283 attigit
1238 2229 1421 2267 Matthiae
1449 2231 1517 2270 Gr,

857 2292 922 2328 Gr.
945 2293 981 2336 ξ.
1010 2289 1103 2336 364,
1134 2291 1171 2331 b.
1230 2289 1328 2326 Satis
1358 2294 1515 2334 constat,

856 2362 925 2399 per
942 2361 1098 2385 omnem
1118 2348 1197 2383 fere
1211 2347 1398 2382 orientem
1417 2343 1516 2381 hanc

861 2406 954 2442 olim
981 2406 1145 2455 viguisse
1184 2401 1516 2448 consuetudinem,

860 2469 902 2499 ut
940 2475 1121 2512 sponsam
1165 2474 1324 2512 sponsus
1373 2465 1516 2495 emeret

858 2518 1025 2571 indeque
1065 2518 1126 2556 hic
1166 2519 1220 2555 illi
1253 2517 1382 2554 dotem
1422 2528 1516 2552 con-

858 2578 1049 2623 stitueret,
1082 2582 1193 2627 prout
1231 2573 1278 2612 de
1318 2572 1518 2610 Germanis

858 2647 1013 2686 quoque
1033 2634 1160 2670 scribit
1181 2632 1338 2668 Tacitus
1359 2631 1396 2665 in
1418 2630 1517 2665 Ger—

856 2703 959 2727 man.
986 2693 1048 2736 18,
1078 2690 1140 2727 ubi
1164 2688 1308 2727 consul.
1331 2688 1517 2737 interpre-

855 2754 923 2788 tes,
983 2746 1084 2784 Add.
1110 2747 1287 2782 Perizon.
1310 2744 1348 2779 in
1370 2744 1518 2780 Disser-

855 2810 921 2841 tat.
943 2803 1076 2841 Triad.
1097 2816 1185 2854 pag.
1206 2805 1286 2842 277
1317 2800 1514 2850 (Daventr.

1470 484 1793 522 Go'l'ranscrestonaei

1519 519 1680 556 polygami.
1709 518 1774 546 Viri

1520 554 1583 580 vita
1609 552 1743 580 defuncti
1760 552 1793 578 in

1519 588 1633 614 tumulo
1657 586 1793 613 dilectis-

1516 621 1595 647 sima
1616 629 1743 647 uxorum

1513 655 1696 682 immolatur.
1716 654 1792 681 Cae-

1515 693 1651 715 ten-orum
1676 687 1778 715 Thra-

1516 731 1581 749 cum
1604 722 1744 749 instituta

1516 755 1646 783 maxime
1663 764 1775 784 memo-

1518 789 1640 818 rabilia.
