1834 3258
46 568 113 614 66

574 199 874 239 ERATO.
932 199 1010 236 VI.
1341 197 1425 238 317

169 312 307 358 τεύων
333 313 411 355 τοῦ
441 308 632 366 ῥήματος
649 306 674 353 ὁ
701 308 976 364 Λευτυχίδης,
1010 305 1223 362 ἀπέφαινε
1245 305 1322 349 τὸν
1340 309 1426 361 Δη-

171 380 367 436 μάρητον
396 380 494 421 οὔτε
525 379 566 430 ἐξ
588 376 844 433 Ἀρίστωνος
873 376 1106 432 γεγονότα,
1147 373 1245 417 οὔτε
1280 375 1426 417 ἱκνευ-

171 448 308 504 μένως
340 445 622 502 βασιλεύοντα
652 444 877 501 Σπάρτης,
917 444 1020 495 τούς
1050 443 1241 498 ἐφόρους
1269 441 1428 496 μάρτυ·

173 531 252 569 ρας
281 513 573 570 παρεχόμενος
602 515 796 566 κείνους,
837 516 880 556 οἳ
908 512 1002 556 τότε
1032 512 1184 566 ἔτυχον
1213 508 1455 563 πάρεδροί-’ἵ

168 598 213 626 τε
243 581 383 632 ἐόντες
413 581 486 624 καὶ
512 579 775 632 ἀκούσαντες
806 584 943 624 ταῦτα
967 578 1236 634 Ἀρίστωνος.
1298 579 1428 629 Τέλος

169 650 236 701 δὲ,
267 647 426 693 ἐόντων
454 649 728 704 περὶαύτῶν
756 651 953 702 νεικέων,
983 649 1099 700 ἔδοξε
1129 646 1428 702 Σπαρτιήτῃσι

168 717 416 771 ἐπείρεσθαι
446 718 494 761 τὸ
522 717 786 774 ’χρηστήριον
815 717 862 761 τὸ
892 717 939 760 ἐν
967 722 1181 772 Δελφοῖσι
1220 717 1283 766 ,,εἰ
1309 713 1427 768 Ἀρί-

141 792 366 838 2,,στωνος
396 788 460 843 εἴη
490 791 591 837 παῖς
622 785 645 829 ὁ
668 785 968 842 Δημάρητος.“
1019 784 1258 827 Ἀνωΐστου
1289 783 1334 826 δὲ
1361 798 1428 836 γε·
1653 837 1660 844 1

171 853 358 909 νομένου
398 853 443 896 ἐκ
483 856 694 909 προνοίης
733 858 809 909 τῆς
848 853 1113 909 Κλεομένεος
1151 852 1211 903 ές’
1229 851 1308 908 τὴν
1338 841 1629 910 Hv-wggssffi’ssssti
1651 844 1762 911 ’,Ῐῖᾗξῖ

171 922 298 976 θίην,
330 921 520 965 ἐνθαῦτα
548 921 846 976 προσποιέεται
866 921 1110 976 Κλεομένης
1145 921 1331 976 Κόβωνα
1354 918 1433 962 τόν
1489 906 1761 976 ἷζῗζῗὲἓῑξῑξὲζᾶ-

167 987 524 1044 Ἀριστοφάντου,
539 987 680 1043 ἄνδρα
694 991 738 1034 έν
750 996 962 1045 Δελφοῖσι
981 985 1300 1032 δυναστεύοντα
1313 987 1430 1042 μέγι-
1486 980 1536 1003 ¹¹¹¹

145 1065 167 1099 3
179 1070 298 1102 στον.
315 1058 338 1101 ὁ
356 1058 400 1102 ὁὲ
415 1057 574 1113 Κόβων
587 1060 832 1112 Περίαλλαν
842 1056 922 1113 τήν
938 1057 1182 1112 πρόμαντιν
1191 1055 1429 1107 ἀναπείθει,

171 1125 225 1169 τοὶ
256 1126 501 1182 Κλεομένης
530 1124 731 1181 ἐβούλετο
761 1125 984 1182 λέγεσθαι,
1022 1125 1172 1180 λέγειν.
1219 1122 1333 1167 οὕτω
1374 1121 1427 1176 δὴ
1484 1113 1566 1158 468
1602 1178 1605 1181 Ι

171 1193 200 1248 ἡ
231 1195 405 1250 Πυθίη,
436 1193 769 1250 ἐπειρωτώντων
797 1197 886 1238 τῶν
902 1192 1179 1248 θεοπρόπων,
1210 1191 1352 1246 ἔκρινε
1371 1188 1428 1246 μὴ
1447 1193 1488 1229 15

1485 570 1534 597 Re
1548 569 1586 596 ad
1605 568 1759 596 oraculum

1483 603 1660 639 Delphicum
1682 602 1759 629 reie-

1485 645 1544 671 cta,
1565 637 1688 672 Pythia,
1707 643 1758 662 cu-

1484 674 1531 700 ius
1551 672 1607 698 sibi
1629 671 1732 697 volun-

1484 710 1580 734 tatem
1605 705 1742 732 Cleome-

1485 748 1540 767 nes
1568 744 1636 766 astu
1657 737 1760 763 eonci-

1482 774 1626 806 flaverat,
1651 772 1743 805 Spar-

1485 807 1568 834 tanis
1598 807 1728 833 interro-

118 1401 174 1439 vis
185 1414 300 1453 quam
310 1402 455 1441 adiecta
465 1404 691 1456 praepositio
697 1398 776 1444 οἷπὸ

120 1456 210 1495 huic
231 1461 346 1496 verbo
366 1462 516 1498 tribuit:
535 1461 639 1513 quod
658 1461 775 1509 idem,

118 1522 276 1552 notante
300 1516 366 1556 Cr.
389 1520 429 1554 in
452 1520 664 1555 Homericis
684 1519 776 1555 locis

119 1571 254 1624 Odyss.
289 1574 340 1620 X,
370 1574 448 1615 343
476 1589 583 1627 seqq.
612 1577 660 1623 ΙΙ,
683 1576 776 1623 377,

118 1636 262 1666 veteres
303 1631 551 1668 Grammatici
599 1633 779 1669 observa-

98 1719 101 1722 ,
119 1693 286 1730 mllt.÷
305 1689 350 1723 In
370 1691 545 1738 proxime
564 1702 671 1741 seqq.
689 1701 779 1724 cum

121 1739 339 1792 Schweigh.
370 1752 406 1781 et
435 1746 551 1783 Gaisf.
591 1759 612 1782 e
642 1746 781 1782 melio-

119 1811 208 1834 rum
255 1798 366 1839 codd.
407 1804 627 1839 auctoritate
658 1802 782 1839 delevi

122 1869 190 1904 μιν
202 1862 284 1904 post
297 1855 447 1896 ἑωυτοῦ
464 1859 663 1906 insertum,
676 1857 781 1909 quod

122 1909 291 1949 Bekker.
316 1914 482 1950 retinuit.
502 1936 558 1941 —
590 1916 648 1951 De
663 1916 781 1951 verbo

123 1964 371 2017 ἐπιβατεύειν
392 1971 495 2008 conf.
532 1972 598 2020 ΠΙ,
625 1974 677 2012 63
706 1971 783 2007 ibi-

127 2035 203 2075 que
219 2030 316 2062 nott.

336 2127 429 2179 cap.
448 2128 586 2167 LXVI.

183 2189 332 2233 ἐόντων
348 2219 399 2224 —-
425 2196 612 2247 νεικέων]
652 2199 784 2244 νεῖκος

127 2255 165 2287 et
183 2248 245 2287 hic
266 2257 303 2288 e‘t
325 2253 388 2300 VI,
419 2255 470 2294 68
492 2253 538 2291 de
557 2256 622 2292 lite
641 2255 786 2292 intelli-

127 2307 310 2356 gendum,
331 2322 429 2361 quae
441 2309 486 2346 de
496 2312 665 2362 legitima
685 2310 784 2362 regis

127 2363 240 2414 stirpe
261 2367 396 2414 egitur.
462 2369 562 2405 Nam
589 2371 654 2407 lite
694 2383 782 2421 per-

129 2426 212 2456 acta
244 2428 281 2457 et
299 2435 410 2460 causa
426 2434 611 2476 perorata,
633 2440 691 2464 res
711 2425 782 2463 de—

127 2488 237 2512 mum
276 2477 522 2518 discernenda
563 2483 612 2521 ad
641 2483 782 2535 ‘populi

128 2534 352 2572 concionem
370 2538 513 2586 perlata
525 2547 590 2588 est,
610 2541 676 2577 ubi
693 2553 782 2577 ora-

98 2618 102 2620 .
128 2590 258 2627 culum
278 2593 423 2628 consuli
447 2595 589 2644 placuit
606 2598 785 2634 multitu-

127 2645 222 2683 dini.
272 2648 383 2684 conf.
403 2650 445 2686 C.
467 2651 512 2688 Ο.
530 2654 784 2691 ΜϋΠεν.1)οι·.

129 2705 167 2740 11
187 2717 225 2754 p.
248 2704 314 2745 88.
334 2725 390 2732 -—
422 2706 498 2742 Pro
519 2704 668 2748 αὐτέων
695 2709 784 2746 dedi

129 2755 274 2800 αὖτῶν.

183 2813 405 2860 Ἀνωΐστου
424 2816 468 2860 δὲ
492 2817 729 2872 γενομένου]
757 2821 785 2861 i.

832 1417 866 1440 e.
898 1415 1003 1454 quum
1034 1400 1223 1440 Cleomenis
1249 1398 1355 1451 oper&
1385 1403 1492 1449 atque

832 1460 1013 1498 industria
1044 1473 1098 1496 res
1130 1459 1180 1496 acl
1217 1458 1386 1509 Pythiam
1405 1460 1490 1493 esset

835 1517 980 1565 delata,
1023 1524 1065 1553 ut
1095 1523 1196 1552 recte
1223 1517 1490 1565 interpretatur

834 1573 1019 1611 Valcken.
1041 1573 1090 1610 ad
1108 1574 1138 1620 Ι,
1163 1573 1254 1621 158,
1276 1573 1363 1624 qui⁷
1393 1572 1423 1607 si
1442 1571 1492 1606 li-

834 1632 893 1668 bri
930 1632 1071 1681 scripti·
1089 1629 1242 1676 darent,
1276 1642 1343 1680 pro
1367 1623 1492 1665 α’νωΐ-

837 1699 930 1727 στου
961 1688 1095 1738 reponi
1129 1687 1260 1723 mallet
1290 1681 1492 1730 οἷνοιστοῦ,

836 1743 1149 1796 quandoquidem
1174 1738 1367 1789 οἷνῶϊστος
1387 1740 1493 1778 idem

835 1803 915 1838 fere
935 1803 1059 1838 valeat
1091 1808 1204 1852 atque
1234 1795 1428 1845 ἆνοιστός,
1471 1809 1492 1833 a

837 1859 954 1894 verbo
976 1854 1124 1896 εἷνοίσω
1143 1871 1171 1893 s.
1191 1851 1393 1904 οἷναφέρω.
1436 1853 1494 1891 Cf·

838 1915 918 1960 VH,
951 1913 1028 1953 149
1060 1920 1097 1949 et
1123 1911 1258 1950 Matth.
1280 1913 1344 1950 Gr.
1369 1912 1432 1947 Gr.
1454 1924 1492 1961 p.

836 1969 932 2010 494.
1005 1970 1103 2006 Hinc
1143 1976 1245 2005 recte
1282 1965 1494 2020 Hesychius

836 2028 854 2063 I
874 2040 911 2076 p.
935 2026 1016 2067 385
1039 2033 1074 2062 et
1094 2028 1173 2066 387
1195 2020 1364 2065 οἷνοίσει·
1396 2019 1495 2063 οἷνα-

839 2083 953 2132 φὲρει
985 2089 1022 2119 et
1048 2078 1238 2121 Ἀνοίσω·
1287 2077 1491 2131 ἀναφέρω.

837 2139 938 2176 Add.
968 2137 1141 2176 Eustath.
1177 2138 1225 2175 ad
1247 2138 1379 2190 Odyss.
1406 2133 1432 2176 ’ύ
1452 2151 1490 2188 p.

842 2198 948 2237 1887
977 2197 1044 2232 fin.
1072 2209 1101 2233 5.
1130 2197 1223 2243 728,
1245 2198 1311 2236 52·
1333 2217 1385 2222 -·
1433 2196 1492 2231 De

837 2255 1020 2303 improviso
1048 2259 1084 2289 et
1121 2254 1294 2301 insperato
1330 2250 1491 2288 eandem

836 2323 973 2347 vocem
993 2310 1084 2361 poni
1111 2309 1342 2359 VVesseling.
1370 2321 1492 2345 anno-

836 2373 891 2404 tat
911 2368 1029 2404 citans
1047 2368 1179 2417 Epigr.
1207 2364 1364 2402 Authol.
1384 2367 1413 2413 Ι,
1438 2368 1492 2406 80

837 2437 925 2474 pag.
949 2427 1040 2464 162.
1069 2424 1248 2474 Apollon.
1281 2421 1405 2459 Rhod.
1426 2422 1491 2467 III,

838 2483 932 2521 670-
954 2483 1047 2527 799,
1078 2487 1115 2517 et
1133 2482 1174 2516 iu
1193 2478 1399 2516 Herodotei
1417 2477 1492 2514 loci

835 2535 1415 2588 interpretationeValckenaerio
1426 2547 1491 2572 ac-

836 2593 988 2631 cedens.

892 2648 1195 2700 προσποιέεται]
1226 2648 1252 2686 i.
1271 2661 1304 2684 e.
1327 2648 1396 2684 sibi
1410 2659 1490 2684 con-

839 2705 962 2754 ciliat,
992 2707 1029 2743 in
1056 2709 1175 2754 partes
1204 2717 1288 2741 suas
1300 2704 1490 2754 pertrahit.

838 2762 949 2800 Conf.
969 2763 1014 2809 V,
1036 2764 1086 2802 71
1121 2769 1157 2798 et
1185 2773 1282 2812 quae
1304 2759 1342 2797 Ιι.
1366 2762 1393 2798 l.
1422 2759 1493 2797 atl-

840 2819 895 2858 dit
921 2817 1106 2858 Valcken.
1134 2816 1355 2871 Thucydid.
1386 2818 1417 2867 Ῑ,
1438 2817 1491 2860 57
1544 2863 1551 2870 .
