1789 3213
424 139 880 177 POLYMNIA
937 140 1035 177 VII.

1267 141 1351 181 7:37

95 264 260 305 ,.κνρον
288 249 602 293 καλέσασθαι.“
658 250 802 302 Βορῆς
832 248 900 301 δὲ,
939 246 1049 292 κατα
1086 246 1164 290 τὸν
1190 246 1349 304 Ἑλλή-

93 332 186 359 νων
224 315 375 372 λόγον,
421 317 502 373 ἔχει
531 321 719 372 γυναῖκα
743 314 957 373 Ἀττικὴν,
984 314 1239 372 Ὠρειθυίην
1267 317 1349 371 τήν

63 381 324 438 3Ἐρεχθέος.
383 383 493 428 κατα
537 386 589 441 δὴ
629 383 677 428 τὸ
719 386 851 439 κῆδος
879 387 1010 428 τοῦτο
1043 386 1086 427 οἱ
1113 383 1347 441 Ἀθηναῖοι,

93 450 152 502 ὥς
180 450 308 506 φάτις
339 451 544 509 ὥρμηται,
576 450 948 508 συμβαλλεόμενοί
987 464 1065 506 σφι
1095 452 1173 495 τὸν
1202 455 1404 512 ΒορῆνΞΟ

89 518 290 574 γαμβρὸν
333 519 466 573 εἶναι,
518 520 591 564 καὶ
627 517 937 575 ναυλοχέοντες
974 522 1051 575 τῆς
1083 518 1280 575 Εὐβοίης
1301 520 1348 563 ἐν

89 588 295 640 Χαλκίδι,
327 588 386 640 ὥς
415 589 580 642 ἔμαθον
610 584 852 642 αὐξόμενον
881 586 960 629 τόν
988 590 1184 642 χειμῶνα,
1216 587 1246 643 ἢ
1274 588 1348 631 καὶ

93 653 180 707 πρὸ
209 652 385 708 τούτου,
406 654 596 700 ἐθύοντό
625 671 669 699 τε
697 656 768 699 καὶ
783 655 1059 699 ἐπεκαλέοντο
1088 655 1166 698 τόν
1186 671 1229 699 τε
1261 659 1347 698 Βο-

89 724 174 778 ρῆν
218 722 292 766 καὶ
333 723 413 781 τὴν
449 723 724 780 Ὠρειθυίην,
764 724 1007 780 τιμωρῆσαί
1044 734 1124 779 σφι
1152 723 1227 767 καὶ
1257 724 1346 766 δια-

29 940 239 991 λέσασθαι]
274 941 383 979 Idem
403 951 685 994 argumentum,

29 1005 186 1036 notante
224 998 430 1047 Valcken„
482 1002 688 1051 attigerunt

30 1053 161 1095 Schol.
182 1055 222 1091 iu
245 1055 568 1107 Sophocl.Antig.
591 1059 685 1098 978.

31 1110 168 1149 Suidas
187 1125 216 1148 s.
236 1125 274 1149 v.
293 1108 450 1161 Ἀφέται
464 1143 473 1160 ,
494 1115 513 1149 I
531 1127 569 1163 p.
591 1112 685 1153 394.

28 1166 162 1205 Schol.
188 1167 342 1205 Aristid.
371 1183 410 1220 p.
437 1168 515 1209 251
547 1171 686 1206 From-

27 1225 141 1271 mel.;
184 1226 411 1276 quibuscum
440 1226 540 1265 conf.
563 1226 685 1263 Creu-

28 1294 103 1319 zer.
127 1281 301 1332 Symbol.
322 1282 375 1319 IV
394 1295 482 1332 pag.
496 1281 591 1323 343.
611 1282 685 1319 Bo-

27 1350 124 1375 ream
169 1336 420 1375 Athenienses
468 1337 685 1376 habuerunt

26 1406 214 1444 generum
259 1393 466 1431 Erechthei
517 1394 684 1447 indeque

25 1451 286 1495 nobilissimae
364 1449 686 1488 Erechthidarum

25 1509 133 1557 genti
153 1507 320 1544 affinem.
378 1510 460 1544 Hoc
483 1514 536 1544 est
560 1508 686 1558 κῆδος

24 1563 142 1611 illud,
172 1565 278 1600 cuius
309 1562 486 1614 deinceps
517 1571 554 1600 et
582 1563 684 1614 apud

23 1621 188 1657 Pausan.
209 1621 239 1667 Ι,
263 1621 312 1660 19
343 1621 380 1665 §.
416 1623 440 1661 6
461 1621 606 1656 mentio
627 1620 682 1659 fit.

24 1677 124 1714 Hinc
159 1683 261 1714 recte
299 1677 474 1713 observat
505 1677 682 1716 Perizon.

25 1732 75 1770 ad
89 1733 238 1770 Aelian.
259 1732 305 1772 V.
327 1734 377 1770 H.
397 1734 483 1780 XII,
507 1736 555 1773 61
588 1746 683 1769 voce

23 1790 208 1842 γαμβροῦ
240 1796 276 1825 et
299 1790 494 1839 κηδεστοῦ
523 1788 683 1826 indicari

26 1847 334 1898 qualemcunque
391 1844 533 1896 affinem
603 1846 683 1883 sive

23 1915 188 1951 generum
208 1902 287 1938 sive
314 1914 464 1939 socerum
487 1903 566 1939 sive
585 1915 681 1939 soro-

24 1960 74 1995 ris
84 1960 261 1996 maritum.
289 1959 348 1994 De
358 1965 562 1995 ventorum
576 1959 681 1995 cultu

23 2013 192 2066 Delphos
215 2013 466 2052 admonuerat
482 2016 681 2052 oraculum

23 2084 138 2122 supra
167 2072 250 2117 VII,
283 2073 378 2113 178.
436 2072 564 2123 Atque
584 2085 681 2109 ven-

23 2134 149 2165 torum
160 2140 265 2164 aram
281 2128 321 2164 iu
333 2129 535 2180 Sicyoniae
550 2135 682 2166 monte

22 2191 213 2222 memorat
234 2185 398 2222 Pausan.
427 2186 475 2233 ΙΙ,
500 2188 551 2226 12
582 2185 620 2231 §.
643 2188 681 2234 1,

23 2241 63 2277 in
84 2242 278 2278 Coroneae
306 2241 389 2279 foro
405 2243 474 2289 IX,
497 2240 550 2282 34
583 2243 620 2287 §.
641 2244 680 2290 2,

24 2295 127 2348 apud
145 2298 432 2349 Megalopolitas
452 2299 551 2346 VIII,
568 2300 621 2339 36
643 2299 680 2343 ξ.

22 2351 71 2400 43
110 2366 211 2406 quae
241 2355 363 2392 attulit
389 2354 575 2393 Valcken.
621 2355 681 2391 De

23 2408 158 2448 Boreae
188 2410 291 2447 cultu
328 2411 430 2462 apud
464 2410 681 2449 Athenien-

22 2479 80 2504 ses
100 2465 177 2505 vid.
207 2467 411 2504 Aelianum
437 2469 465 2505 l.
494 2469 521 2506 l.
550 2469 679 2520 ibique

22 2522 233 2574 interprett.
262 2522 427 2574 Hesych.
449 2537 478 2565 s.
498 2539 536 2562 v.
557 2526 678 2574 Βορε-

23 2581 143 2630 ασμοί
163 2581 180 2615 1
200 2592 289 2630 pag.
319 2579 400 2620 742
429 2581 514 2618 coll.
543 2581 678 2618 Ritter.

21 2635 202 2673 Vorhalle
243 2643 315 2673 etc.
351 2648 438 2686 pag.
472 2639 563 2676 176.
605 2636 677 2676 Cr.

23 2693 184 2730 conferri
213 2693 293 2730 vult
325 2693 477 2730 Platon.
512 2690 678 2730 Phaedr.

21 2761 60 2800 p.
90 2752 172 2790 229
191 2751 237 2788 Β.
269 2761 357 2800 pag.
382 2748 459 2789 194
479 2747 677 2787 Heindorf.

77 2807 300 2844 HERonoT.
329 2806 396 2842 ΠΙ.

740 942 948 986 Ruhnken.
972 942 1021 980 ad
1040 943 1145 980 Tim.
1165 955 1202 992 p.
1224 944 1306 983 222
1325 953 1402 993 seq.

742 1003 887 1039 Himer.
909 1014 947 1051 p.
973 1002 1053 1040 192
1074 999 1136 1036 erl.
1156 997 1401 1036 Wernsdorf.

743 1058 873 1095 Stuart
892 1057 1051 1108 Antiqq.
1072 1057 1116 1092 of
1140 1054 1282 1093 Athen.
1303 1068 1402 1091 vers.

742 1126 915 1164 german.
931 1111 1162 1164 (Darmstad.
1177 1114 1303 1161 1828)
1316 1112 1403 1148 Vol.

741 1172 759 1206 I
779 1183 866 1220 pag.
889 1172 941 1210 73
964 1176 1001 1206 et
1023 1171 1090 1209 83.
1109 1189 1166 1197 —
1199 1169 1275 1204 Pro
1295 1168 1403 1218 vulg.

739 1222 925 1278 Ἐρεχθῆ
937 1240 980 1272 ος
1025 1224 1115 1261 dedi
1157 1220 1311 1276 Ἐρεχθ
1324 1223 1371 1263 ἑο
1383 1239 1404 1271 ς

740 1283 914 1335 itemque
935 1295 1018 1332 cap·
1032 1284 1125 1322 191.
1159 1280 1319 1331 Πηλέος
1334 1293 1403 1331 pro

743 1341 921 1390 Πηλῆος.
942 1337 1044 1375 Add.
1061 1337 1160 1387 VIII,
1174 1336 1240 1377 44.
1254 1340 1320 1379 63·
1334 1337 1401 1378 75.

740 1397 809 1444 ΙΧ,
832 1398 898 1436 90.
930 1396 996 1436 97.
1017 1396 1086 1436 98.

798 1482 853 1531 ὥς
889 1478 1013 1533 φάτις
1051 1478 1256 1534 ὥρμηται]
1315 1480 1403 1518 Vid.

740 1548 837 1577 nott.
869 1539 917 1576 ad
936 1541 1003 1586 ΙΙΙ,
1025 1538 1079 1579 56
1111 1545 1148 1575 et
1169 1537 1218 1574 ad
1237 1538 1405 1574 formam

742 1592 1082 1647 συμβαλλεόμενοι
1102 1594 1204 1633 conf.
1239 1595 1302 1642 IV,
1339 1594 1402 1636 15.

741 1652 854 1698 Quod
903 1653 1074 1704 sequitur
1122 1650 1404 1701 ναυλοχέοντες

739 1711 861 1746 valet:
883 1711 1069 1745 stationem
1089 1707 1264 1755 habentes,
1278 1712 1401 1744 tenen-

740 1769 802 1813 tes,
824 1772 867 1802 ut
887 1765 967 1812 VH,
988 1767 1080 1816 192.
1100 1765 1202 1811 VIII,
1225 1766 1264 1804 6.
1285 1762 1403 1814 Apud

739 1821 983 1858 Herodotum
999 1818 1002 1821 ’
1019 1832 1148 1871 neque
1190 1815 1400 1870 ναύλοχος,

738 1885 782 1915 ut
802 1877 939 1916 Suidas
965 1877 1068 1924 vult,
1099 1889 1227 1928 neque
1258 1873 1404 1915 ναυλό-

736 1949 841 1986 χιον,
863 1932 967 1987 quod
981 1934 1021 1969 in
1033 1933 1166 1970 Glossa
1184 1931 1402 1969 Herodotea

737 1993 942 2043 exponitur
962 1988 1099 2041 λιμένα
1119 1985 1147 2040 ἦ
1171 1985 1324 2037 εὐδίαν,
1338 1989 1402 2025 in·-

736 2049 858 2086 veniri
899 2053 1002 2084 recte
1033 2046 1207 2085 observat
1239 2047 1401 2084 Wesse-

736 2105 833 2155 ling.

795 2178 968 2223 ἐθύοντό
1011 2195 1052 2220 τε
1102 2178 1170 2220 καὶ
1215 2178 1401 2220 ἐπεκαλέ-

741 2240 852 2288 οντο]
882 2240 958 2275 Pro
992 2234 1168 2278 ἐθύοντο
1201 2235 1398 2275 Schaefer.

739 2303 776 2334 et
795 2294 944 2343 Matth„
966 2307 1062 2347 quos
1091 2294 1263 2346 sequitur
1291 2293 1399 2330 Bek-

737 2351 837 2402 ker.‚
861 2366 910 2390 ex
928 2365 1008 2388 uno
1041 2352 1211 2387 Parisino
1241 2350 1338 2387 libro
1360 2348 1400 2389 ἕ-

736 2414 858 2450 θυον.
915 2410 960 2445 In
979 2408 1200 2444 Florentino
1223 2405 1308 2445 cod.
1333 2419 1399 2443 ex-

735 2473 809 2504 stat
839 2465 962 2506 ἔθυον
988 2459 1086 2503 τότε.
1133 2462 1220 2500 Vid.
1252 2462 1398 2501 Herod.

735 2525 816 2571 VII,
841 2525 918 2562 167
940 2519 1086 2572 (ibique
1106 2517 1219 2571 nott.)
1242 2521 1311 2567 IX,
1329 2521 1396 2559 33.

737 2582 804 2621 38.
840 2581 903 2619 10·
935 2579 998 2617 62·
1031 2577 1075 2624 V,
1107 2575 1174 2616 44.
1214 2573 1398 2625 Xenoph.

735 2636 860 2672 Anab.
880 2634 944 2679 VI,
977 2635 1004 2672 2
1034 2633 1071 2677 §.
1106 2634 1169 2672 19.
1217 2633 1291 2668 Ubi
1311 2644 1398 2667 me-

737 2691 844 2729 dium
873 2689 1033 2727 verbum
1054 2686 1125 2724 hac
1146 2688 1302 2726 notione
1326 2687 1397 2725 ad·-

735 2746 858 2785 hiberi
885 2744 1073 2783 videmus.

1067 2799 1120 2840 47
