1834 3258
428 183 906 221 POLYMNIA.

966 184 998 222 V
1009 184 1065 221 II.
1293 185 1378 226 525

117 293 366 351 ,,νομάδας,
403 289 730 348 στρατευόμεθα
760 293 960 347 ἅνδρας.“
1019 292 1144 348 Λέγει
1170 291 1377 349 Ἀρτάβα-

107 379 184 413 νος
205 361 327 416 μετὰ
367 365 523 405 ταῦτα·
584 356 662 413 ,ῘΩΙ
700 364 893 416 βασιλεῦ,
936 362 1028 405 ἐπεί
1055 377 1100 404 τε
1141 359 1377 417 ἀρρωδέειν

105 429 266 483 ,,οὐδὲν
295 429 366 487 ἐᾷς
393 435 594 486 πρῆγμα,
625 430 679 472 σύ
711 430 757 472 δέ
787 447 868 484 μευ
899 431 1169 486 συμβουλίην
1199 430 1374 482 ἔνδεξαι·

105 497 380 554 ,,οΞναγκαι’ως
408 496 492 552 γὰρ
525 496 607 552 ἔχει
636 497 737 549 περὶ
767 501 940 540 πολλῶν
960 496 1224 553 πρηγμάτων
1243 501 1375 541 πλεῦ-

77 573 99 607 Ξ
110 583 192 620 „voc
229 565 364 622 λόγον
395 566 591 609 ἐκτεῖναι.

666 569 813 621 Κῦρος
855 565 879 608 ὁ
921 566 1165 622 Καμβύσεω
1208 565 1375 623 Ἰωνίην

103 637 296 686 ,,πᾶσαν,
328 632 713 689 πλὴνἈθηναίων,
744 634 1062 687 κατεστρέψατο
1086 636 1375 691 δασμοφόρον
1388 643 1432 677 60

74 700 245 756 3,,εἶναι
277 701 484 759 Πέρσῃσι.
544 700 729 752 τούτους
760 695 823 744 ὦν
850 701 953 751 τούς
984 700 1148 754 ἄνδρας
1180 707 1375 760 συμβου-

106 770 246 823 ,,λεύω
275 787 343 814 τοι
373 772 559 826 μηδεμιῇ
588 772 758 825 μηχανῇ
789 767 908 824 ἄγειν
937 768 1007 812 ἐπὶ
1034 770 1138 822 τούς
1167 772 1374 827 πατέρας·

103 840 207 892 ,,καὶ
244 838 328 895 γοέρ
370 836 476 881 ἄνευ
516 837 686 881 τούτων
730 835 818 880 οἷοί
855 853 900 880 τε
931 837 1044 892 εἰμὲν
1082 843 1171 882 τῶν
1202 841 1375 896 ἐχθρῶν

74 907 443 961 4,,κατυπέρτεροι
472 908 684 961 γίνεσθαι.
743 905 773 960 ἢ
795 905 882 965 >γάρ
905 916 1054 961 σφεας,
1086 906 1141 962 ἢν
1170 907 1375 960 ἕπωνται,

102 977 197 1028 ,,δεῖ
237 973 530 1025 ἀδικωτάτους
565 975 791 1029 γίνεσθαι,
822 975 1264 1030 καταδουλουμένους
1294 976 1375 1033 τήν

101 1041 409 1099 ,,μητρόπολιν,
429 1041 458 1099 ἦ
479 1041 794 1094 δικαιοτάτους,
814 1047 1251 1098 συνελευθεροῦντας.
1282 1042 1374 1090 ἄδι·
1385 1050 1428 1084 65

284 1253 375 1304 eap.
404 1254 467 1292 LI.

102 1326 151 1369 σύ
179 1328 221 1370 δέ
258 1346 330 1383 μευ
361 1332 607 1384 συμβουλίην
641 1331 707 1373 ἕν-

46 1386 180 1435 δεξαι]
212 1389 238 1425 i.
271 1402 304 1426 e.
333 1388 414 1428 Iam
448 1394 488 1427 ΐιι
511 1402 620 1427 meum
649 1404 707 1427 sc—

46 1456 148 1493 quere
179 1446 373 1483 consilium.
432 1448 506 1484 Ubi
541 1460 639 1498 quae
659 1449 706 1484 sit

44 1501 98 1537 vis
118 1503 324 1551 particulae
357 1501 400 1542 δὲ
426 1505 467 1540 in
496 1505 707 1554 compella-

43 1558 219 1606 tionibus,
241 1560 553 1612 vixquemquam
574 1562 706 1611 fugiet.

43 1614 109 1651 Tu
129 1616 231 1653 conf.
261 1616 374 1654 Pind.
404 1619 556 1669 Olymp.
578 1619 644 1666 111,
666 1617 705 1658 4.

41 1671 209 1711 Ehnslei.
234 1672 282 1710 ad
303 1673 486 1725 Sophocl.
517 1675 612 1712 Oed.
635 1676 706 1712 Co-

40 1728 118 1766 lon.
150 1729 231 1770 507
260 1743 348 1781 pag.
387 1734 465 1772 166
495 1733 598 1784 Lips.
656 1734 706 1769 Et

40 1784 128 1822 vide
148 1785 291 1824 Herod.
314 1787 359 1835 V,
381 1786 448 1829 40.
486 1807 492 1812 ·

100 1899 255 1938 πλεῦνα
277 1896 392 1951 λόγον
406 1899 592 1949 ἐκτεῖναι]
612 1902 704 1949 „Sic

43 1955 172 2005 μῆκος
202 1954 369 1995 ἐκτεῖναι
410 1952 527 2010 λδγου
560 1959 705 2009 scripsit

41 2010 251 2062 Aeschylus
265 2013 447 2061 [Eumen.
462 2018 539 2056 188
547 2014 678 2064 Both]
693 2029 703 2064 ς

41 2064 186 2118 μείζον’
216 2067 384 2109 ἐκτεῖναι
410 2067 524 2122 λόγον
548 2071 705 2122 Sopho-

40 2124 115 2161 cles
132 2124 333 2174 [Trachin.
348 2127 429 2168 640
443 2129 576 2177 Βι·.].“
602 2129 662 2166 Va
674 2129 705 2165 l-

41 2180 166 2218 claen.
197 2183 291 2220 Mox
312 2197 400 2220 cum
425 2183 644 2236 Schweigh.
667 2193 704 2222 et

40 2238 157 2275 Gaisf.
175 2242 351 2278 revocavi
367 2236 612 2294 Ἀθηναίων,
634 2256 704 2279 cu-

38 2295 96 2331 ius
116 2295 200 2333 loco
222 2295 447 2335 Schaeferus
463 2328 473 2347 ‚
507 2313 621 2351 quem
642 2313 704 2336 se-

41 2351 170 2402 quitur
192 2352 417 2403 Bekkerus,
455 2355 503 2392 de
531 2370 600 2394 suo
633 2356 704 2393 de-

40 2406 147 2445 derat
165 2403 388 2461 Ἀθηνέων,
409 2426 499 2449 cum
511 2444 520 2462 ⁷
542 2421 585 2450 ut
604 2414 702 2450 bene

39 2465 190 2502 monuit
217 2467 410 2505 Letronne
449 2471 488 2506 in
527 2471 701 2510 Journal.

41 2520 78 2558 d.
101 2521 191 2561 Sav.
226 2525 333 2564 1817
362 2538 450 2575 pag.
481 2525 557 2575 46,
588 2527 700 2565 codd.

38 2578 150 2615 lectio
171 2586 347 2629 praestet,
376 2594 447 2618 nec
468 2584 626 2621 omnino
642 2591 702 2621 ta-

37 2634 82 2672 lis
102 2637 279 2673 transitus
300 2649 322 2673 a
341 2644 462 2674 terrae
481 2641 637 2676 nomine
655 2640 703 2677 ad

37 2693 161 2741 gentis
191 2694 485 2744 appellationem
523 2698 569 2734 sit
598 2697 704 2734 inso-

37 2748 147 2797 litus,
179 2757 222 2787 ut
243 2750 345 2801 apud
368 2752 479 2789 Dion.
513 2753 615 2790 Cass.
634 2752 702 2801 48,

37 2803 104 2853 41,
125 2805 227 2845 alibi.
285 2808 388 2846 Infra
408 2809 488 2858 Vll,
507 2811 560 2851 62
584 2810 701 2860 vulgo

764 1253 953 1304 Μηδείης
978 1255 1050 1304 τῆς
1082 1253 1277 1305 Κολχίδος
1300 1253 1338 1302 ἐξ
1356 1249 1428 1293 'A-

763 1310 945 1360 θηνέων,
1003 1311 1070 1347 ubi
1108 1312 1351 1348 Florentinus
1392 1318 1429 1348 et

763 1368 954 1404 Sanorofti
994 1368 1089 1404 liber
1121 1367 1160 1416 ἐξ
1185 1364 1428 1419 Ἀθηναίων,

763 1423 1006 1461 dissentiente
1027 1425 1236 1473 Pausanist,
1270 1426 1337 1477 qui
1362 1439 1429 1461 ea-

764 1480 853 1518 dem
878 1483 918 1517 in
947 1495 986 1517 re
1015 1483 1061 1530 ΙΙ7
1087 1485 1110 1522 3
1134 1484 1170 1528 ξ.
1193 1486 1218 1523 7
1239 1483 1368 1519 scribit
1388 1481 1429 1529 ἐξ

763 1534 957 1589 Ἀθηνῶν
995 1537 1128 1590 ἔφυγε.
1188 1540 1241 1576 At
1271 1541 1351 1587 VII,
1374 1541 1429 1579 90

765 1608 834 1646 pro
855 1594 1040 1632 mendoso
1059 1591 1428 1646 'Afiqvm'vaes-

763 1653 900 1702 seling,
933 1651 1168 1689 etValcken.
1190 1654 1287 1690 bene
1317 1653 1429 1690 resti-

763 1715 919 1746 tuerunt
940 1708 978 1756 ἐξ
994 1703 1226 1760 Ἀθηνέων.
1273 1709 1336 1746 Ad
1355 1722 1429 1746 vo-

764 1779 824 1802 ces
845 1767 1136 1816 κατεστρέψατο
1169 1762 1428 1818 δασμοφόρον

764 1819 904 1862 εἶναι
935 1823 1037 1859 conf.
1078 1824 1122 1870 V,
1150 1826 1250 1871 103,
1289 1824 1355 1860 ubi
1375 1823 1427 1860 si-

762 1880 861 1915 milis
878 1886 1065 1916 structura
1087 1886 1275 1917 enotatur.

820 1954 929 2009 ἄγειν
945 1956 1010 1997 ἐπὶ
1022 1955 1115 2004 τούς
1125 1958 1312 2011 πατέρας]
1337 1960 1427 2007 „Ex

760 2027 891 2061 more,
923 2027 998 2066 quo
1015 2019 1199 2064 parentes,
1233 2018 1300 2068 qui
1321 2017 1428 2053 colo-

761 2073 868 2108 niam
879 2070 1122 2108 deduxerunt
1133 2085 1143 2121 3
1164 2073 1276 2122 liberi,
1291 2075 1330 2110 in
1340 2086 1427 2110 effln

762 2129 961 2179 profecti.⁴‘
990 2128 1285 2179 lVesselz‘ng.,
1308 2132 1426 2168 citans

760 2187 892 2222 lustin.
913 2187 1059 2234 XXXI,
1092 2189 1131 2227 8.
1161 2187 1305 2224 Herod.
1326 2189 1426 2234 VIII,

761 2245 816 2282 22
837 2249 874 2279 et
902 2241 1048 2282 Duker.
1086 2242 1135 2279 ad
1166 2245 1268 2281 Flor.
1289 2246 1318 2289 Ι,
1341 2248 1364 2285 3
1388 2246 1426 2290 ξ.

761 2301 800 2339 9.
859 2301 925 2336 Tu
955 2300 1056 2336 conf.
1089 2301 1205 2337 etiam
1236 2302 1347 2338 allata
1375 2301 1425 2338 ad

758 2357 824 2404 ΙΙΙ,
850 2358 914 2397 19,
957 2358 1051 2393 Mox
1073 2355 1161 2394 dedi
1182 2355 1335 2398 τούτων
1354 2371 1422 2409 pro

759 2412 947 2452 τουτέων.
1005 2413 1067 2450 Ad
1109 2415 1222 2451 verba
1267 2411 1347 2454 οἶοί
1384 2430 1424 2454 τε

761 2467 869 2520 εἰμὲν
906 2471 1007 2507 conf.
1037 2470 1172 2508 Matth.
1198 2473 1263 2508 Gr.
1293 2473 1358 2508 Gr.
1380 2485 1419 2522 p.

760 2525 854 2566 414.
877 2526 959 2574 (Cr.
992 2526 1097 2564 addit
1118 2530 1274 2566 Homer.
1290 2527 1423 2578 Odyss.

759 2584 868 2630 XXI,
890 2586 970 2624 293
1002 2591 1038 2621 et
1067 2583 1239 2621 Eustath.
1268 2584 1360 2620 ibid.
1388 2591 1424 2621 et

761 2639 809 2676 ad
836 2653 933 2677 vers.
960 2640 1036 2681 195
1058 2655 1096 2691 p.
1117 2642 1210 2687 757,
1236 2643 1286 2680 16
1314 2653 1422 2692 seqq.

762 2695 822 2735 ed.
844 2697 986 2744 Basil.)
1019 2696 1123 2733 etad
1155 2709 1314 2733 omnem
1342 2699 1424 2733 He-

761 2753 886 2790 rodoti
917 2754 1145 2789 sententiam
1166 2753 1425 2791 Hoffineisteri

763 2810 949 2861 disputata
972 2810 996 2847 Ι.
1018 2810 1043 2846 l.
1071 2822 1158 2860 pag.
1183 2813 1236 2852 50
1255 2823 1336 2863 seq.
