1815 3181
376 215 459 254 130
776 194 1241 237 HERODOTI

379 338 464 378 μον
494 316 590 363 τότε
622 314 696 365 τὰς
722 309 935 366 Ἀθήνας,
981 302 1233 360 ὑπεγγύους
1276 297 1389 354 πλὴν
1425 292 1647 339 θανάτου.
1813 295 1815 342 1

379 391 594 446 φονεῦσαι
627 383 672 426 δὲ
704 377 868 429 αὐτούς
899 376 1013 430 αἰτίη
1045 373 1127 428 ἔχει
1154 366 1514 424 Ἀλκμαιωνίδας·
1546 362 1651 403 ταῦ-
1665 365 1710 398 ΞΟ
1814 351 1815 393 i

381 475 434 502 τα
465 454 549 508 πρὸ
580 455 653 506 τῆς
689 443 1008 500 Πεισιστράτου
1037 440 1202 498 ἡλικίης
1232 435 1413 492 ἐγένετο.
1814 397 1815 468 i

253 532 319 576 ΤΔ
465 519 710 575 Κλεομένης
751 515 797 559 δὲ
847 512 905 564 ὠς
942 509 1126 566 πέμπων
1154 506 1350 561 ἐξέβαλλε
1392 497 1654 543 Κλεισθένεα

49 599 173 628 ”fidnm
186 597 325 653 Pef'me·
385 593 459 638 καὶ
490 587 596 640 τούς
626 584 825 641 ἐναγέας,
860 578 1128 633 Κλεισθένης
1158 574 1236 630 μὲν
1268 567 1402 619 αὐτός
1431 561 1653 618 ὑπεξέσχε·

50 644 117 666 nes.
138 634 284 667 Isaoome

50 668 325 730 ἕξξῑξξξὲῑξᾟξέθ-
384 659 491 717 μετὰ
521 656 568 700 δὲ
599 653 731 698 οὐδὲν
759 646 898 708 ἧσσον
919 651 1069 703 παρῆν
1099 646 1141 696 ἐς
1170 642 1245 693 τὰς
1267 635 1454 694 Ἀθήνας
1478 631 1502 677 ὁ
1525 633 1658 674 Κλεο-

53 736 326 802 Αῑῗιὲῗῖἰὲὲῗὲι,.η-
385 729 537 785 μένης»
569 720 624 767 0²³
653 720 738 765 σὺν
767 717 930 776 μεγάλῃ
961 715 1094 772 zuei·
1135 707 1398 763 ἀπικόμενος
1426 701 1474 746 δὲ
1502 697 1717 756 ‹ima-2⁵

333 909 434 942 certe
466 900 635 937 multum
665 888 925 943 distinguendi
952 889 1000 926 ab

332 963 400 1008 iis,
435 970 531 1010 quos
566 960 720 1006 postea,
750 950 911 986 florente
938 959 1002 983 re-

332 1017 487 1070 publica
497 1013 635 1057 Atfica,
646 1009 719 1046 hoc
734 1007 893 1044 nomine
906 1016 1003 1041 con—

335 1076 484 1113 stitutos
499 1069 716 1107 invenimus
727 1071 878 1102 senatus
889 1073 1004 1112 prae-

336 1131 447 1177 sides,
470 1127 518 1165 de
539 1126 689 1179 quibus,
710 1135 760 1159 ne
780 1121 903 1172 plura,
923 1116 1002 1155 vid.

338 1190 381 1226 C.
414 1188 459 1224 F.
493 1186 704 1221 Hermann.
736 1180 763 1216 l.
795 1179 821 1214 l.
853 1178 890 1222 §.
924 1176 1004 1215 127

338 1251 420 1283 not.
441 1242 467 1285 5
487 1254 595 1293 seqq.

397 1300 511 1351 οἵπερ
550 1292 770 1346 ἔνεμον]
813 1291 839 1326 i.
870 1301 904 1325 e.
945 1287 1010 1336 qui

340 1358 527 1407 regebant,
566 1348 891 1393 administrabant,
930 1355 1008 1396 quo

342 1414 482 1453 eodem
500 1424 613 1449 sensu
630 1407 794 1445 verbum
821 1401 957 1454 νέμειν
976 1401 1006 1447 l,

344 1474 412 1514 59.
469 1470 578 1506 Unus
614 1466 709 1503 liber
740 1461 910 1512 ἔνειμον,
945 1458 1009 1493 alii

345 1527 556 1579 ἐνέμοντοτ
588 1530 796 1571 utriunque
816 1517 930 1554 male.

401 1577 628 1635 ὑπεγγύους
658 1574 764 1628 πλήν
802 1568 1007 1619 θανάτου]

346 1644 372 1679 i.
394 1655 429 1678 e.
459 1640 595 1678 iudicio
620 1640 653 1674 et
679 1645 812 1686 poenae
850 1631 1013 1668 obnoxios

347 1697 496 1748 except&
546 1695 673 1745 capitis
708 1687 839 1742 poena.
908 1687 1014 1732 Quae

349 1751 602 1806 Thucydides
614 1751 640 1787 l.
651 1750 677 1786 l.
692 1749 745 1784 sic
757 1745 865 1783 effert
880 1756 889 1780 :
915 1738 1017 1782 οἶνοι-

353 1807 567 1862 στήσαντες
599 1804 643 1846 δὲ
679 1799 847 1849 αὐτοῦς,
889 1795 950 1850 ἐφ’
984 1793 1017 1853 ᾦ

353 1865 479 1922 μηδὲν
511 1863 639 1906 κακὰν
664 1857 903 1911 ποιήσουσι,
932 1858 959 1893 i.
984 1869 1018 1892 e.

354 1940 397 1964 ea
418 1926 494 1974 lege
522 1927 554 1961 et
578 1919 772 1959 conditione
803 1914 1019 1964 (cumillis,

355 1983 435 2021 scil.
456 1988 499 2018 nt
518 1983 717 2029 surgerent
737 1985 878 2024 araque
899 1970 1023 2008 disoe-

360 2039 506 2084 dorent,
529 2031 828 2088 persuasissent)
860 2032 900 2065 ut
928 2026 1024 2064 nullo

358 2096 453 2134 malo
487 2093 733 2144 afficerentur.
792 2086 956 2132 Quibus,
982 2089 1026 2119 ut

360 2151 509 2190 Dukeri
536 2156 621 2185 utar
646 2145 791 2191 verbis,
821 2144 857 2179 T
863 2139 1027 2191 hucydi—

364 2209 430 2247 des
450 2206 650 2256 significat,
672 2215 736 2238 eos
755 2200 921 2236 noluisse
940 2208 1028 2232 sur—-

365 2278 454 2317 gere
475 2264 547 2300 nisi
567 2265 722 2310 accepta
742 2255 818 2293 fide
840 2254 887 2291 de
916 2255 1029 2289 inco-

365 2322 560 2368 lumitate,
600 2328 717 2370 quam
747 2321 877 2350 tamen
898 2315 1029 2361 postea

366 2379 549 2417 violatam
583 2387 662 2411 esse
689 2371 881 2407 novimus.
930 2367 1030 2403 Plu-

368 2433 489 2474 tarch.
524 2434 562 2469 in
589 2431 722 2469 Solon.
757 2439 840 2476 cap.
866 2423 1029 2464 12⁶init.

369 2505 457 2545 pag.
481 2490 534 2532 84
549 2490 597 2525 Α.
616 2484 831 2535 Megaclem
851 2478 1032 2517 Archon-

372 2558 452 2587 tem
471 2548 542 2584 illis
563 2542 787 2596 persuasisse
806 2538 933 2576 scribit
967 2533 1033 2575 ἐπὶ

376 2607 468 2660 δίκῃ
490 2603 713 2645 κατελθεῖν,
734 2599 759 2633 i.
773 2609 806 2632 e.
822 2598 863 2632 ut
881 2606 916 2630 se
936 2591 1034 2629 iudi-

377 2665 431 2700 cio
459 2662 638 2705 sisterent,
691 2655 738 2692 de
774 2651 1037 2689 incolumitate

1057 882 1225 923 reddidit
1254 881 1386 919 Valla:
1424 876 1516 913 data
1544 872 1623 924 fide
1650 881 1721 920 pu-

1057 942 1182 981 niendi
1216 953 1272 977 eos
1312 938 1405 974 citra
1438 934 1592 970 mortem.
1646 925 1723 962 Ubi

1057 993 1288 1052 ὑπεγγύους
1315 1005 1395 1030 non
1426 989 1477 1026 ad
1509 977 1724 1033 τοῖςἈθη-

1059 1072 1133 1103 νας
1160 1053 1228 1092 sed
1266 1050 1316 1088 ad
1361 1043 1530 1092 τούτους
1566 1045 1724 1093 spectat.

1060 1115 1147 1151 Vox
1168 1109 1349 1163 ἐχέγγυος
1367 1104 1483 1143 simili
1500 1103 1542 1138 in
1560 1113 1602 1136 re
1622 1094 1726 1148 apud

1062 1168 1246 1221 Sophocl.
1284 1163 1419 1213 Oedip.
1459 1159 1596 1196 Colon.
1630 1152 1725 1200 275,

1062 1229 1129 1265 ubi
1150 1224 1252 1264 conf.
1281 1224 1520 1270 interpretes.

1264 1313 1358 1363 Cap.
1377 1306 1539 1347 LXXII.

1121 1391 1326 1444 ὑπεξέσχε]
1348 1391 1372 1427 i.
1389 1403 1424 1425 e.
1445 1387 1538 1425 clam
1557 1380 1728 1425 discessit,

1065 1467 1101 1492 se
1120 1451 1278 1499 sustulit,
1298 1456 1342 1486 ut
1351 1447 1416 1494 Vl,
1432 1443 1501 1486 74.
1520 1440 1621 1486 VIII,
1637 1439 1730 1478 132·

1065 1511 1189 1548 Paulo
1217 1514 1306 1545 ante
1335 1504 1424 1542 dedi
1452 1498 1632 1551 ἐξέβαλλε
1661 1504 1730 1544 pro

1066 1567 1244 1619 ἐξέβαλε,
1285 1563 1333 1601 de
1364 1573 1441 1614 quo
1466 1556 1542 1596 vid.
1563 1558 1661 1612 nott.
1684 1547 1734 1587 ad

1067 1626 1114 1672 V,
1158 1626 1227 1664 70.
1259 1622 1355 1658 Mox
1381 1615 1527 1655 restitui
1556 1612 1684 1662 ἧσσον
1713 1618 1737 1642 a

1071 1679 1280 1720 Schaefero
1314 1677 1418 1713 libris
1447 1670 1575 1709 invitis
1606 1670 1738 1704 muta-

1070 1747 1156 1777 tum
1176 1739 1216 1773 in
1238 1734 1367 1781 ἕσσον,
1396 1730 1580 1780 idemque
1598 1723 1673 1760 feei
1690 1719 1739 1766 V,

1073 1797 1141 1838 86.
1175 1796 1268 1834 103.
1296 1791 1362 1838 VI,
1394 1789 1489 1829 123.
1520 1782 1604 1828 VII,
1628 1782 1679 1820 10
1701 1778 1740 1823 ᾗ.

1074 1852 1115 1893 4.
1142 1852 1226 1897 VII,
1259 1849 1324 1890 18.
1351 1847 1434 1885 213
1458 1841 1546 1880 coll.
1575 1837 1623 1885 V,
1646 1835 1740 1881 102,

1077 1909 1144 1946 ubi
1190 1908 1230 1943 in
1280 1904 1446 1941 lectione
1496 1891 1740 1944 ἑσσώθησαν

1080 1977 1214 2003 omnes
1235 1961 1454 2013 conspirant
1471 1955 1558 1992 libri
1571 1954 1743 2000 itemque

1079 2023 1125 2070 V,
1159 2022 1252 2062 118.
1286 2020 1379 2058 119.
1415 2015 1477 2061 VI,
1499 2015 1539 2053 9.
1559 2011 1627 2050 92.
1651 2005 1744 2045 108.

1080 2080 1164 2126 VII,
1189 2078 1282 2117 142.
1301 2074 1396 2115 153.
1419 2068 1512 2111 154.
1534 2066 1625 2107 166.
1647 2061 1745 2102 237.

1083 2137 1135 2172 At
1154 2135 1218 2181 VI,
1240 2131 1294 2172 52
1316 2143 1337 2166 e
1368 2123 1562 2165 Sancrofti
1582 2121 1679 2158 libro
1700 2128 1745 2153 ao

1084 2193 1304 2229 Florentino
1333 2184 1486 2236 reposui
1520 2174 1648 2230 ἧσσον
1674 2185 1746 2225 pro

1084 2249 1190 2297 vulg.
1213 2244 1342 2291 ἕσσον,
1361 2249 1397 2278 et
1408 2241 1490 2287 VII,
1506 2238 1583 2278 129
1606 2248 1626 2271 e
1643 2234 1747 2271 San·-

1086 2305 1198 2344 crofti
1236 2302 1332 2339 libro
1376 2305 1414 2335 et
1451 2293 1608 2333 Aldina.
1683 2285 1748 2325 Ad

1085 2362 1202 2401 verba
1229 2359 1364 2410 παρῆν
1393 2354 1432 2401 ἐς
1467 2350 1537 2398 τοὶς
1573 2342 1749 2398 Ἀθήνας

1086 2417 1188 2456 conf.
1209 2422 1306 2453 nott.
1327 2412 1377 2450 ad
1403 2413 1433 2459 1,
1463 2412 1530 2450 21.
1587 2406 1647 2442 De
1675 2401 1749 2439 Cli.

1087 2475 1205 2513 sthene
1234 2472 1305 2510 Cr.
1337 2471 1563 2507 Ciceronem
1594 2470 1750 2515 quoque

1090 2531 1253 2570 conferri
1273 2528 1367 2566 vult.
1406 2527 1465 2562 De
1484 2525 1605 2571 Legg.
1624 2519 1673 2565 11,
1696 2516 1751 2555 16

1092 2591 1129 2636 §.
1171 2587 1220 2628 41
1260 2587 1351 2637 ibiq.
1379 2584 1543 2620 G'o'renz.
1572 2590 1611 2627 p.
1659 2573 1754 2613 165.

1152 2641 1201 2684 ου’
1238 2641 1314 2682 σύν
1353 2634 1502 2692 μεγάλῃ
1539 2630 1665 2686 χειρὶ]
1703 2621 1754 2667 οὗ

376 2725 488 2771 pacta
515 2725 644 2753 tacens
661 2743 671 2761 ,
703 2722 820 2763 quam
849 2710 927 2758 ipse
958 2707 1040 2742 No-
1096 2713 1279 2740 omissum
1300 2696 1402 2749 apud
1422 2691 1531 2733 Suid.
1553 2704 1582 2727 s.
1602 2702 1640 2726 V.
1660 2682 1756 2738 οἷγη-

379 2783 454 2814 ster
484 2773 627 2811 indicat
658 2768 714 2806 his
736 2766 885 2804 verbis:
916 2760 1041 2813 ὖπεγ-
1098 2763 1181 2798 λατ.
1216 2765 1253 2794 et
1283 2755 1438 2795 ἐπίστια
1471 2749 1541 2799 (Τ.
1561 2748 1580 2783 Ι
1599 2759 1636 2796 p.
1659 2745 1713 2784 27
1725 2742 1755 2792 ),

380 2827 502 2885 γύους
520 2827 624 2880 πλην
646 2820 842 2870 θανάτου,
871 2832 968 2873 quae
989 2820 1042 2856 ita
1099 2828 1197 2868 quae
1222 2812 1263 2851 h.
1290 2814 1316 2849 l.
1343 2817 1386 2847 ut
1413 2809 1458 2855 V,
1487 2807 1540 2846 73
1580 2802 1759 2840 <licuntur
