1834 3258
531 228 830 265 ERATO.
889 228 963 265 VI.

1303 228 1387 267 389

131 337 420 394 ἀναλαβόντες
448 337 495 381 ἐκ
524 336 761 394 τῆςζνήσου
789 338 835 380 ἐν
870 340 923 393 τῇ
945 336 1094 379 ἔλιπον
1122 336 1175 379 τὰ
1207 336 1249 388 ἐξ
1274 335 1388 391 Ἐρε-

124 409 242 463 τρίης
272 404 550 460 ἀνδράποδα,
582 405 855 456 περιέπλωον
873 402 1094 456 Σούνιον,
1125 403 1389 460 βουλόμενοι

123 477 312 531 φθῆναι·
342 469 447 523 τούς
483 470 747 527 Ἀθηναίους
797 471 1055 527 ἀπικόμενοι
1090 472 1133 523 ἐς
1178 472 1225 516 τό
1264 471 1388 516 ἄστυ.

93 541 239 595 Ξαίτίη
268 539 315 582 δὲ
342 539 434 595 ἔσχε
473 539 521 582 ἐν
546 538 817 595 Ἀθηναίοισι
853 540 896 592 ἐξ
919 539 1286 594 Ἀλκμαιωνιδέων
1314 547 1444 596 gwy-95

118 610 250 665 χανῆς
280 605 441 658 αὐτοὺς
461 610 598 650 ταῦτα
626 608 932 664 ἐπινοηθῆναι·
963 605 1150 658 τούτους
1180 608 1264 664 γὰρ
1287 621 1387 652 συν·

118 674 331 730 θεμένους
382 679 496 720 τοῖσι
541 675 740 732 Πέρσῃσι
779 674 984 728 ἀναδέξαι
1029 673 1212 731 οἷσπίδα,
1262 677 1386 721 ἐοῦσι

61 863 285 927 recipiente&
305 867 348 897 ut
366 860 523 911 exponit
534 858 676 911 Schwg
678 858 719 897 h.

60 919 252 965 reficiens,
298 930 397 969 quae
431 918 533 968 prius
563 917 720 954 dederat

58 977 98 1013 in
109 978 256 1026 puppim
284 977 520 1023 remcgantes,
550 981 594 1010 ut
614 973 719 1010 idem

58 1031 139 1067 fere
170 1039 265 1068 esset
292 1038 407 1082 atque
434 1028 502 1070 ἐπὶ
528 1027 719 1081 πρύμνην

60 1083 428 1140 ἀνακρουσάμενοι,
457 1093 500 1123 ut
527 1088 628 1135 VIII,
650 1084 718 1127 84.

60 1144 140 1182 Sed
161 1145 310 1181 obstant
328 1140 379 1182 τιὶ
401 1140 596 1193 ἅφλαστα,
620 1155 719 1195 quae

59 1214 180 1238 manu
194 1201 316 1238 tenuit
331 1200 577 1251 Cynaegirus,
598 1212 720 1251 quae-

59 1271 136 1310 que
154 1259 195 1294 in
213 1259 334 1308 puppi
352 1258 466 1294 fuisse
485 1256 602 1293 modo
618 1255 721 1293 dixi-

59 1327 160 1352 mus.
216 1316 315 1351 Hinc
334 1315 433 1351 bene
454 1314 668 1351 Gronovius
683 1320 721 1350 et

36 1371 360 1421 ‘Wesselingiusz
400 1371 549 1408 navibus
575 1371 720 1408 caeteris

59 1429 298 1474 inhibuerunt,
328 1435 371 1465 ut
400 1428 531 1464 Cicero
551 1428 722 1479 loquitur

61 1484 112 1521 ad
130 1485 212 1522 Att.
231 1485 336 1532 XIII,
357 1487 424 1531 21,
455 1484 504 1521 ad
525 1498 642 1535 quem
660 1484 721 1520 lo-

61 1555 152 1579 cum
171 1542 323 1579 Ernesti
341 1542 381 1577 in
403 1541 507 1578 Clav.
530 1542 607 1578 Cic.
630 1555 660 1578 s.
683 1554 720 1577 v.

61 1612 83 1634 e
99 1592 283 1636 Gronovii
303 1599 485 1636 Observv.
504 1599 569 1646 IV,
586 1601 637 1638 21
662 1597 722 1634 af-

58 1655 146 1703 fert,
183 1655 336 1692 z'nhz'bere
368 1657 472 1691 ‘remis
497 1653 603 1691 idem
642 1667 721 1691 esse

60 1719 174 1764 atque
183 1707 374 1764 πρύμναν
382 1712 443 1748 vel
456 1710 520 1750 ἐπὶ
532 1706 721 1761 πρύμναν

59 1764 292 1821 κρούεσθαι.
329 1767 519 1804 Addimus
537 1767 722 1815 hocloco,

61 1824 167 1877 quod
196 1823 412 1861 Herodotus
437 1831 559 1873 tacet,
589 1823 722 1861 Thar-

60 1883 215 1931 sippum
250 1881 341 1925 vel,
390 1887 432 1917 ut
461 1882 525 1917 alii
552 1880 721 1928 tradunt,

61 1938 247 1975 Eucleem
254 1938 425 1988 primum
434 1938 612 1974 victoriae
622 1950 722 1973 nun-

64 1995 161 2032 tium
189 1992 361 2031 Athenas
402 1995 587 2042 attulisse,
629 2006 722 2045 quas

62 2063 195 2102 pugna
240 2049 402 2088 vixdum
445 2051 551 2086 finita
588 2057 722 2100 petens

62 2121 174 2145 cursu
195 2108 331 2155 citato,
369 2107 436 2143 ubi
466 2106 632 2154 advenit,
661 2108 723 2144 vi-

59 2165 220 2202 ctoriam
240 2165 440 2200 enuntians
458 2170 632 2200 mortuus
643 2177 722 2200 esse

58 2221 190 2259 fertur.
248 2221 359 2258 Conf.
391 2219 585 2258 Plutarch.
616 2221 652 2257 II
681 2233 723 2272 p.

62 2276 143 2319 347
166 2279 208 2314 C.

118 2333 225 2383 αἰτίη
258 2331 300 2373 δὲ
336 2333 450 2384 ἔσχε]
492 2331 722 2381 „Plutarchi

61 2390 173 2427 lectio
195 2391 249 2437 (ΙΙ
267 2404 305 2440 p.
328 2393 408 2432 862
430 2392 492 2440 C.)
524 2390 656 2440 αἰτίην
676 2387 720 2429 δὲ

63 2446 178 2498 ἔσχον
192 2445 298 2494 mihi,
312 2453 354 2483 ut
365 2448 457 2495 aliis,
473 2448 640 2497 genuina
659 2447 721 2484 vi·-

65 2502 235 2551 deretur,
285 2504 357 2539 nisi
399 2502 461 2541 hic
499 2510 720 2555 sequeretur

64 2556 224 2607 αὐτούς.
244 2560 387 2598 Αίτίαν
409 2558 521 2610 ἔχειν,
549 2567 594 2597 ut
608 2573 720 2611 saepe

65 2616 167 2668 apud
184 2618 275 2653 alios
289 2646 298 2664 ‚
341 2616 443 2666 apud
469 2615 719 2653 Plutarchum

67 2675 180 2710 etiam
208 2672 394 2723 significat
422 2673 514 2718 dici,
546 2674 723 2722 perhiberi

66 2731 101 2765 Π
126 2744 164 2781 p.
196 2733 277 2771 803
311 2730 353 2766 C.
389 2732 468 2770 807
498 2730 544 2764 E·
574 2729 655 2769 850
676 2731 721 2766 B.

66 2786 146 2827 959
165 2788 211 2823 Ε.
235 2785 341 2826 1134
356 2787 402 2822 B.
418 2785 495 2822 vid.
509 2786 722 2823 casaubon.

67 2840 107 2879 in
125 2842 266 2880 Athen.
280 2844 338 2880 IX
358 2856 396 2894 p.
419 2844 501 2884 639
531 2855 561 2880 s.
587 2844 722 2884 3683.

778 859 898 909 [Add.
921 873 942 897 a
959 860 994 897 C'
1004 874 1032 898 r.
1053 859 1229 897 laudatus
1242 857 1442 897 Heindorf.

777 917 826 954 ad
860 919 1012 954 Platon.
1044 918 1162 967 Gorg.
1184 919 1221 962 ξ.
1256 919 1333 956 126
1354 929 1443 967 pag·

778 973 880 1022 194,
921 975 987 1010 ubi
1018 974 1151 1012 αἰτίαν
1183 973 1284 1024 ἔχειν
1307 973 1347 1008 111
1368 974 1443 1009 bo—

774 1043 868 1066 nam
890 1043 1044 1082 quoque
1065 1029 1265 1066 adhibetur
1281 1036 1441 1079 partem,

775 1087 946 1139 itemque
973 1086 1185 1125 αἰτιοῖσθαι
1216 1087 1295 1122 aliis
1316 1086 1443 1134 locis]

775 1144 860 1180 Mos
871 1145 1028 1180 usitatus
1043 1141 1234 1179 scribendi
1253 1142 1328 1178 illio
1342 1155 1443 1194 quo-

778 1213 853 1251 que
873 1200 1048 1236 substitui
1061 1200 1189 1249 potuit
1210 1197 1443 1236 Herodoteo.

777 1255 890 1303 Quod
919 1257 999 1293 aliis
1032 1255 1220 1292 diceretur
1248 1254 1381 1294 αἰτίαν
1403 1254 1443 1294 ἕ·-

777 1325 921 1380 χουσιν
933 1308 1242 1362 Ἀλκμαιωνίὸαι
1284 1326 1440 1360 φονευ-

778 1381 843 1410 σαι
867 1364 1018 1416 αὐτους
1038 1370 1100 1407 vel
1118 1384 1189 1408 τον
1212 1363 1344 1418 φόνου
1369 1364 1442 1407 αὔ·-

776 1429 857 1466 τῶν
877 1426 934 1476 (ut
951 1424 1441 1477 Aeschyl.Eu111en.582)

776 1483 817 1520 id
844 1483 1042 1520 Herodoto
1074 1482 1212 1520 dicitur
1243 1483 1442 1532 φονεῦσαι

778 1535 928 1587 αὕτοῦς
946 1540 1053 1590 αἰτίη
1079 1539 1156 1590 ἔχει
1178 1535 1442 1589 Ἀλκμαιωνί-

778 1598 850 1643 δας
868 1598 915 1645 V,
938 1600 1005 1645 71,
1026 1603 1069 1633 ut
1090 1609 1173 1647 cap.
1194 1598 1248 1635 70
1274 1596 1370 1643 [ubi
1390 1596 1439 1631 cf.

776 1655 895 1703 nott]
926 1650 996 1692 τὸν
1015 1651 1241 1703 Κλεομένεα
1264 1648 1342 1702 εἶχε
1376 1650 1440 1690 αἰ-

777 1711 843 1761 τίη
863 1713 1024 1759 φοιτᾶν.
1055 1709 1119 1747 Ad
1137 1711 1248 1746 istam
1262 1721 1440 1745 normam

779 1767 914 1805 ordine
933 1780 1002 1804 suo
1034 1765 1098 1803 hic
1118 1767 1234 1804 verba
1260 1764 1441 1802 collocari

778 1830 1005 1875 potuerant:
1055 1823 1161 1872 αἰτίη
1189 1820 1232 1860 δὲ
1263 1821 1348 1872 ἔσχε
1368 1816 1441 1859 av’-

776 1896 871 1927 τους
900 1879 998 1931 (ἐν)
1027 1874 1290 1929 Ἀθηναίοισι
1314 1892 1440 1916 ταυτα

777 1936 1062 1986 ἐπινοηθῆναι,
1082 1934 1184 1972 istud
1205 1935 1439 1984 excogitasse

777 1991 1076 2044 perhibebantur
1105 1990 1208 2042 apud
1223 1989 1439 2029 Athenien-

777 2063 836 2087 ses
871 2048 911 2097 ἐξ
942 2044 1277 2099 Ἀλκμαιωνιδέων
1313 2062 1439 2098 μηχα-

777 2108 866 2156 νῆς.
925 2104 1119 2142 Plutarchi
1144 2111 1275 2141 tamen
1304 2104 1440 2140 lectio-

777 2176 881 2210 nem,
898 2163 930 2198 si
947 2161 1096 2199 codices
1114 2162 1357 2212 praeberent,
1377 2174 1440 2197 re·-

778 2219 988 2271 ciperem.“
1033 2218 1262 2256 Valcken‚
1310 2218 1439 2269 Atque

777 2274 991 2313 Larcherus
1030 2288 1186 2327 quoque
1243 2273 1439 2311 Plutarchi

778 2333 942 2384 praefert
962 2333 1180 2370 lectionem.
1202 2333 1336 2382 Neque
1347 2343 1439 2368 vero

776 2388 873 2427 mihi
891 2388 1126 2426 sollicitanda
1143 2387 1294 2426 videtur
1304 2388 1438 2437 vulga-

775 2453 837 2494 ta,
880 2447 987 2483 cuius
1014 2447 1100 2483 loco
1128 2446 1169 2481 iu
1203 2445 1437 2491 Florentino,

775 2502 969 2551 mediceo,
1023 2503 1103 2539 aliis
1153 2501 1332 2552 αἰτίην
1383 2498 1438 2539 δὲ

777 2559 935 2610 ἔσχεν.
977 2581 1029 2587 --
1073 2557 1136 2595 Ad
1168 2557 1439 2607 ἐπινοηθῆναι

777 2617 880 2654 conf.
900 2614 1036 2653 Matth.
1058 2617 1124 2652 Gr.
1150 2616 1217 2651 Gr.
1238 2627 1326 2664 pag.
1343 2616 1438 2653 930.

775 2672 1072 2710 Alcmaeonidas
1094 2672 1197 2707 enim
1218 2676 1347 2706 narrat
1357 2671 1439 2704 He-

776 2729 932 2767 rodotus
971 2743 1022 2766 ex
1070 2727 1280 2777 composito
1316 2726 1439 2762 Persis

778 2800 901 2838 quum
928 2786 1006 2821 Iani
1034 2786 1074 2821 in
1103 2784 1263 2820 navibus
1302 2788 1436 2829 essent,

778 2844 957 2896 clypeum
963 2840 1162 2894 (tanquam
1172 2840 1344 2891 signum)
1354 2851 1438 2876 sus-
