1851 3181
413 219 497 259 432
810 216 1272 254 HERODOTI

416 327 568 381 ,,φέρει
597 324 650 367 τοὶ
680 323 839 380 ἥμερα,
872 324 1030 380 ἀρετήν
1057 341 1103 368 τε
1134 324 1267 380 ἄκρη,
1307 324 1477 381 βασιλέϊ
1503 339 1548 367 τε
1576 323 1681 380 μού-

320 397 353 441 6
412 410 499 450 ,,νῳ
532 397 708 476 θνητῶν
737 392 832 449 ἀξίη
863 393 1108 448 έκπῆσθαιέι
1173 397 1322 436 Ταῦτα
1361 393 1407 436 δὲ
1437 393 1572 447 ἔλεγε,
1613 390 1686 434 οἶα

134 462 197 556 ξιξ
195 462 286 522 11311118.
283 461 361 497 111111ν
418 477 546 505 νεωτε
536 461 641 514 ’ρων
661 460 802 516 ἔργων
840 459 1109 516 ἐπιθυμητής
1139 460 1244 513 ἐῶν,
1275 461 1349 504 καὶ
1377 462 1522 503 θέλων
1552 458 1686 510 αὐτὸς

169 563 207 589 ad
158 530 322 590 ”arentiam
278 538 314 564 1111
318 538 335 556 e
344 533 498 590 Ξτῆς
523 527 729 579 Ἑλλάδος
755 527 951 584 ὕπαρχος
981 525 1106 570 εἶναι.
1163 528 1308 585 χρόνῳ
1339 529 1385 573 δὲ
1413 527 1676 583 κατεργάσα-

82 568 303 658 ΞΞΞΞᾸΜἩ
307 606 339 625 11·
416 597 463 641 τό
504 613 549 640 τε
585 597 658 640 καὶ
698 595 894 639 ἀνέπεισε
935 597 1116 650 Ξέρξεα,
1173 596 1281 640 ὥστε
1329 597 1495 640 ποιέειν
1528 602 1685 639 ταῦτα·
1697 604 1743 638 80

415 666 624 721 συνέλαβε
653 664 737 720 γοὶρ
767 665 840 707 καὶ
871 662 979 707 ἄλλα
1010 666 1054 707 οἱ
1095 662 1296 720 σύμμαχα
1325 663 1537 719 γενόμενα
1567 665 1609 715 ἐς
1637 664 1686 708 τὸ

387 735 655 777 ὅπείθεσθαι
687 733 862 786 Ξέρξεα.
921 737 1053 776 τοῦτο
1085 732 1186 787 μὲν,
1226 730 1312 774 ἀπὸ
1341 735 1417 788 τῆς
1449 733 1687 788 Θεσσαλίης

414 801 535 857 παροὶ
565 805 654 844 τῶν
680 799 943 844 Ἀλευαδέων
973 799 1201 855 ἀπιγμένοι
1230 798 1404 855 ἄγγελοι
1432 799 1683 844 ἐπεκαλέον-

414 887 465 914 το
495 870 701 928 βασιλέα,
730 874 878 913 πᾶσαν
898 870 1151 926 προθυμίην
1179 865 1490 924 παρεχόμενοι,
1520 867 1589 912 ἐπὶ
1603 867 1684 924 τὴν
1743 867 1823 909 508
1849 862 1851 864 ’

83 464 151 489 eta

82 495 134 522 Pi

83 531 146 556 0110

360 1085 460 1120 Actt.
488 1080 596 1134 phin.
616 1081 790 1117 Monacc.
810 1079 829 1114 I
848 1090 934 1129 pag.
956 1080 1025 1120 78.

360 1139 547 1178 Valcken.
586 1137 663 1174 huc
702 1137 849 1173 confert
881 1137 1027 1185 Metopi

361 1198 478 1234 verba
494 1194 596 1246 apud
619 1194 829 1231 stobaeum
850 1206 888 1242 p.
911 1195 949 1239 7,
974 1194 1022 1230 11

367 1255 420 1303 [Ι.
450 1252 502 1293 64
522 1254 606 1289 init.
627 1252 677 1287 T.
699 1251 715 1285 Ι
737 1263 776 1300 Ρ.
799 1249 851 1290 25
874 1248 1027 1296 Gaisffl.

361 1306 539 1360 Αάοοῖξίη
560 1306 640 1349 vid,
653 1305 791 1344 Matth.
812 1307 878 1343 Gr.
901 1306 968 1345 Gr.
988 1306 1024 1351 ξ.

365 1370 446 1409 368
462 1373 544 1404 not.

603 1454 697 1505 Cap.
719 1452 782 1491 VI.

418 1532 620 1584 νεωτέρων
650 1531 809 1586 ε’ργων]
845 1529 934 1569 Vid.
968 1530 1025 1567 ci-

363 1599 442 1630 tata
470 1591 518 1628 ad
539 1592 584 1639 V,
610 1593 659 1631 19
682 1597 718 1627 et
729 1589 775 1626 de
787 1601 882 1627 voce
895 1584 1027 1638 ὕπαρ-

364 1664 432 1701 χος
451 1654 548 1685 nott.
571 1647 619 1684 ad
638 1647 683 1694 V,
705 1646 772 1687 25.
819 1647 876 1681 De
898 1644 1025 1681 dativo

363 1702 494 1759 χρόνῳ
539 1705 760 1741 monuimus
798 1701 848 1739 ad
885 1702 951 1749 ΠΙ,
974 1702 1026 1740 13

363 1763 452 1801 coll.
477 1762 522 1809 V,
544 1764 610 1802 77.

421 1813 733 1869 κατεργάσατο]
804 1811 1026 1864 Schweigh.

364 1875 460 1913 haec
491 1876 583 1911 olim
610 1875 663 1911 ita
695 1873 954 1918 intellexerat,
984 1876 1027 1906 ut

365 1928 633 1970 subaudiret&
669 1926 874 1982 ἐβούλετοε
914 1926 1028 1978 perfe-

367 1992 436 2037 cit,
468 2002 556 2039 quae
573 1988 708 2032 voluit5
748 1985 815 2023 sed
833 1991 965 2037 postea
987 1985 1029 2020 in

366 2047 463 2083 Lex.
503 2043 647 2081 Herod.
678 2056 769 2080 eum
798 2044 840 2079 in
866 2040 1029 2078 modum

367 2104 648 2152 interpretatur,
677 2102 785 2147 vicit,
806 2099 1030 2152 esrpugnavit

368 2157 533 2206 Xerxem,
555 2158 666 2195 verbis
682 2170 712 2194 s.
731 2157 892 2207 precibus
900 2154 1028 2205 factis,

370 2215 494 2267 quibus
514 2217 547 2251 ei
558 2215 757 2264 persuasit,
786 2216 827 2249 ut
857 2219 930 2248 etc.
979 2211 1030 2246 Et

368 2272 534 2309 conferri
559 2271 640 2308 vult
668 2267 849 2319 Xenoph.
877 2269 1031 2303 Memo—

369 2329 474 2365 rabb.
494 2329 591 2375 11,3‚
606 2328 671 2366 16.
692 2324 835 2362 Herod.
852 2325 921 2372 IX,
937 2324 1029 2362 108.

367 2384 464 2421 Mihi
483 2395 694 2435 sanequam
713 2379 942 2419 tantundem
969 2380 1030 2415 vi-

369 2441 504 2489 detur,
556 2447 683 2476 utram
714 2439 881 2490 sequaris
910 2438 1030 2472 inter-

368 2471 635 2551 pretationem.
668 2518 709 2523 —
731 2494 794 2531 Ad
804 2488 953 2531 verba
931 2504 1029 2530 ωστε

370 2554 522 2595 ποιέειν
555 2568 679 2592 ταυτα
700 2551 801 2590 conf.
831 2547 1026 2594 Mattl1.§.

372 2612 467 2659 531,
489 2615 516 2652 2
535 2623 624 2662 pag.
638 2611 744 2650 1038
766 2614 803 2644 et
828 2605 875 2643 ad
895 2617 1032 2643 vocem

373 2665 562 2720 σύμμαχα
594 2668 634 2703 in
663 2678 770 2718 seqq.
800 2670 896 2701 nott.
918 2662 967 2700 ad
986 2662 1032 2710 V,

372 2725 537 2832 6ὄπαρα
547 2794 627 2818 των
635 2774 910 2825 Ἀλευαδέων]
931 2775 1034 2820 Quos

374 2836 528 2874 eosdem
558 2850 653 2882 τους
681 2829 854 2873 Ἀλεύεω
889 2832 1036 2878 παῖδας

1082 1083 1194 1115 vocat
1229 1078 1310 1126 VII,
1356 1080 1447 1118 130.
1501 1075 1744 1115 Aleuadarum

1082 1146 1176 1184 gens
1185 1135 1421 1171 nobilissima
1434 1147 1554 1186 eaque
1566 1135 1743 1171 vetustis-

1082 1192 1178 1227 sima
1197 1192 1367 1228 Larissae
1387 1192 1509 1242 viguit
1526 1204 1596 1241 per
1615 1188 1744 1227 Thes-

1082 1248 1216 1284 saliam
1243 1247 1446 1286 dominans
1472 1254 1587 1298 atque
1608 1247 1743 1297 opibus

1084 1302 1299 1356 divitiisque
1328 1305 1542 1350 excellens,
1581 1316 1745 1354 quarmn

1077 1362 1248 1411 ipsarum
1275 1360 1415 1411 cupido
1447 1361 1532 1397 illos
1553 1359 1602 1396 ad
1622 1361 1745 1396 Grae-

1079 1430 1142 1454 cos
1158 1416 1377 1467 prodendos
1396 1416 1588 1467 perduxit,
1609 1417 1640 1453 si
1654 1429 1745 1454 vera

1078 1472 1234 1511 tradidit
1253 1473 1473 1510 Athenaeus
1493 1474 1568 1509 XII
1586 1487 1627 1524 p.
1649 1473 1746 1514 527.

1080 1531 1138 1567 Ac
1159 1532 1275 1582 primi
1293 1532 1349 1567 illi
1369 1531 1604 1567 Graecorum
1623 1542 1663 1566 se
1674 1528 1745 1566 de-

1083 1586 1222 1625 derunt
1241 1589 1385 1635 Xerxi,
1424 1594 1520 1624 teste
1548 1584 1745 1623 Herodoto

1080 1645 1164 1691 VII,
1187 1646 1279 1684 130.
1313 1647 1405 1684 172.
1435 1645 1504 1691 ΙΧ,
1535 1644 1602 1684 57.
1633 1644 1745 1683 PauS.

1081 1701 1164 1747 VII,
1188 1703 1239 1740 10
1267 1699 1462 1751 iidemque
1492 1706 1622 1750 postea
1649 1698 1746 1735 Phi-

1081 1757 1176 1808 lippi
1207 1756 1428 1794 Macedonis
1449 1756 1560 1793 rebus
1575 1756 1746 1792 maxime

1082 1814 1217 1850 favisse
1231 1820 1446 1854 narrantur.
1502 1815 1560 1849 De
1585 1810 1645 1849 his
1673 1826 1744 1862 pe-

1083 1871 1215 1907 culiari
1225 1871 1428 1920 scriptione
1447 1867 1620 1906 disseruit
1631 1870 1747 1907 Butt-

1083 1940 1215 1965 mann.
1227 1928 1268 1963 in
1291 1928 1510 1964 Comment.
1522 1926 1651 1963 societ.
1665 1938 1746 1976 reg.

1084 1984 1212 2023 Berol.
1235 1984 1327 2020 anni
1351 1986 1455 2024 1822
1478 1979 1628 2035 (1823)
1657 1995 1746 2033 pag.

1085 2040 1167 2081 246
1216 2053 1322 2093 seqq.
1380 2040 1543 2091 Reliqua
1601 2037 1748 2076 dabunt

1085 2095 1294 2134 Ruhnken.
1315 2095 1363 2133 ad
1373 2096 1526 2133 Timaei
1536 2097 1633 2132 Lex.
1647 2096 1747 2134 plat.

1085 2166 1174 2204 pag.
1194 2157 1261 2194 22.
1291 2151 1565 2190 VVachsmuth.
1595 2153 1749 2189 Hellen.

1084 2208 1456 2247 Alterthumskunde
1485 2210 1515 2255 I,
1549 2211 1567 2247 1
1593 2221 1630 2258 Ρ.
1655 2208 1748 2249 151.

1085 2268 1132 2314 ΙΙ,
1154 2280 1193 2317 p.
1205 2268 1300 2307 218.
1313 2266 1405 2306 375.
1428 2265 1471 2303 G.
1482 2266 1523 2302 F.
1535 2265 1748 2303 Hermann.

1085 2324 1236 2360 Hellen.
1276 2319 1552 2360 Staatsalterth.
1587 2322 1625 2366 ξ.
1667 2323 1748 2362 178

1085 2386 1166 2417 not.
1188 2382 1213 2420 9
1234 2392 1314 2430 seq.
1339 2379 1370 2417 C
1376 2392 1406 2415 r.
1428 2378 1592 2415 conferri
1611 2377 1748 2414 volue-

1086 2443 1143 2472 rat
1177 2434 1327 2472 Gedike
1349 2434 1396 2471 ad
1417 2436 1569 2472 Platon.
1589 2435 1747 2471 Menon.

1086 2490 1140 2543 (p.
1162 2495 1216 2532 70
1236 2494 1280 2528 B.
1301 2506 1339 2542 p.
1362 2492 1442 2533 325
1471 2489 1619 2539 Bekk.)
1657 2503 1696 2540 p.
1722 2491 1748 2530 9

1086 2556 1122 2585 et
1151 2549 1216 2599 (p.
1238 2551 1292 2590 78
1313 2548 1391 2597 D.)
1419 2562 1458 2599 p.
1480 2551 1533 2589 26
1555 2545 1616 2584 ed.
1634 2547 1748 2583 Butt-

1088 2618 1220 2642 mann.
1250 2607 1412 2641 Kort'tim
1442 2617 1510 2641 zur
1530 2600 1748 2640 Geschicht.

1090 2663 1238 2701 Hellen.
1265 2662 1542 2698 Staarsversass.
1573 2672 1662 2710 pag.
1692 2659 1746 2698 78

1090 2732 1196 2770 seqq.
1228 2716 1442 2755 Schneider
1476 2716 1525 2753 ad
1554 2714 1748 2754 Aristotel.

1090 2776 1204 2815 Polit,
1221 2775 1350 2812 V01.11
1371 2788 1406 2824 p.
1425 2772 1506 2813 494
1521 2784 1626 2823 seqq.
1654 2771 1748 2806 Mox

1090 2831 1221 2882 scripsi
1251 2830 1413 2882 βασιλέα
1447 2841 1516 2880 pro
1554 2828 1748 2879 βασιλῆας
