1815 3181
399 215 485 255 326
798 213 1261 252 HERODOTI

402 321 562 374 ,,αυ’τὸς
582 320 604 365 ὁ
623 320 830 375 Ἀρίστων
852 319 908 364 ου’
935 321 1040 374 μετὰ
1062 321 1227 366 πολλὸν
1247 321 1425 379 χρόνον,
1459 321 1518 374 ὥς
1537 321 1664 381 ἀνοίῃ
1678 331 1722 365 80

401 392 477 443 ,,τό
509 392 610 440 ἔπος
640 389 814 445 ἐκβάλοι
843 394 985 432 τοῦτο.
1026 390 1183 445 λόγους
1213 391 1258 434 δὲ
1289 390 1448 442 ἄλλους
1477 392 1573 446 περὶ
1600 408 1667 447 γε·

402 459 574 512 ,,υέσιος
594 461 670 512 τῆς
698 461 889 500 σεωυτοῦ
929 457 987 512 μὴ
1019 458 1162 501 δέκεο·
1202 459 1254 501 τοὶ
1285 460 1365 514 γὰρ
1397 459 1667 516 ἀληθέστατα

351 525 569 579 11,,πάντα
600 523 806 582 ἅκήκοας.
853 526 899 568 ἐκ
921 525 966 569 δὲ
989 524 1253 581 ὀνοφορβῶν
1284 527 1402 586 αὐτῷ
1432 544 1474 571 τε
1498 532 1667 571 Λευτυ-

403 595 526 650 ,,χίδῃ
557 593 630 636 καὶ
659 599 772 636 τοῖσι
793 598 931 637 ταῦτα
958 594 1134 649 λέγουσι
1170 596 1356 637 τίκτοιεν
1395 597 1439 637 αἱ
1466 601 1668 650 γυναῖκες

281 658 345 702 ἵθ
404 665 630 713 ,,παῖδας.“
683 659 742 703 ‘H
765 662 844 716 μὲν
874 662 927 718 δὴ
955 666 1093 704 ταῦτα
1123 661 1246 717 ἔλεγε.
1300 661 1349 704 Ὁ
1371 663 1435 713 δὲ,
1476 662 1725 719 πυθόμε-ὃὸ

72 722 198 783 ΡΓἾΠΜῘΠ
216 722 308 781 ΨΜ
403 730 480 780 νός
518 746 562 773 τε
592 729 645 772 τοὶ
675 728 899 786 ἐβούλετο,
943 730 1018 774 καὶ
1050 729 1201 773 ἐπόδια
1230 729 1396 781 λαβὼν,
1439 730 1669 786 ἐπορεύετο

72 761 140 796 [vo-{t
158 757 234 796 Zac)
244 758 346 796 utha-m

71 792 311 853 {ffiffss‘gdu'b‘ffi
317 799 346 818 ¹¹¹
404 798 447 848 ἐς
469 793 616 840 ςΗλιν·
646 801 707 853 τῷ
737 796 853 854 λόγῳ
887 797 994 853 φὰς,
1037 796 1096 848 ὥς
1136 797 1178 848 ἐς
1203 797 1418 853 Δελφοὺς,
1448 799 1662 856 χρησόμε-

399 882 477 916 νος
517 869 577 922 τῷ
615 867 881 922 χρηστηρίῳ,
927 864 1170 919 πορεύεται.
1229 866 1571 921 Λακεδαιμόνιοι
1611 868 1668 916 δὲ,

72 858 286 894 ῐίυωῐτ3,ι“.εἰῑ,
308 867 327 886 a.

74 901 132 932 quo
142 893 343 920 honorificen—

401 933 753 990 ὑποτοπηθέντες
770 933 1036 990 Δημάρητον
1059 936 1236 990 δρησμῷ
1266 933 1524 989 ἐπιχειρέειν,
1557 936 1673 980 ἐδίω-

71 926 188 987 ξιεείωε
199 928 310 963 excipi-

87 968 130 987 ur.

347 1130 514 1168 tribuere
554 1128 716 1167 debebat
759 1143 1009 1167 communem

351 1187 584 1237 opinionem.
607 1188 793 1224 Poscebat
805 1188 873 1224 sibi
886 1186 956 1224 hoc
974 1194 1011 1223 et

349 1239 572 1293 πιθανότης
592 1251 628 1280 et
640 1239 758 1295 ἦθος,
780 1245 917 1296 quibus
931 1245 1013 1281 vir-

351 1300 493 1336 tutibus
533 1301 675 1337 clarent
714 1302 845 1338 Musae
886 1303 1013 1338 Hero-

353 1355 527 1395 doteae.“

411 1411 464 1459 ὥς
494 1408 611 1468 ἀνοίῃ
641 1410 686 1453 τό
721 1411 815 1459 ἔπος
850 1408 1014 1464 ἐκβάλοι

352 1471 497 1519 τοῦτο]
519 1472 564 1507 Iu
582 1471 758 1521 proxime
778 1469 1014 1507 anteceden-

351 1527 451 1564 tibus
467 1540 533 1578 pro
547 1523 662 1573 αὐτὸς
683 1526 703 1566 ὅ
719 1522 910 1578 Ἀρίστων
920 1528 1013 1565 Val-

353 1582 575 1621 ckenaerius
602 1585 713 1621 scribi
731 1585 878 1621 mavult
899 1582 918 1622 ὁ
939 1579 1014 1622 αὕ-

352 1636 414 1686 τὸς
470 1637 665 1694 Ἀρίστων
724 1648 766 1677 ut
814 1642 860 1677 sit
918 1641 1010 1677 idem

352 1696 486 1735 Aristo.
550 1699 656 1734 Libri
695 1711 776 1734 non
815 1696 1010 1743 addicunt,

354 1766 519 1805 quorum
541 1753 753 1791 eorundem
784 1767 832 1790 ex
853 1755 1012 1791 auctori-

352 1817 430 1847 tate
461 1813 613 1861 reposui
644 1824 733 1847 cum
753 1818 912 1850 recentt.
950 1810 1016 1850 ἑκ-

355 1862 473 1917 βάλοι
491 1881 560 1918 pro
602 1863 798 1919 ε’κβάλλοι,
830 1868 1015 1918 probante

354 1922 654 1972 Valckenaerio‚
702 1925 768 1976 qui
806 1924 912 1961 idem
950 1936 1019 1975 pro

356 1975 474 2033 ἀνοίῃ
489 1981 647 2030 (stolide)
659 1981 864 2031 praeferret
876 1975 1019 2035 οἷγνοίῃ

356 2036 418 2086 (ex
438 2039 608 2088 inscitia)
627 2037 684 2074 his
705 2037 881 2075 adiectis:
904 2039 1021 2085 „Ari-

355 2094 454 2130 stoni
476 2093 621 2131 dictum
657 2093 922 2145 imprudenter
950 2108 1012 2130 ex-

358 2149 501 2187 ciderat
549 2146 692 2205 οἷγνοίῃ
740 2152 804 2188 vel
852 2146 1018 2203 οἷϊδρηΐῃ

355 2208 565 2255 ignoranti,
597 2206 701 2258 quod
721 2208 783 2245 vel
804 2220 852 2243 ex
871 2209 1020 2243 Home-

356 2275 399 2299 ro
421 2262 563 2300 discere
583 2265 776 2314 potuisset‚
806 2262 1020 2314 Eurysthea

357 2318 541 2357 Sthenelo
574 2326 710 2356 natum
740 2327 900 2356 canente
930 2315 1020 2371 η’λι-

356 2372 530 2426 τὸμηνον
566 2372 703 2421 ἐόντα,
743 2389 834 2413 cum
864 2377 976 2412 matri
998 2374 1021 2415 o‘

359 2431 529 2483 ἕβδομος
550 2429 720 2484 εἱστήκει
743 2433 840 2483 μείς.
883 2434 1021 2469 Postea

359 2489 499 2539 Agidi,
549 2491 655 2526 cuius
696 2503 818 2526 uxore
857 2490 1021 2525 Timaea

360 2547 475 2596 paulo
526 2546 748 2583 familiarius
804 2545 1020 2583 Alcibiades

358 2602 485 2640 fuerat
513 2615 626 2650 usus,
676 2603 798 2639 simile
828 2601 921 2654 quid
941 2602 1020 2639 filio

360 2666 449 2696 nato
471 2658 632 2707 dicenti,
664 2655 783 2698 ἅνοια
803 2659 927 2709 potius
943 2660 1020 2695 im-

362 2718 486 2765 putari
516 2717 679 2767 potuit-‘⁶
738 2714 839 2760 Quid
868 2728 938 2752 usu
959 2715 1020 2752 di—

361 2779 459 2809 stent
489 2770 608 2812 ἅνοια
638 2779 674 2809 et
698 2769 860 2823 ἄγνοια,
882 2771 1021 2808 eodem

362 2828 546 2866 Valcken.
563 2831 799 2876 observante,
820 2842 841 2865 e
861 2830 1019 2868 Lucian.

1064 1131 1122 1166 De
1147 1129 1326 1168 sacrifice.
1357 1130 1398 1166 in
1417 1130 1485 1167 fin.
1505 1132 1592 1168 satis
1612 1137 1729 1182 patet.

1066 1187 1194 1238 Atque
1229 1185 1492 1223 Valckenaerii
1545 1187 1731 1224 emenda-

1068 1245 1212 1280 tionem
1223 1245 1380 1294 arripuit
1394 1244 1444 1281 Sc
1450 1242 1605 1291 haefer„
1614 1257 1732 1296 quem

1068 1299 1204 1337 Matth.
1223 1307 1372 1337 secutus
1395 1307 1461 1338 est.
1518 1302 1596 1337 Nos
1616 1300 1728 1340 codd.

1071 1357 1337 1394 auctoritatem
1374 1370 1464 1394 cum
1504 1355 1726 1408 Schweigh.

1071 1421 1108 1450 et
1129 1413 1246 1450 Gaisf.
1267 1414 1603 1465 sequimaluimus.
1623 1413 1732 1450 Bek-

1069 1469 1153 1507 ker.
1181 1469 1285 1507 dedit
1306 1467 1448 1525 ἄγνοίῃ
1468 1471 1640 1523 itemque
1671 1484 1731 1521 cp.

1070 1530 1124 1568 70
1153 1521 1424 1579 ἀπαιρέονται.
1454 1526 1636 1580 ἐκβαλεῖν
1657 1527 1732 1578 ἔπη

1070 1583 1209 1620 eodem
1256 1597 1369 1621 sensu
1417 1583 1514 1622 dixit
1552 1583 1732 1635 Aeschyl.

1066 1642 1234 1691 Agamn.
1269 1643 1375 1681 1672
1413 1641 1546 1689 [1653
1568 1641 1732 1690 Blomf.]

1069 1705 1110 1734 ut
1130 1704 1237 1734 notat
1256 1696 1441 1735 Valcken.

1289 1799 1381 1850 Cap.
1401 1800 1526 1837 LXX.

1128 1863 1271 1908 ἐπόδια
1304 1863 1468 1918 λαβών]
1521 1867 1634 1904 conf.
1668 1867 1733 1915 IV,

1076 1927 1158 1965 203
1181 1927 1217 1960 et
1239 1922 1288 1960 ad
1317 1926 1373 1978 τῷ
1402 1921 1507 1978 λόγῳ
1545 1925 1587 1960 in
1626 1936 1734 1976 seqq.

1077 1981 1178 2019 conf.
1200 1981 1245 2028 V,
1267 1983 1334 2021 20.

1132 2034 1460 2087 ’ὑποτοπηθέντες
1485 2037 1503 2085 ]
1563 2036 1735 2074 Verbum

1076 2093 1251 2131 medium
1309 2094 1430 2130 activa
1487 2093 1736 2143 significatio-

1075 2164 1127 2187 ne
1202 2152 1339 2187 Noster
1420 2147 1594 2186 adhibuit
1664 2150 1734 2196 IX,

1078 2209 1171 2247 116.
1228 2205 1331 2243 Add.
1372 2204 1565 2256 Aristoph.
1604 2204 1735 2243 Thes-

1075 2261 1209 2312 moph.
1235 2260 1332 2310 464,
1363 2263 1430 2298 ubi
1461 2261 1592 2299 Schol.
1613 2275 1737 2314 expo-

1074 2326 1173 2355 nunt
1218 2316 1434 2366 -ύπονοεῑν,
1492 2317 1736 2359 ’ὑποπτεύειν

1079 2374 1302 2425 (suspectum
1332 2375 1498 2425 habere).
1529 2378 1627 2413 Rau.
1654 2377 1735 2416 909

1077 2430 1193 2470 Both.
1242 2433 1287 2468 In
1307 2445 1413 2484 seqq.
1436 2431 1484 2469 ad
1505 2429 1736 2484 ἐπιδιαβάν-

1077 2503 1139 2535 τες
1153 2519 1162 2536 ,
1195 2489 1300 2525 cuius
1321 2489 1406 2525 loco
1426 2490 1467 2526 iu
1487 2490 1656 2540 pluribus
1668 2501 1738 2525 ex-

1077 2552 1149 2582 stat
1179 2541 1410 2597 ἒπιβάντες,
1442 2546 1543 2582 conf.
1563 2545 1627 2592 IV,
1646 2547 1737 2585 122.

1076 2603 1170 2638 Mox
1191 2615 1280 2639 cum
1303 2600 1523 2652 Schweigh.
1553 2608 1590 2639 et
1619 2601 1738 2638 Gaisf.

1077 2658 1179 2696 edidi
1209 2653 1340 2697 αὐτῶν
1374 2655 1631 2707 ἅπαιρέοντο,
1671 2657 1736 2695 ubi

1077 2716 1141 2751 alii
1183 2711 1328 2762 αὐτοῦ,
1368 2715 1431 2751 alii
1460 2710 1732 2766 ἀπαιρέονται.

1078 2772 1189 2809 Conf.
1210 2773 1366 2809 Homer.
1383 2771 1427 2809 ΙΙ.
1441 2772 1470 2820 1,
1493 2771 1586 2812 175.
1597 2768 1732 2809 Matth.

1078 2830 1144 2865 Gr.
1175 2829 1242 2865 Gr.
1275 2829 1312 2874 ξ.
1334 2828 1427 2874 418,
1467 2829 1534 2880 qui
1563 2825 1735 2864 exhibuit
