1897 3249
436 242 1092 281 TERPSICHORE.
1150 244 1198 281 V.
1422 245 1451 284 3

188 351 471 409 ἐπιχειρέουσι
502 352 546 396 οἱ
576 352 790 403 Παίονες,
820 351 894 395 καὶ
923 349 1086 396 πολλόν
1111 368 1156 395 τε
1185 350 1445 409 ἐκράτησαν,

100 415 131 459 2
188 420 260 465 καὶ
289 419 437 465 ἔλιπόν
467 430 615 476 σφεων
650 419 834 476 ὀλίγους.

899 419 962 463 To?
993 419 1072 474 μὲν
1102 419 1155 476 δή
1185 418 1272 463 ἀπὸ
1306 420 1445 464 Παιό-
1502 409 1757 479 ftssffqiffl‘ia‘c'zi'

1504 477 1671 505 maritimos
1703 480 1740 514 [c.

185 504 277 532 νων
315 487 532 541 πρότερον
567 486 779 544 γενόμενα
818 482 902 531 οἶδε
940 487 1129 542 ἐγένετο·
1168 488 1265 531 τότε
1295 488 1341 532 δὲ
1372 485 1444 532 ἄν·
1505 511 1558 546 1⁰-J
1573 511 1712 539 adoritur
1730 521 1780 540 eo-

187 545 528 603 δρῳζνῄᾴγᾳθῶν
556 544 1064 601 ,ῃερὶηῑῆςψέλευθερίης
1092 544 1336 600 γινομένων
1359 550 1449 590 τῶν
1507 553 1634 576 ‘um‘ffle
1648 546 1739 573 ²³¹¹¹¹¹¹¹

1506 587 1543 606 ex
1560 581 1619 608 alio
1635 580 1781 614 populum

189 614 509 669 Περινθίων,οἱ
531 615 700 667 Πέρσαι
724 629 769 656 τε
790 613 865 656 καὶ
886 610 910 657 ὁ
928 612 1188 669 Μεγάβαζος
1217 613 1446 671 ἐπεκράτη-
1505 613 1634 648 ῖΠΨθῐῙῡ
1652 614 1764 642 Persa·

1503 655 1569 674 rum
1593 647 1723 675 subiicit.

157 688 273 726 Ξσαν
301 682 473 740 πλήθεϊ.
521 680 583 732 ὥς
621 681 667 725 δὲ
706 680 918 737 ἐχειρώθη
947 679 976 736 ἦ
1006 681 1250 736 Πέρινθος,
1285 681 1505 739 ἤλαυνε25

129 867 224 905 adeo
266 875 388 906 exstat
421 868 672 907 nmom'oamz
714 869 787 905 nisi

127 932 334 978 utrumque
372 923 446 962 hoc
481 938 501 961 e
531 926 623 962 vitio
651 931 786 961 natum

129 983 341 1030 existimes,
390 995 479 1019 cum
519 995 630 1029 sane,
680 981 786 1034 quod

127 1052 206 1076 non
245 1039 343 1090 fugit
376 1039 702 1089 Wesseliugium,
735 1040 786 1075 li-

126 1095 278 1149 quidior
297 1093 542 1147 παρήχησις,
575 1097 605 1133 si
636 1094 784 1133 dederis

125 1168 199 1192 παι
211 1168 241 1192 ω
252 1153 386 1192 νίσασι
434 1166 551 1205 quam
599 1167 672 1192 παι
684 1168 708 1191 α
719 1153 782 1192 νί-

127 1221 229 1249 σασι.
287 1210 345 1247 Αο
375 1209 513 1247 dicitur
540 1223 631 1247 sane
657 1225 784 1249 παιω-

127 1266 249 1313 νίζειν
279 1274 393 1319 atque
424 1268 647 1314 παιανίζειν
675 1267 783 1303 nullo

126 1323 410 1373 significationis
451 1323 688 1371 discrimine,
743 1330 786 1360 ut

127 1379 176 1417 ad
195 1379 416 1432 Thucydid.
445 1383 475 1429 I,
508 1381 561 1422 50
589 1381 786 1418 annotavit

126 1435 324 1474 Dukerus:
372 1451 449 1489 quo
481 1445 612 1475 tamen
648 1437 785 1475 eodem

126 1494 210 1530 loco
230 1496 473 1545 nuperrimus
503 1494 624 1532 editor
652 1502 786 1532 monet

62 1589 64 1591 ,
125 1552 288 1601 optimos
326 1564 498 1603 quosque
528 1552 643 1589 libros
673 1550 786 1588 exhi-

126 1608 215 1644 ber(²
255 1609 526 1655 παιωνίζεινς
566 1622 664 1661 quae
694 1622 785 1646 sane

126 1665 248 1715 magis
287 1666 443 1717 antiqua
482 1665 658 1703 videatur
706 1679 786 1703 esse

125 1721 264 1758 forma.
301 1722 368 1759 Tu
388 1723 490 1760 conf.
510 1736 599 1774 pag.
624 1721 702 1764 147
724 1722 785 1760 ed.

125 1778 296 1816 Gervini.
344 1778 408 1816 Ad
428 1781 554 1831 ipsum
572 1781 648 1817 loci
669 1793 786 1831 argu-

125 1843 302 1872 mentum
361 1837 581 1889 oraculique
630 1841 786 1874 sensum

125 1892 224 1929 bene
243 1892 538 1943 intelligendum
558 1892 632 1931 hoc
651 1901 786 1930 tenea-

125 1961 232 1985 mus:
276 1947 469 1999 duplicem
509 1950 612 2000 apud
639 1958 787 1987 veteres

126 2004 241 2041 fuisse
269 2018 477 2055 paeanem,
526 2007 689 2042 alterum
722 2007 788 2058 qui

127 2067 215 2097 ante
242 2074 415 2112 pugnam
441 2064 481 2099 in
509 2063 640 2100 Martis
660 2061 788 2099 hono-

125 2130 207 2154 rem
225 2119 451 2167 canebatur,
474 2119 648 2168 alterum,
668 2119 788 2171 probe

126 2175 173 2211 ab
212 2172 286 2212 hoc
327 2174 651 2224 discernendum,
719 2177 786 2228 qui

124 2238 210 2282 post
255 2245 430 2283 pugnam
479 2239 584 2283 parta
625 2234 785 2270 victoria

124 2289 296 2339 Apollini
327 2290 546 2326 canebatur.
605 2291 671 2327 Tu
691 2289 782 2338 vid„

124 2358 174 2381 ne
193 2346 324 2397 plura,
359 2348 593 2398 Wesseling.
616 2346 664 2384 ad
686 2348 783 2384 Dio—

125 2400 206 2439 dor.
229 2403 347 2440 Sicul.
367 2404 472 2451 XIII,
496 2406 561 2445 16.

181 2458 249 2498 καὶ
285 2456 430 2499 πολλόν
474 2474 515 2499 τε
560 2455 784 2512 ἐκράτησαν

125 2514 192 2554 καὶ
214 2511 349 2556 ἕλιπόν
374 2529 508 2566 σφεων
538 2512 724 2569 ὀλίγους]
755 2519 783 2555 i.

127 2585 160 2609 e.
190 2585 354 2622 magnam
379 2587 408 2611 s.
431 2573 649 2624 splendidam
675 2576 785 2611 victo-

123 2630 216 2666 riam
249 2633 471 2680 reportarunt
499 2644 698 2681 paucosque
730 2644 785 2668 eo-

124 2698 203 2723 rum
234 2685 538 2734 (Perinthiorum
558 2689 663 2737 scil.)
687 2686 784 2738 fece-

125 2745 208 2778 runt
226 2742 390 2792 reliquos.
447 2745 547 2780 Nam
570 2743 704 2792 σφέων
735 2743 784 2782 ad

125 2798 340 2837 Perinthios
361 2806 542 2852 spectare,
564 2802 628 2839 vix
643 2814 784 2853 quem-

127 2866 243 2904 quam
269 2856 380 2907 fugit.
447 2858 522 2894 Pro
558 2855 706 2897 πολλόν
742 2859 783 2894 in

845 867 1037 904 Sancrofti
1056 867 1152 904 libro
1181 875 1302 905 exstat
1332 872 1503 918 πολλῶν,

844 923 949 976 quod
985 937 1065 960 non
1107 924 1314 961 absurdum
1354 925 1505 963 videtur

842 982 1100 1031 VVesselingio
1113 982 1160 1018 ob
1174 994 1409 1034 consequens
1419 979 1504 1023 ὀλί-

841 1053 959 1091 γους,
998 1039 1068 1074 nisi
1121 1037 1223 1089 apud
1262 1039 1502 1077 Herodotum

840 1096 963 1131 multo
1004 1095 1169 1132 crebrius
1210 1103 1305 1132 esset
1343 1094 1504 1145 πολλὸν,

842 1151 948 1203 quod
979 1152 1107 1202 ipsum
1131 1151 1395 1190 Herodoteum
1427 1168 1505 1191 esse

843 1210 904 1257 (ut
918 1205 1068 1248 πολλὸν
1091 1205 1331 1260 ἑσσώθησαν
1343 1211 1388 1258 V,
1405 1212 1504 1260 102)

842 1273 944 1302 recte
965 1268 1094 1303 statuit
1124 1265 1324 1315 Valcken„
1365 1281 1503 1320 quam-

844 1336 963 1375 quam
984 1324 1154 1360 usitatius
1175 1326 1309 1378 πολλῷ
1336 1320 1504 1376 ἐκράτη-

843 1392 930 1425 σαν,
953 1379 1058 1432 quod
1077 1381 1122 1427 V,
1145 1383 1199 1422 77
1223 1388 1355 1428 exstat,
1378 1381 1505 1434 quod-

843 1450 918 1489 que
948 1439 1063 1474 etiam
1094 1436 1156 1474 hic
1187 1438 1279 1474 olim
1314 1438 1428 1475 fuisse
1448 1440 1506 1475 le-

842 1501 949 1531 ctiun
975 1495 1186 1545 suspicatur
1221 1496 1280 1531 vir
1309 1497 1506 1546 sagacissi-

841 1564 949 1588 mus:
999 1553 1141 1604 quippe
1179 1551 1283 1588 unde
1323 1554 1506 1590 exstiterit

843 1611 1004 1647 πολλῶν
1025 1610 1065 1644 in
1086 1607 1218 1645 codice
1240 1609 1445 1646 Sancroffl.

1092 1735 1185 1784 Cap.
1205 1735 1254 1770 11.

906 1833 962 1874 Τὰ
990 1833 1062 1888 μὲν
1099 1832 1150 1886 δή
1191 1831 1274 1876 dno*
1310 1832 1504 1875 Παιόνων

843 1889 1035 1944 πρότερον
1061 1889 1273 1943 γενόμενα,
1317 1886 1393 1931 ὦδε
1419 1891 1504 1944 ἐγέ-

844 1963 933 1987 νετο
946 1949 980 1996 ].
1046 1949 1282 1998 Praepositio
1323 1943 1404 1988 οἷπό
1436 1962 1504 1986 eo-

846 2003 936 2040 dem
965 2004 1206 2054 significatu,
1247 2018 1323 2057 quo
1354 2006 1402 2054 II,
1435 2003 1503 2053 54,

845 2062 912 2097 ubi
938 2060 1016 2098 vid.
1046 2068 1143 2098 nott.
1202 2063 1260 2098 De
1289 2074 1384 2098 voce
1414 2056 1503 2111 ὧδε,

844 2130 943 2169 quae
962 2116 1026 2154 hic
1046 2117 1095 2154 ad
1124 2117 1388 2156 antecedentia
1416 2132 1503 2170 spe-

843 2181 938 2222 ctat,
983 2175 1136 2212 monuit
1164 2174 1302 2213 Matth.
1332 2177 1398 2213 Gr.
1436 2177 1503 2213 Gr.

841 2244 930 2282 pag.
953 2234 1046 2273 871.
1105 2234 1185 2269 Nec
1206 2233 1313 2269 aliter
1334 2227 1412 2272 ὦδε
1433 2233 1503 2271 ad-

840 2287 994 2325 hibetur
1013 2289 1094 2336 VII,
1117 2292 1184 2330 62.
1233 2291 1278 2327 111
1301 2303 1408 2342 seqq.
1431 2287 1502 2329 liv-

841 2345 930 2397 δρες
951 2341 1100 2397 α’γαθοὶ
1123 2345 1303 2383 dicuntur
1322 2348 1396 2384 viri
1419 2346 1501 2398 for-

839 2405 902 2450 tes,
927 2401 1256 2455 quemadmodum
1275 2405 1306 2452 I,
1329 2405 1410 2445 169
1439 2405 1504 2440 Io-

840 2472 930 2508 nes,
950 2472 1020 2510 pro
1041 2460 1216 2496 libertate
1236 2473 1303 2497 sua
1324 2473 1506 2511 pugnan-

840 2523 895 2553 tes
906 2529 916 2564 ς
928 2529 1097 2569 namque
1111 2530 1160 2553 ex
1172 2516 1357 2554 Herodoti
1375 2523 1506 2553 mente

842 2586 863 2609 a
889 2574 1028 2610 virtute
1049 2573 1213 2624 disiungi
1232 2575 1366 2626 nequit
1396 2574 1506 2610 forti—

840 2629 982 2667 tudinis
993 2631 1111 2678 notio,
1128 2631 1194 2668 sed
1214 2638 1421 2682 utrumque
1434 2643 1503 2666 ae-

841 2700 916 2739 que
929 2687 1178 2724 coniunctum
1199 2687 1357 2738 cogitari
1377 2686 1502 2724 debet.

840 2744 906 2780 Tu
917 2744 965 2781 cf.
978 2744 1047 2788 VI,
1072 2743 1164 2784 114.
1189 2747 1281 2784 117.
1302 2743 1384 2790 VII,
1407 2742 1502 2784 224.

839 2801 909 2848 IX,
929 2800 997 2841 75.
1030 2807 1066 2837 et
1097 2813 1194 2852 quae
1229 2799 1276 2836 de
1308 2799 1364 2836 his
1385 2798 1503 2836 disse-

841 2859 915 2893 ruit
934 2856 1223 2933 Hoffineisterzst
1241 2855 1393 2894 Sittlich
1414 2857 1504 2893 reli-

1159 2916 1176 2951 1
