1815 3181
76 515 215 544 Honores
226 515 333 545 desun-

76 550 131 577 ctis
149 547 270 586 regibus
296 551 351 579 tri-

406 219 490 258 304

806 214 1267 253 HERODOTI

407 325 589 376 ἔλθωσι,
617 322 722 374 τούς
750 321 933 378 μάλιστά
965 334 1044 378 σφι
1063 326 1153 367 τῶν
1175 322 1395 381 γερόντων
1416 323 1663 382 προσήκον-

405 410 481 444 τας
521 393 629 448 ἔχειν
661 391 712 434 τὰ
741 393 829 433 τῶν
856 392 1069 446 βασιλέων
1097 391 1246 447 γέρεα,
1285 392 1367 435 δύο
1394 393 1571 449 ψήφους
1607 409 1664 435 τι·

279 451 346 499 58
402 461 627 517 θεμένους,
657 459 808 514 τρίτην
837 457 894 509 δὲ,
924 457 1005 515 τήν
1027 459 1214 503 ἑωυτῶν.
1278 464 1424 503 Ταῦτα
1454 460 1533 516 μὲν
1563 464 1718 512 ζῶσι75

347 737 457 775 ranti.
512 737 611 771 Nam
633 731 840 786 βουλεύειν
870 740 1003 772 eorum

348 799 414 840 est,
438 793 502 844 qui
523 790 571 828 ad
592 792 796 828 concilium
814 792 909 829 illud
924 793 1003 829 sive

346 846 513 900 βουλήν,
537 849 597 885 cui
617 849 855 898 publicarum
875 861 1004 884 rerum

347 918 438 942 cura
469 906 649 955 permissa
680 912 752 952 est,
792 907 1002 956 pertinent3

346 961 450 999 unde
469 975 549 998 11011
568 963 729 1009 mirum,
761 962 909 1012 βουλῆς
929 974 1003 997 110-

346 1020 451 1055 mine
470 1020 511 1054 in
531 1019 742 1055 civitatibus
761 1019 884 1055 liberis
896 1031 1003 1055 sum-

346 1088 412 1111 mo
441 1076 524 1112 loco
555 1076 813 1122 constitutum,
845 1075 1004 1125 Sparta-

344 1144 485 1168 norum
507 1144 658 1183 quoque
678 1131 1002 1178 il!uclcon‹:ilium‚

346 1187 452 1240 quod
499 1188 706 1240 γερουσίας
754 1189 1005 1238 appellatione

347 1245 463 1295 vulgo
493 1252 548 1281 est
567 1252 721 1292 notum,
752 1243 911 1281 subinde
938 1244 1004 1281 de-

314 1335 317 1338 .
345 1302 500 1351 signari,
528 1308 711 1337 monente
733 1301 775 1337 C.
792 1302 1001 1348 O.Mtiller,

344 1359 438 1394 Dor.
458 1359 493 1393 ΙΙ
510 1370 598 1408 pag.
619 1360 668 1397 91.
693 1371 797 1409 seqq.
820 1356 886 1397 94.
910 1360 1002 1398 102.

345 1415 560 1451 Tittmann.
575 1414 790 1451 Staatsverf.
809 1426 893 1464 pag.
909 1416 1001 1453 117.

342 1471 488 1520 Viginti
524 1477 609 1507 octo
649 1472 813 1507 constitit
853 1471 1002 1520 gei-usia

341 1527 587 1574 senatoribus,
620 1529 766 1578 quibus,
791 1533 833 1563 ut
854 1529 1002 1576 integer

344 1583 452 1620 fieret
501 1584 765 1636 perfectusque
802 1597 996 1632 numerus,

345 1639 422 1677 duo
450 1640 681 1677 accedebant
713 1653 819 1690 reges
857 1641 1001 1691 praesi—

343 1695 422 1734 des.
482 1697 554 1742 Qui
572 1710 750 1733 numerus
770 1698 922 1747 triginta
939 1710 1002 1733 se-

343 1761 523 1790 natorum
533 1755 712 1804 ¹congruit
733 1767 818 1790 cum
851 1753 999 1790 dierum

342 1823 505 1847 numero
550 1813 689 1847 mensis
737 1813 918 1862 cuiusque
957 1811 999 1846 iu

346 1880 448 1903 anno
477 1867 620 1914 lunari,
652 1868 804 1919 qualem
840 1867 998 1917 Sparta-

342 1936 412 1960 nos
433 1924 525 1960 olim
545 1922 718 1960 habuisse
731 1923 907 1960 credibile
930 1930 997 1964 est,

339 1981 391 2016 Et
408 1981 488 2031 quis
508 1982 625 2017 nescit
638 1987 818 2032 quantam
839 1982 995 2016 omnino

342 2049 400 2072 res
421 2038 569 2073 lunares
589 2039 629 2073 in
650 2039 778 2074 onmia
791 2038 1001 2088 Spartano-

341 2105 428 2128 rum
460 2094 627 2130 instituta
652 2107 755 2130 saera
786 2101 822 2130 et
842 2095 1000 2144 profana

340 2147 542 2185 habuerint
557 2152 635 2186 vim
648 2147 667 2186 Ξ)
686 2172 742 2177 ———
761 2151 805 2186 In
824 2151 999 2200 proxime

343 2218 449 2256 seqq.
485 2203 578 2252 τούς
602 2202 771 2255 μάλιστ-α’
803 2219 876 2256 σφι
913 2209 995 2244 τῶν

343 2259 543 2313 γερόντων
573 2259 849 2312 προσήκοντας
889 2261 996 2309 dixit,

345 2320 493 2368 opinor,
516 2331 577 2354 eos
599 2325 802 2365 senatores,
818 2320 882 2369 qui
896 2320 998 2368 regi-

341 2375 411 2411 bus
432 2376 597 2425 proximi
617 2382 722 2410 erant
742 2388 895 2424 genere.

390 2429 463 2470 δύο
476 2427 645 2481 ψήφους
656 2430 900 2481 τιθεμένους,
912 2429 996 2480 τρί-

341 2502 415 2537 την
434 2485 475 2526 δὲ
500 2485 573 2537 τήν
594 2486 768 2535 ἑωυτῶν]
794 2487 995 2537 Schweig-

341 2542 470 2580 haeus.
492 2551 696 2594 praeeunte
716 2545 878 2580 Wessel.
900 2542 994 2580 haec

340 2601 455 2638 verba
483 2602 535 2636 ita
555 2601 710 2651 accipit,
740 2607 781 2637 ut
803 2601 840 2636 in
862 2613 997 2650 regum

341 2658 509 2694 absentIa
547 2670 644 2693 unus
684 2670 704 2692 e
750 2659 995 2705 senatoribus,

340 2727 478 2764 genere
499 2714 647 2764 regibus
667 2715 861 2764 proximus
883 2720 918 2750 et
931 2727 999 2749 eo-

344 2783 428 2806 rum
448 2772 530 2807 vice
543 2771 649 2822 quasi
665 2772 899 2816 constitutus,
922 2770 997 2807 duo

342 2839 411 2877 pro
433 2825 580 2865 duobus
609 2828 760 2878 reg-ibus
775 2828 900 2864 tulerit
918 2828 1001 2865 suf*-

407 534 518 573 τοῖσι
547 528 771 583 βασιλεῦσι
811 526 983 570 δέδοται
1021 526 1067 571 ἐκ
1103 531 1184 572 τοῦ
1211 532 1368 571 κοινοῦ
1396 532 1484 571 τῶν
1512 531 1662 582 Σπαρ-

1059 728 1192 785 fragia,
1208 733 1438 787 tertiumque
1458 747 1570 771 suum
1589 733 1718 785 ipsius.

1058 793 1102 827 In
1118 791 1192 842 quai
1210 793 1518 842 interpretatione
1538 805 1636 828 unus
1653 804 1718 827 me

1060 847 1219 885 offendit
1237 850 1391 899 pluralis
1402 861 1582 884 numerus
1597 859 1718 899 προσ-

1058 900 1249 954 ήκοντας,
1283 918 1357 956 quo
1385 907 1465 955 ipso
1484 907 1618 942 Noster
1647 903 1720 940 de-

1059 961 1200 998 clarare
1220 962 1380 999 voluisse
1391 961 1551 1010 videtur,
1579 961 1620 997 in
1631 960 1718 997 ‹luo-

1059 1030 1136 1054 rum
1167 1031 1303 1068 regum
1335 1019 1551 1055 absentium
1587 1017 1719 1054 locum

1060 1074 1146 1111 duos
1165 1088 1318 1126 quoque
1333 1077 1549 1112 successisse
1564 1080 1718 1110 senato·-

1060 1144 1117 1167 res
1129 1161 1138 1179 ,
1161 1133 1226 1183 qui
1245 1144 1314 1182 pro
1339 1132 1470 1168 duobus
1484 1131 1634 1181 regibus
1648 1130 1717 1167 duo

1059 1188 1214 1224 tulerint
1279 1188 1458 1237 suffragIa
1511 1189 1718 1236 tertiumque

1057 1256 1171 1280 suum
1196 1245 1311 1295 ipsius
1346 1243 1571 1281 addiderint.
1635 1245 1718 1278 Ne-

1059 1313 1134 1352 que
1154 1303 1256 1336 euim
1275 1299 1350 1337 hoc
1380 1314 1428 1337 ex
1452 1301 1542 1337 loco*
1556 1298 1596 1336 id
1617 1297 1717 1335 effici
1747 1317 1755 1324 κ

1057 1370 1166 1407 posse
1186 1364 1300 1408 puto,
1349 1365 1392 1394 ut
1430 1357 1520 1393 bina
1559 1356 1716 1406 singulis

1056 1415 1206 1463 regibus
1222 1413 1400 1463 suffragia
1410 1413 1522 1450 fuisse
1531 1411 1714 1460 dicamus,

1055 1471 1108 1506 ita
1136 1477 1179 1507 ut
1214 1465 1281 1522 qu'i
1320 1483 1453 1507 eorum
1482 1471 1566 1507 vice
1594 1469 1717 1505 functi

1055 1528 1130 1564 sint
1158 1534 1368 1575 senatores,
1398 1538 1531 1563 eorum
1557 1527 1716 1578 quisque

1056 1585 1153 1620 trina
1173 1585 1300 1620 tulerit
1319 1583 1510 1634 suffragia,
1533 1584 1616 1620 leina
1643 1594 1713 1632 pro

1056 1653 1147 1690 rege
1188 1648 1224 1677 et
1265 1642 1405 1677 tertium
1434 1653 1547 1677 suum
1584 1640 1716 1690 ipsius.

1059 1697 1182 1741 Quam
1201 1697 1336 1733 falsam
1365 1695 1606 1748 quorundam
1635 1696 1715 1732 iam

1058 1755 1264 1805 antiquitus
1309 1754 1423 1789 fuisse
1477 1753 1713 1803 opinionem,

1056 1811 1163 1858 (bina
1175 1824 1226 1846 sc.
1239 1809 1416 1859 suffragia
1436 1810 1561 1845 tulisse
1581 1810 1716 1858 singu-

1053 1867 1108 1903 los
1139 1880 1245 1916 reges
1285 1865 1614 1916 Spartanorum),
1652 1877 1713 1901 ar-

1052 1925 1135 1973 guit
1155 1922 1401 1974 Thucydides
1420 1924 1450 1970 I,
1474 1924 1553 1962 21:
1593 1935 1615 1958 a
1634 1933 1711 1973 quo

1057 1982 1138 2031 ipso
1168 1979 1407 2016 Herodotum
1444 1980 1550 2029 tangi
1578 1979 1609 2015 si
1648 1978 1715 2029 qui

1057 2044 1209 2087 putent,
1232 2038 1399 2086 cogitent
1418 2036 1474 2071 illi
1492 2036 1620 2081 velim,
1641 2047 1715 2070 ne-

1059 2107 1132 2145 que
1146 2092 1385 2129 Herodotum
1398 2093 1471 2128 tale
1485 2091 1588 2143 quid,
1611 2089 1714 2142 quod

1057 2163 1079 2186 a
1108 2148 1338 2201 Thucydide
1371 2155 1548 2194 notatur,
1587 2159 1714 2182 enuni-

1055 2208 1170 2254 tiare,
1203 2218 1328 2256 neque
1361 2206 1475 2240 etium
1504 2211 1712 2254 utrumque

1052 2264 1273 2312 scriptorem
1292 2261 1363 2297 sibi
1382 2261 1577 2309 cognitum
1598 2259 1712 2296 fuisse

1052 2317 1194 2365 videri,
1224 2324 1266 2353 nt
1295 2318 1390 2353 bene
1420 2318 1570 2352 monuit
1587 2314 1712 2352 Dalil-

1051 2387 1183 2410 mann.
1213 2372 1354 2411 Herod.
1378 2385 1465 2423 pag.
1498 2374 1579 2413 218
1602 2385 1709 2423 seqq.

1050 2432 1109 2466 De
1142 2432 1293 2482 reliquis
1323 2430 1421 2467 conf.
1456 2430 1570 2465 etiam
1599 2429 1641 2467 C.
1663 2429 1710 2466 0·

1050 2489 1198 2525 Mallem
1218 2488 1244 2524 l.
1263 2488 1289 2523 l.
1309 2488 1345 2523 ΙΙ
1363 2499 1450 2538 pag.
1476 2487 1569 2526 102⁶

1258 2589 1350 2640 Capi
1370 2588 1503 2624 Lv111.

1116 2658 1245 2696 Ταῦτα
1264 2654 1336 2708 μὲν
1359 2657 1452 2702 ζῶσι
1468 2657 1571 2694 τοῖσι
1591 2655 1708 2706 βασι-

1054 2716 1163 2752 λεῦσι
1178 2714 1195 2761 ]
1222 2717 1323 2752 τοῖσι
1339 2725 1427 2749 cum
1447 2718 1602 2749 reeentt⁴
1617 2709 1707 2748 edd.

1055 2772 1200 2807 restitui
1212 2770 1431 2807 auctoritate
1442 2769 1626 2805 librorum
1635 2780 1706 2804 ve-

1055 2834 1258 2864 tust01·um.=
1315 2824 1516 2862 Bekkerus
1534 2824 1702 2875 scripsit:
