1851 3181
325 782 388 826 14
444 777 569 830 κότες
606 777 915 833 προσεκύνεον.

119 845 216 873 Nocte
234 846 335 874 altera

116 880 197 907 idem
216 879 362 908 somnium

116 913 372 941 dormientiobla-

116 952 190 981 tum,
209 948 304 974 multa
315 947 368 986 mi5

116 984 208 1008 natur
228 981 321 1014 mala,
331 980 391 1008 nisi

117 1022 203 1042 arma
211 1018 366 1051 capessat.

449 263 532 303 462

844 262 1309 300 HERODOTI

451 369 742 427 ,Ἀρταβάνου
778 369 979 427 γνώμης,
1006 373 1256 426 παραυτίκα
1276 371 1354 427 μὲν
1383 370 1411 428 ἡ
1441 370 1594 429 νεότης
1623 371 1712 416 ἐπέ-

452 444 566 493 ,,ζεσε
584 472 595 491 ,
664 437 772 482 ω’στε
811 437 1056 495 αεικέστερα
1085 439 1329 496 ἄποῤῥίψαι
1359 441 1461 485 ε’πεα
1500 441 1543 492 ἐς
1572 440 1713 494 ἄνδρα

420 514 442 547 2
452 504 778 562 ,,πρεσβύτερον
806 506 835 563 ἢ
866 505 1003 563 χρεόν.

1062 511 1148 551 νῦν
1174 508 1322 564 μέντοι
1354 508 1583 566 συγγνούς,
1611 525 1711 565 χρη·

451 586 610 630 ,,σομαι
643 578 696 630 τῇ
736 574 905 619 ἐκείνου
942 574 1105 633 γνώμῃ.
1162 575 1222 628 ὦς
1252 572 1314 620 ὦν
1342 577 1769 633 μεταδεδογμένονῖο

451 659 553 698 ,,μοι
593 641 651 698 μὴ
697 641 1012 698 στρατεύεσθαι
1051 643 1122 686 ἐπὶ
1172 644 1252 700 τήν
1293 643 1496 696 Ἑλλάδα,
1556 644 1713 701 ἥσυχοί

449 711 608 764 ,,ἐστε.“

667 711 836 766 Πέρσαι
869 711 970 766 μὲν,
1011 710 1070 762 ὦς
1102 711 1300 767 ἤκουσαν
1330 717 1495 765 ταῦτα,
1533 729 1714 768 κεχαρη-

984 780 1161 830 Νυκτὸς
1198 781 1244 824 δὲ
1283 780 1544 837 γενομένης,
1588 776 1712 830 αὖτις

448 845 587 891 τώυτὸ
628 846 805 901 ὄνειρον
834 852 894 904 τῷ
933 846 1072 903 Ξέρξῃ
1114 848 1440 905 κατυπνωμένῳ
1480 848 1593 902 ε’λεγε
1622 846 1716 890 ἐπι-

446 913 602 967 ,,στοὶν·
634 916 713 967 „52
742 921 825 959 παῖ
851 917 1066 970 Δαρείου,
1111 916 1185 960 καὶ
1225 915 1278 973 δὴ
1320 919 1498 973 φαίνεαι
1527 916 1574 959 έν
1604 913 1714 969 Πέρ-

448 984 576 1039 ,,σησί
604 999 649 1026 τε
679 980 971 1039 ἆπειπαμενος
999 984 1080 1041 τήν
1099 985 1436 1040 στρατηλασίην,
1461 1001 1533 1028 και
1563 984 1616 1027 τοὶ
1636 983 1716 1039 ἐμοὶ
1727 991 1772 1026 75

447 1050 580 1102 ,ἔπεα
617 1049 664 1093 έν
703 1049 854 1095 οὐδενὶ
901 1052 1161 1109 ποιεύμενος
1197 1053 1331 1111 λόγῳ,
1374 1052 1434 1104 ὣς
1464 1051 1564 1107 παρ’
1595 1050 1715 1096 οὐδε-

417 1124 440 1158 2
451 1117 529 1170 ,,νὸ
534 1136 556 1169 ς
587 1116 795 1170 ἄκου’σας.

855 1115 903 1164 εὖ
933 1125 1018 1164 νῦν
1035 1120 1122 1165 τόδ’
1145 1123 1253 1174 ἴσθι,
1283 1119 1339 1176 ἤν
1367 1136 1445 1175 περ
1469 1118 1526 1176 μή
1559 1118 1715 1164 αὐτίκα

446 1187 808 1244 ,,στρατηλατέῃς,
851 1187 953 1233 τάδε
983 1206 1051 1233 τοι
1080 1189 1122 1243 ἐξ
1152 1187 1301 1232 αὐτῶν
1340 1186 1623 1244 ἀνασχήσειν·
1656 1185 1715 1238 ὥς

446 1255 551 1307 ,,καὶ
580 1255 711 1310 μέγας
740 1257 814 1299 καὶ
843 1257 1002 1308 πολλός
1031 1256 1174 1312 ἐγένεο
1204 1256 1251 1300 ἐν
1272 1254 1405 1312 ὀλίγῳ
1441 1254 1609 1313 χρόνῳ,
1642 1252 1715 1299 013-

447 1452 674 1505 παραυτίκα
689 1448 760 1499 μὲν
779 1450 807 1500 ἦ
818 1448 953 1502 νεότης
965 1449 1050 1492 ἕπε’·

394 1510 503 1558 ζεσε]
549 1510 575 1546 i.
597 1523 630 1546 e.
651 1508 754 1546 Mihi
770 1509 950 1546 Artabani
973 1522 1052 1546 sen-

391 1568 537 1604 tentiam
557 1566 720 1603 audz'enti
748 1568 869 1602 statim
887 1566 1053 1603 iuvenilis

390 1625 530 1660 animus
558 1625 693 1659 exarsit
727 1620 853 1674 (quasi
873 1623 1051 1670 ebulliit).

391 1680 502 1718 Conf.
524 1678 660 1715 Matth.
682 1680 748 1715 Gr.
771 1679 836 1715 Gr.
856 1692 942 1729 pag.
958 1682 1052 1724 787,

390 1749 508 1788 quem
539 1736 706 1773 eundem
736 1734 784 1771 ad
805 1736 1052 1785 comparativi

390 1790 615 1843 ἀεικέστερα
646 1805 759 1828 usum
790 1793 935 1828 consul.
962 1804 1051 1841 pag.

391 1848 473 1891 854
505 1850 542 1894 ξ.
572 1849 666 1891 457.
725 1847 788 1884 Ad
825 1849 987 1885 verbum
1008 1844 1053 1886 α’-

391 1906 593 1955 πορῤίψαι
623 1905 724 1942 conf.
750 1906 779 1952 Ι,
817 1905 893 1945 153
923 1906 1054 1956 ibique

388 1970 485 1999 nott.
508 1963 569 2010 1V,
596 1962 687 2002 142.
722 1963 798 1998 Pro
818 1958 943 2011 χρεών
965 1974 1055 1998 cum

389 2020 506 2056 Gaisf.
538 2032 559 2055 e
594 2020 812 2056 Florentino
837 2019 932 2055 libro
955 2019 1052 2055 alio-

391 2089 465 2126 que
488 2075 576 2112 dedi
597 2071 725 2127 χρεόν.
767 2074 854 2117 vid.
880 2082 979 2112 nott.
1002 2073 1052 2112 ad

388 2133 442 2178 V,
462 2131 529 2173 49.

449 2242 502 2290 ὥς
524 2237 581 2282 ὦν
597 2241 949 2294 μεταδεδογμένον]
972 2246 1051 2280 Re-

389 2301 485 2352 liqui
513 2298 587 2336 hoc
608 2301 793 2336 intactum
807 2330 815 2345 ,
837 2302 937 2337 libris
957 2302 1051 2337 scri-

391 2359 463 2408 ptis
486 2356 595 2392 valde
616 2356 897 2394 fluctuantibus.
940 2357 1051 2394 Couf.

387 2412 524 2450 Matth.
555 2413 619 2450 Gr.
642 2414 706 2450 Gr.
730 2414 766 2458 ξ.
788 2411 882 2453 564.
940 2413 1051 2458 Quod

390 2471 560 2521 sequitur
592 2466 670 2519 μή,
714 2468 760 2506 de
803 2481 847 2505 eo
885 2468 963 2506 dixi
1003 2469 1051 2506 ad

390 2528 472 2575 Vll,
516 2529 580 2566 12.
638 2527 695 2562 De
735 2526 851 2563 verbo
880 2538 1050 2572 προσκυ-

391 2587 477 2622 νεῖν
515 2582 591 2621 vid.
613 2589 708 2619 nott.
739 2581 788 2619 ad
816 2584 864 2630 11,
886 2584 954 2624 80.
984 2585 1049 2631 111,

393 2643 462 2682 86.

614 2718 705 2769 cap.
728 2718 830 2757 XIV.

448 2801 561 2855 αὖτις
581 2803 709 2847 τωύτό
723 2804 880 2859 ὄνειρον
901 2822 936 2846 κ.
950 2822 980 2846 τ.
994 2809 1047 2857 λ.]

391 2865 571 2916 Respexit
608 2863 827 2902 Eustathius
866 2863 914 2901 ad
940 2865 984 2902 ΙΙ.
1013 2866 1049 2902 11

1106 1467 1145 1503 p.
1180 1455 1273 1499 166,
1308 1455 1333 1492 7
1360 1464 1391 1489 s.
1419 1450 1511 1499 125,
1537 1449 1605 1492 41.
1663 1451 1771 1497 Quae

1108 1516 1340 1560 sequuntur,
1395 1506 1553 1544 exhibui
1597 1509 1672 1555 ita,
1726 1514 1770 1544 ut

1109 1564 1329 1616 Schweigh.
1352 1571 1388 1601 et
1419 1565 1549 1613 Gaisf.,
1580 1565 1771 1601 Florenti-

1107 1636 1203 1659 num
1222 1623 1362 1668 secuti,
1392 1620 1589 1658 dederant.
1617 1621 1769 1671 Vulgo:

1110 1679 1211 1728 ἔλεξε
1233 1681 1288 1733 τῷ
1313 1676 1436 1732 Ξέρξῃ
1457 1677 1771 1732 κατυπνωμένῳ.

1165 1784 1438 1839 ἀπειπάμενος
1457 1787 1531 1838 τήν
1556 1791 1769 1841 στρατηλα-

1111 1847 1230 1897 σίην]
1260 1846 1345 1884 vid.
1372 1847 1649 1898 1V,1201biq.
1672 1853 1770 1883 nott.

1109 1903 1171 1940 Ad
1200 1904 1318 1940 verba
1346 1902 1388 1941 ἐν
1417 1898 1552 1942 ου’δενὶ
1582 1898 1774 1952 ποιεύμε-

1110 1975 1179 2007 νος
1201 1957 1298 2014 λόγω
1320 1967 1415 1998 nott.
1438 1959 1486 1996 ad
1505 1961 1570 2008 ΠΙ,
1601 1959 1667 2000 50.
1688 1960 1771 2007 VII,

1114 2018 1223 2062 16§.
1247 2017 1386 2063 3.V11‚
1409 2017 1474 2057 57.
1497 2017 1564 2057 58.
1601 2010 1774 2054 Prooev'-

1105 2073 1202 2112 τέων
1207 2072 1323 2125 ,quod
1338 2073 1504 2110 Bekker.
1524 2074 1689 2120 retinuit,
1709 2085 1773 2109 re-

1107 2132 1238 2180 scripsi
1259 2127 1407 2169 αὐτῶν.
1456 2130 1626 2167 Verbum
1647 2140 1773 2180 προσ-

1109 2184 1216 2234 δόκα,
1232 2186 1334 2239 quod
1354 2195 1440 2223 aute
1453 2182 1692 2237 α’νασχήσειν
1705 2183 1773 2236 (do

1108 2257 1184 2296 quo
1206 2244 1254 2280 cf.
1275 2244 1319 2291 V,
1344 2245 1449 2291 106)
1482 2241 1596 2279 habet
1629 2241 1770 2279 Aldina

1108 2313 1269 2351 eamque
1327 2307 1476 2337 secutus
1526 2297 1767 2347 Schaeferm,

1106 2358 1233 2406 scripti
1263 2357 1347 2392 libri
1367 2358 1564 2406 ignorant,
1604 2366 1770 2408 quorum

1107 2413 1283 2450 nonnulli
1314 2415 1450 2461 etiam,
1495 2427 1589 2466 quos
1609 2411 1772 2449 Bekke-

1108 2483 1192 2506 rum
1213 2477 1386 2506 secutum
1407 2483 1485 2507 esse
1505 2469 1641 2517 video,
1671 2465 1770 2508 α’να-

1108 2522 1244 2577 σχήσει
1277 2525 1368 2564 daut
1408 2540 1475 2578 pro
1515 2521 1769 2590 ἀνασχήσειν.

1107 2605 1163 2610 ——
1203 2584 1325 2619 verba
1363 2599 1415 2630 ως
1445 2582 1512 2622 καὶ
1543 2582 1662 2633 μέγας
1679 2577 1772 2627 καὶ

1107 2637 1265 2686 πολλός,
1284 2652 1359 2677 cum
1380 2652 1569 2677 mammam
1578 2640 1768 2689 potentiam

1106 2709 1363 2746 maxzmumque
1377 2709 1523 2746 regnam
1541 2696 1688 2745 adeptus
1703 2695 1766 2740 sis,

1106 2755 1211 2804 attigi
1234 2752 1281 2789 ad
1302 2754 1364 2801 lv,
1391 2756 1481 2795 109.
1529 2751 1630 2789 Add.
1650 2750 1767 2787 We}-

1106 2809 1208 2847 cker.
1246 2811 1423 2862 Prolegg.
1466 2808 1514 2847 ad
1544 2805 1762 2857 Theognid-

1103 2879 1192 2918 pag.
1212 2866 1312 2905 XCI.
