1834 3258
579 209 884 248 ERATO.
942 210 1013 248 vl.

1355 209 1440 249 333

147 327 224 370 3οἱ
250 320 541 378 προσήκοντες
570 321 617 364 ἐν
646 318 771 378 ξύλῳ.
811 318 835 363 ὁ
867 319 913 363 δὲ
943 318 1105 369 δεθεὶς,
1136 317 1212 362 τὸν
1239 316 1438 373 φύλακον

174 391 460 450 μουνωθέντα
499 388 607 432 ἰδων
643 391 731 431 τῶν
772 385 914 431 ἄλλων
954 389 1064 431 αἴτεε
1104 383 1437 442 μάχαιραν·οὐ

176 458 450 518 βουλομένου
491 458 536 501 δὲ
584 455 637 499 τὰ
682 459 835 509 πρῶτα
874 460 954 498 τοῦ
996 455 1199 511 φυλάκου
1248 450 1436 505 διδόναι,

174 526 339 571 α’πείλεε
358 524 412 569 τά
442 541 518 580 μιν
541 518 662 576 αὖτις
684 524 892 581 ποιήσειε·
924 522 966 575 ἐς
997 523 1022 567 δ
1045 524 1188 572 δείσας
1218 537 1295 572 τας
1318 519 1438 563 ἄπει-

170 594 245 646 mg
281 593 305 638 ὁ
336 592 558 650 φύλακος,
598 587 654 647 ἦν
691 592 776 649 γὰρ
815 597 904 636 τῶν
939 608 1004 643 τις
1044 589 1276 640 εἱλωτέων,
1321 592 1440 633 διδοῖ

141 668 161 704 4
174 665 217 707 οἱ
245 663 472 719 μάχαιραν.

530 661 775 718 Κλεομένης
814 661 859 704 δὲ
894 658 1162 715 παραλαβών
1196 658 1274 702 τὸν
1318 660 1432 714 σίδη-
1448 663 1493 698 60

172 747 277 785 ρον,
320 729 475 785 ἄρχετο
514 728 560 771 ἐκ
598 732 687 773 τῶν
723 728 922 786 κνημέων
955 727 1121 771 ἑωυτὸν
1150 725 1436 782 λωβώμενος·

170 797 417 854 ἐπιτάμνων
453 797 536 852 γὰρ
567 797 677 841 κατὰ
705 802 842 854 μῆκος
870 796 946 848 τοὶς
979 795 1162 850 σάρκας,
1195 793 1438 850 προύβαινε

171 867 217 910 ἐκ
246 870 335 910 τῶν
365 866 566 922 κνημέων
605 866 646 917 ές
675 867 779 918 τούς
820 862 1007 921 μηρούς·
1054 863 1100 907 ἐκ
1140 863 1186 905 δὲ
1228 866 1316 904 τῶν
1358 878 1436 917 μη-

171 939 263 991 ρῶν
293 935 335 986 ἔς
371 949 416 977 τε
451 933 504 977 τὰ
533 936 668 991 ἰσχία,
706 935 780 978 καὶ
813 935 890 984 τοὶς
919 931 1135 985 λαπάρας·
1175 930 1217 981 ἐς
1249 928 1273 973 ὂ
1295 930 1336 981 ἐς
1356 930 1436 985 τήν

168 1003 356 1060 γαστέρα
395 1000 594 1056 α’πίκετο,
632 1003 706 1046 καὶ
750 1001 913 1059 ταύτην
958 997 1293 1056 καταχορδεύων
1333 995 1429 1041 ἀπέ-

139 1076 282 1114 δθανε
318 1071 466 1129 τρόπῳ
505 1070 710 1128 τοιούτῳ·

762 1069 818 1121 ὥς
857 1069 936 1126 μὲν
978 1071 1022 1112 οῖ
1058 1068 1215 1112 πολλοὶ
1259 1066 1491 1122 λέγουσι66

161 1137 403 1195 Ἑλλήνων,
441 1138 508 1183 ὅτι
544 1139 625 1196 τήν
665 1140 844 1194 Πυθίην
884 1135 1101 1193 ἀνέγνωσε
1133 1135 1186 1179 τὰ
1215 1135 1316 1189 περὶ
1344 1139 1436 1190 Δη-

111 1347 197 1396 des,
226 1355 269 1385 ut
297 1348 397 1385 bene
424 1348 583 1399 exponit
608 1348 771 1385 Wesse-

110 1406 204 1456 ling.
252 1407 429 1458 Namque
449 1403 491 1444 τὸ
506 1402 625 1453 ξύλον
647 1411 701 1441 est
721 1404 771 1440 la·-

109 1475 202 1512 gnea
223 1475 381 1512 compes,
417 1475 492 1514 quo
523 1463 640 1499 vincti
669 1460 772 1512 apud

109 1520 255 1556 Atticos
267 1520 469 1556 facinorosi
488 1517 662 1555 homines
675 1531 772 1569 poe-

109 1577 309 1623 nasluunt,
330 1577 382 1613 ita
398 1583 439 1612 ut
459 1572 501 1615 τὸ
527 1573 646 1624 ξύλον
667 1574 772 1612 idem

109 1632 188 1669 fere
208 1634 255 1669 sit
271 1640 385 1685 atque
403 1630 662 1683 ιπεοὸοκαίικη.
713 1633 771 1670 Cf.

109 1688 384 1728 Wachsmuth.
405 1690 555 1727 Hellen.
575 1687 771 1731 AJterihk.

108 1748 157 1796 Π,
181 1750 200 1787 1
223 1760 312 1798 pag.
334 1747 429 1788 250.

167 1810 323 1853 ἀπείλεε
350 1811 399 1852 τα’
424 1829 493 1865 μιν
519 1807 631 1861 αὖτις
655 1810 772 1865 ποιή-

111 1872 217 1919 σειε]
243 1865 356 1916 αὖτις
374 1873 602 1921 interpretor
609 1872 771 1920 posthac,

111 1926 292 1977 deinceps;
323 1926 371 1963 de
402 1940 478 1979 qua
507 1928 714 1978 particulae
734 1929 773 1964 vi

107 1985 302 2020 monitum
321 1995 341 2019 a
362 1984 490 2034 Viger.
519 1986 577 2020 De
592 1983 771 2021 idiotism.

107 2053 146 2090 p.
169 2042 262 2080 392.
285 2040 380 2081 752.
438 2039 540 2077 Add.
570 2039 694 2076 Monk
721 2040 771 2077 ad

106 2096 280 2147 Euripid.
301 2097 453 2148 Hippol.
477 2095 573 2137 304.
590 2099 687 2138 896.
724 2098 769 2133 111

108 2166 186 2189 uno
209 2152 293 2190 cod.
323 2154 484 2201 λυθείς,
512 2152 616 2205 quod
639 2161 771 2204 patro-

109 2222 206 2246 num
225 2223 349 2261 nuper
367 2217 525 2247 nactum
539 2218 593 2247 est
604 2212 770 2261 Hoeger.

108 2267 150 2303 in
169 2267 271 2304 Actt.
292 2265 386 2318 phil.
406 2269 580 2304 Monacc.
602 2268 657 2303 111
677 2268 703 2308 4
728 2282 767 2319 p.

107 2323 188 2365 500
204 2337 283 2376 seq.
315 2324 539 2361 Cleomenes
561 2325 666 2361 enim
687 2326 769 2374 (ille

107 2380 186 2428 ait)
216 2393 295 2417 non
316 2387 396 2417 tam
416 2381 509 2433 qnid
529 2381 656 2418 deinde
671 2411 682 2429 ‚
701 2381 769 2419 sed

108 2435 201 2488 quid
229 2440 351 2475 statim
389 2440 422 2476 si
449 2439 683 2476 exsolveretur
714 2438 771 2487 (εἰ

106 2493 264 2543 λυθείη,
293 2505 392 2531 wenn
410 2507 446 2531 er
475 2495 524 2531 los
549 2495 678 2545 kdme)
709 2495 770 2532 fa-

109 2556 235 2586 cturus
267 2557 379 2598 esset,
420 2564 527 2588 servo
558 2553 770 2590 minitatur.

107 2605 284 2642 Eandem
313 2607 576 2644 confusionem
604 2610 645 2645 in
665 2609 768 2647 Plut.

108 2661 363 2700 Themistocl.
395 2662 420 2702 4
448 2664 552 2701 idem
581 2665 766 2702 observat.

107 2719 184 2756 Nos
215 2721 453 2772 reliquorum
481 2721 665 2758 librorum
696 2735 768 2758 au-

108 2777 320 2814 ctoritatem
366 2778 449 2813 iure
506 2778 769 2828 praetulimus.

109 2832 220 2878 Quod
259 2846 349 2873 vero
375 2846 470 2871 mox
497 2847 567 2886 pro
587 2830 768 2887 ποιήσειε

829 1343 1050 1396 Schweigh.
1071 1344 1148 1396 legi
1157 1344 1303 1382 mavult
1319 1340 1491 1395 ποιήσει,

829 1416 874 1440 eo
897 1417 974 1440 uon
996 1416 1102 1454 opUS‚
1126 1416 1228 1449 cum,
1250 1409 1293 1438 ut
1313 1402 1410 1438 bene
1430 1403 1491 1438 vi-

829 1460 882 1497 dit
895 1461 999 1498 idem
1013 1462 1190 1510 Hoeger.‚
1205 1460 1323 1496 oratio
1337 1460 1491 1511 obliqua

827 1516 890 1554 hic
931 1519 1143 1568 optativum
1185 1518 1272 1554 satis
1322 1523 1486 1553 tueatur.

827 1574 891 1611 Ad
911 1575 1027 1611 verba
1047 1569 1100 1626 ἦν
1121 1571 1196 1627 γοὶρ
1216 1576 1314 1612 τῶν
1335 1588 1416 1620 τις
1437 1573 1486 1610 cf.

827 1633 878 1678 V,
903 1634 994 1672 101.

885 1697 1148 1752 προύβαινε’
1131 1716 1173 1740 εκ
1196 1714 1276 1739 των
1300 1695 1490 1768 κνημέων

829 1755 869 1804 ές
887 1772 982 1804 τους
995 1753 1168 1807 μηρούς]
1193 1753 1314 1808 μηροὶ
1338 1756 1487 1807 quivo-

828 1812 1489 1861 centur,indicavhnusad111‚103.

826 1885 873 1909 τα
899 1870 1004 1921 ἰσχία
1025 1878 1113 1908 sunt
1136 1883 1264 1916 coxae3
1295 1864 1489 1919 λαπαρας,

829 1939 922 1978 quas
961 1934 1093 1975 vocat,
1143 1928 1336 1977 attigimus
1372 1924 1420 1962 ad
1439 1925 1488 1973 H,

826 1985 892 2023 86.
915 2006 964 2011 —
989 1983 1100 2028 Quod
1120 1997 1214 2020 mox
1233 1983 1403 2035 sequitur
1421 1997 1490 2020 κα-

827 2037 1102 2090 ταχορδεύων,
1142 2043 1220 2077 eius
1249 2041 1334 2077 loco
1368 2037 1489 2076 Athe-

827 2109 944 2133 naeus
966 2098 1015 2144 X,
1042 2096 1094 2138 48
1112 2097 1241 2148 p.436
1254 2099 1296 2133 F.
1320 2095 1491 2133 decleo-

826 2155 950 2190 menis
970 2154 1100 2190 furore
1122 2167 1238 2204 agens
1260 2161 1297 2191 et
1316 2153 1491 2191 Herodo-

824 2217 886 2247 tea
905 2212 1018 2248 simul
1038 2213 1240 2262 respiciens
1260 2212 1386 2262 posuit
1402 2224 1491 2249 ver-

828 2268 923 2304 bum
951 2269 1074 2318 magis
1102 2269 1389 2320 frequentatum
1417 2283 1489 2307 κα-

824 2323 1040 2374 τατέμνειν,
1057 2339 1129 2362 nec
1146 2327 1253 2362 aliter
1264 2326 1396 2362 Glossa
1407 2327 1489 2361 He-

826 2381 909 2419 rod.
927 2378 1151 2433 χορόεύων·
1181 2381 1348 2434 τέμνων.
1384 2383 1489 2419 Con-

825 2445 883 2475 tra
913 2438 1177 2476 Herodoteum
1217 2440 1371 2476 retinuit
1399 2440 1489 2476 Ari-

825 2495 939 2533 stides
958 2497 993 2531 ΙΙ
1024 2510 1062 2547 p.
1086 2499 1165 2537 393
1188 2497 1354 2548 citatque
1381 2498 1488 2534 Lon-

826 2554 906 2603 gin.
927 2554 984 2589 De
1005 2553 1158 2591 sublim.
1181 2556 1232 2594 31
1255 2567 1293 2604 p.
1308 2556 1399 2593 170.
1428 2553 1485 2589 Ac

823 2617 926 2646 recte
946 2609 1146 2657 Valcken„
1175 2611 1337 2647 verbum
1366 2624 1486 2648 κατα-

823 2663 1027 2718 χορδεύειν
1060 2668 1225 2717 explicat
1261 2666 1317 2712 εἰς
1340 2663 1486 2716 χορδάς

822 2722 1014 2774 τέμνοντα
1045 2723 1300 2773 διαφθείρειν
1329 2724 1486 2760 minuta-

823 2782 886 2816 tim
903 2780 1096 2827 dissecare,
1144 2778 1331 2816 secundum
1364 2779 1486 2829 longi-

823 2837 992 2885 tudinem,
1013 2838 1053 2874 in
1073 2836 1238 2884 laminas,
1261 2849 1350 2874 cum
1369 2838 1484 2888 paulo
