1870 3249
33 439 99 485 18

401 192 1058 230 TERPSICHORE.
1117 192 1162 228 V.

1361 190 1418 231 27

158 303 259 358 ρίου
296 299 558 357 Ἀλεξάνδρῳ
604 299 764 357 ἡμέρης
803 300 986 356 ἑκάστης
1015 300 1191 355 ἐφοίτα·
1234 298 1339 353 μετοὶ
1372 297 1418 341 δὲ

157 370 206 414 τό
239 369 462 425 μέταλλον,
491 369 713 424 Δύσωρον
739 368 1005 438 καλεόμενον
1036 371 1172 420 οὐρος
1201 364 1419 421 ὑπερβάν-

155 712 289 762 ξείνια
319 711 480 755 καλέει·

156 926 227 958 σαι
257 914 361 959 τάδε
372 931 382 942 ·

154 455 208 482 τα
234 436 298 481 εἶν
290 455 347 481 αι
379 438 426 482 ἐν
457 440 724 494 Μακεδονίῃ
787 439 841 480 Οἱ
860 432 921 480 ὦν
942 437 1109 490 Πέρσαι
1138 437 1181 479 οἷ
1198 435 1417 489 πεμφθέν-

155 522 224 556 τες
254 502 378 549 οὗτοι
408 506 526 559 παροὶ
558 506 636 549 τὸν
661 504 875 561 Ἀμύντην
907 504 965 556 ὡς
994 504 1223 554 ἀπίκοντο,
1257 504 1415 547 αἴτεον.
1431 510 1469 540 15

155 574 356 625 ἐλθόντες
385 575 428 625 ἐς
458 574 563 624 ὄψιν
586 575 664 631 τὴν
682 573 907 630 Ἀμύντεω,
939 574 1114 630 Δαρείῳ
1144 571 1311 627 βασιλέϊ
1335 574 1418 625 γῆν

138 648 206 684 Ξτε
235 642 309 685 καὶ
336 641 474 696 ὕδωρ.
513 641 536 686 ὁ
568 643 614 686 δὲ
642 641 780 686 ταῦτά
809 658 852 685 τε
883 641 1051 687 ἐδίδου,
1083 642 1157 684 καί
1186 653 1321 695 σφεας
1352 639 1420 680 ἐπὶ

532 709 975 766 παρασκευασάμενος
1014 710 1058 753 δὲ
1090 712 1265 752 δεῖπνον
1295 723 1418 762 μεγα-

127 780 392 834 3λοπρεπὲς,
422 779 587 823 ἐδέκετο
618 779 723 831 τούς
745 781 920 833 Πέρσας
942 777 1241 834 φιλοφρόνως.
1280 775 1338 825 ὠς
1372 774 1418 817 δὲ

158 845 244 891 ἀπὸ
278 850 458 891 δείπνου
493 847 716 902 ἐγένοντο,
766 850 1038 898 διαπίνοντες
1075 844 1201 889 εἶπαν
1241 845 1284 887 οἱ
1312 842 1421 895 Πέρ-

428 917 584 969 ,,Ξεῖνε
615 916 856 960 Μακεδών.

893 916 999 973 ἡμῖν
1029 914 1166 969 νόμος
1196 912 1283 956 ἐστὶ
1311 915 1479 954 rotomo

156 982 409 1039 ,,Πε’ρσῃσι,
451 984 581 1028 ἐπεάν
611 986 789 1029 δεῖπνον
817 982 1132 1039 προτιθώμεθα
1161 981 1290 1038 μέγα,
1328 977 1423 1022 τότε

101 1157 266 1208 Argenti
287 1165 358 1194 etc.
387 1157 530 1194 Metall.
555 1171 643 1209 pag.
665 1159 761 1199 76.“

36 1261 43 1265 ¹
108 1212 386 1263 wesseling.
408 1215 473 1251 Tu
494 1214 582 1252 add.
603 1214 762 1251 Diodor.

101 1271 205 1319 XVI,
228 1273 266 1312 8.
303 1273 492 1308 Mannert.
522 1273 591 1309 VII
610 1286 645 1323 p.
667 1274 763 1313 232.

103 1326 199 1369 495.
265 1329 436 1366 Verbum
472 1331 619 1378 φοιτᾶν
657 1329 765 1379 attigi

103 1383 152 1421 ad
178 1386 253 1433 ΠΙ,
282 1388 349 1426 90.
425 1387 504 1422 Nec
540 1387 647 1423 aliter
683 1386 763 1422 fere

101 1441 391 1494 προσέρχεσθαι
433 1443 515 1490 Vll,
556 1441 635 1483 144
673 1443 760 1480 coll.

103 1498 310 1551 προσιέναι
334 1500 400 1547 ΙΠ,
422 1502 488 1540 91.
510 1502 577 1541 96.
597 1501 660 1547 w,
691 1499 758 1540 46.

159 1563 357 1616 Δύσωρον
369 1588 420 1594 —-
434 1563 537 1607 εἶναι
556 1567 598 1607 ἐν
615 1570 760 1606 Μακε-

103 1622 236 1677 δονίῃ]
268 1625 369 1661 Ante
386 1624 619 1662 infinitivum
632 1632 761 1661 mente

102 1680 304 1717 subaudias
324 1683 412 1718 licet
425 1678 535 1721 ὥστε.
564 1683 659 1719 Loci
672 1696 762 1719 sen-

102 1739 220 1774 tentia
252 1739 414 1775 minime
451 1737 587 1776 dubia:
646 1741 763 1787 „Post

102 1795 302 1831 metallum
359 1797 529 1847 sequitur
593 1797 763 1847 Dysorus

103 1863 228 1895 mons,
253 1853 320 1903 qui
342 1851 491 1901 dicitur,
508 1865 584 1905 quo
600 1857 764 1902 superato

105 1908 142 1944 in
164 1906 382 1945 Macedonia
403 1912 494 1953 eris3
533 1911 660 1959 ipsum
681 1909 763 1959 Dy-

68 2000 70 2002 .
105 1976 221 2000 sorum
255 1971 430 2001 montem
465 1977 486 2001 a
523 1966 645 2001 Bolbe
685 1968 764 2002 sive

106 2019 284 2057 Prasiade
304 2022 390 2058 lacu
419 2021 657 2058 occidentem
676 2036 765 2059 ver-

106 2090 169 2114 sus
186 2077 509 2127 proficiscentibus
520 2079 678 2116 obvium
686 2092 764 2116 esse

106 2135 234 2171 statuit
263 2135 448 2172 Gatterer.
476 2136 502 2171 l.
523 2136 548 2172 l.
577 2148 666 2186 pag.
696 2138 763 2176 22.

106 2189 318 2228 Larcherus
338 2193 530 2243 Dysorum
560 2205 630 2243 pro
659 2199 765 2243 parte

106 2249 246 2284 montis
266 2249 436 2299 Pangaei
461 2247 578 2286 habet
607 2256 672 2286 aut
692 2250 765 2286 alio

107 2317 185 2356 quo
206 2306 302 2342 colle
331 2313 523 2356 separato,
553 2306 767 2343 cuiusmodi

107 2362 234 2412 plures
268 2364 309 2399 in
335 2364 408 2399 illis
438 2363 655 2413 regionibus
695 2377 766 2400 ex·-

108 2425 220 2456 stent.
236 2419 293 2456 Cf.
314 2421 503 2457 Mannert.
524 2420 594 2457 VII
613 2434 651 2471 p.
670 2420 766 2461 495.

315 2510 407 2561 Cap.
423 2511 561 2547 XVIII.

167 2586 233 2627 ἐπὶ
254 2588 406 2638 ξείνια]
448 2591 548 2626 Male
580 2591 673 2628 olim
704 2588 769 2630 ἐπὶ

112 2643 260 2700 ξεινίᾳ,
301 2645 404 2697 quod
438 2645 571 2684 Matth.
601 2648 768 2684 retinuit.

113 2702 164 2738 At
185 2708 284 2739 certe
306 2701 467 2740 debebat
496 2717 575 2741 esse
603 2703 668 2743 ἐπὶ
691 2705 765 2752 ξει-

113 2758 194 2811 νίῃ.
233 2758 311 2796 sed
331 2758 409 2796 vid.
430 2761 478 2807 11,
502 2762 595 2802 107.
615 2762 678 2807 VI,
699 2760 766 2802 34.

114 2815 178 2861 lV,
210 2815 288 2857 154
314 2816 407 2868 ibiq.
434 2815 575 2854 laudat.
595 2818 767 2855 voemel.

818 1169 907 1208 pag.
930 1158 996 1196 12.
1053 1156 1104 1192 Et
1122 1154 1201 1192 vid.
1223 1167 1376 1207 quoque
1398 1155 1477 1189 He-

818 1213 902 1251 rod.
922 1214 1012 1262 Vn,
1040 1215 1108 1254 27.
1129 1215 1196 1253 29.
1220 1212 1298 1253 135
1321 1211 1405 1259 (ubi
1425 1218 1477 1246 est

820 1272 839 1319 ξ
854 1286 870 1310 ε
884 1271 930 1309 ἰν
942 1286 955 1310 ι
969 1286 993 1309 α
1012 1268 1294 1321 προθέμενος).
1316 1270 1360 1304 Ιιι
1372 1281 1477 1320 seqq.

820 1327 869 1365 ad
888 1329 1122 1365 locutionem
1143 1321 1221 1365 α’πό
1236 1326 1399 1364 δείπνου
1420 1339 1480 1376 γε-

819 1384 964 1424 νέσθαι
986 1384 1065 1421 vid.
1085 1384 1150 1430 VI,
1178 1385 1255 1423 129
1277 1383 1477 1434 ibiq.nott.

817 1442 881 1479 Ad
910 1443 987 1479 loci
1017 1447 1289 1491 argumentum
1319 1441 1482 1476 wesse-

815 1501 909 1550 ling.
941 1499 1087 1536 confert
1122 1497 1241 1534 Cicer.
1262 1497 1303 1532 iu
1322 1497 1430 1533 Verr.
1450 1497 1479 1542 l,

818 1560 885 1603 26,
914 1557 981 1592 ubi
1008 1557 1118 1607 plura
1145 1553 1370 1590 Herodoteis
1398 1566 1477 1589 non

819 1614 1016 1650 absimilia.
1048 1613 1114 1648 Tu
1141 1611 1219 1648 vid.
1240 1612 1375 1648 lustin.
1396 1611 1478 1658 VH,

819 1673 857 1718 3,
880 1672 946 1723 qui
977 1682 1146 1716 omnem,
1177 1682 1274 1720 quae
1295 1668 1477 1720 sequitur,

818 1729 1077 1764 narrationem
1123 1727 1262 1762 retulit.
1302 1725 1479 1764 διαπί-

819 1800 842 1823 ν
855 1799 871 1823 ε
886 1801 898 1823 ι
909 1800 931 1823 ν
949 1786 989 1820 in
1010 1797 1116 1835 seqq.
1137 1784 1238 1819 valet
1248 1781 1389 1819 bibendo
1402 1794 1478 1817 cer-

820 1845 896 1878 tare
908 1871 920 1887 ,
958 1843 1085 1892 prouti
1120 1841 1236 1875 moris
1275 1838 1346 1874 fuit
1376 1836 1478 1887 apud

818 1899 951 1934 Persas
965 1927 974 1944 ‚
994 1904 1088 1933 teste
1104 1898 1256 1931 Dinone
1277 1893 1379 1945 apud
1399 1895 1480 1930 Ae-

818 1955 909 1990 lian.
929 1954 975 1990 V.
1006 1955 1055 1990 H.
1081 1953 1169 2000 XII,
1202 1954 1220 1991 1
1238 1982 1247 1999 ,
1269 1952 1354 1989 coll.
1376 1952 1482 1988 Bris-

820 2024 903 2047 son.
951 2009 998 2046 de
1045 2022 1125 2060 reg.
1170 2010 1275 2047 Pers.
1320 2009 1482 2059 princip.

820 2069 868 2115 11,
892 2069 985 2115 126,
1007 2080 1083 2119 quo
1104 2068 1182 2102 iam
1201 2067 1260 2103 usi
1280 2079 1411 2103 sumus
1432 2064 1480 2102 ad

821 2125 851 2172 1,
876 2127 968 2164 133.
998 2125 1055 2160 Ac
1082 2124 1192 2174 plura
1213 2122 1262 2159 ad
1289 2121 1329 2160 h.
1350 2123 1375 2160 l.
1399 2123 1480 2159 col-

822 2182 916 2231 legit
934 2179 1186 2218 Valckenaer.
1219 2179 1266 2217 de
1287 2180 1484 2231 praeposi-

825 2239 928 2275 fione
951 2235 1016 2277 διοῖ
1045 2238 1174 2274 multis
1193 2237 1316 2274 verbis
1336 2238 1387 2273 ita
1408 2236 1478 2274 ad·-

823 2294 922 2342 dita,
953 2302 996 2332 ut
1025 2294 1185 2332 certandi
1213 2293 1351 2331 habeat
1385 2295 1478 2340 vim,

823 2351 870 2388 de
892 2352 967 2404 qua
977 2350 1053 2388 vid.
1070 2354 1281 2388 Hermann.
1293 2351 1340 2388 ad
1350 2352 1478 2402 Viger.

821 2421 909 2460 pag.
931 2409 1027 2450 856.

879 2475 978 2527 ἡμῖν
997 2472 1120 2527 νόμος
1144 2474 1223 2515 ἐστὶ
1243 2479 1344 2515 τοῖσι
1374 2474 1477 2525 Πέρ-

827 2546 917 2588 σῃσι
947 2548 984 2572 κ.
1011 2549 1042 2572 τ.
1075 2534 1136 2581 λ.]
1187 2534 1245 2570 De
1281 2531 1355 2569 hoc
1384 2533 1480 2568 Per-

825 2603 951 2628 sarum
979 2603 1087 2627 more
1113 2590 1299 2627 nonnulla
1333 2595 1478 2626 exstant

825 2647 927 2698 apud
954 2648 1119 2684 Brisson.
1151 2648 1176 2684 l.
1203 2647 1228 2683 Ι.
1258 2648 1304 2692 11,
1337 2647 1478 2686 127-

829 2706 919 2745 129.
959 2705 1032 2740 Vix
1052 2705 1115 2740 ille
1135 2703 1183 2739 ad
1203 2703 1364 2753 priscam
1383 2703 1479 2739 Per-

823 2774 952 2797 sarum
982 2768 1143 2797 aetatem
1172 2760 1391 2810 pertinuisse
1420 2760 1477 2796 vi-

824 2817 955 2864 detur,
984 2816 1049 2854 sed
1078 2817 1206 2854 seriori
1235 2817 1346 2853 aetati
1374 2814 1476 2853 haud

1478 432 1551 463 ‘um
1555 433 1585 457 nt
1589 438 1621 456 ιε
1639 428 1734 457 Dario

1476 473 1510 490 se
1530 457 1612 491 dedit
1634 463 1719 503 lega-

1474 502 1519 524 tos
1524 507 1550 533 q·
1555 506 1591 545 xe
1599 506 1630 523 co
1634 497 1739 524 nvivio

1474 532 1580 558 lautiss
1568 531 1642 557 simo
1673 530 1751 558 exci—

1475 565 1529 600 pit.
1565 564 1623 603 Qui
1650 573 1718 592 cum

1476 599 1580 632 adpoti
1599 598 1669 625 siem
1661 606 1728 624 mas

1476 637 1582 659 contra
1609 631 1752 659 Macedo-

1477 676 1494 693 n
1500 675 1546 692 um
1565 674 1690 700 m0‚rem
1705 665 1752 693 fa-

1478 700 1527 727 cili
1546 704 1647 727 tamen
1666 686 1703 727 Α’-

1478 742 1504 760 ιιι
1508 743 1536 767 §¹
1530 738 1596 766 uta
1615 734 1653 760 ad
1668 741 1736 761 coe—

1477 776 1516 794 na
1520 776 1545 794 m
1560 767 1753 806 depoposcis-

1476 804 1556 834 sent,
1575 810 1607 828 ιιι
1622 809 1738 842 easque

1478 844 1512 862 se
1533 835 1719 870 petulantius

1477 873 1634 904 gererent,
