1851 3181
439 249 524 290 454

836 248 1307 286 HERODOTI

440 360 543 409 „zos
571 354 658 399 ὑπὸ
689 353 840 411 ὀλίγου
877 357 1181 412 διαφθείρεται
1209 355 1320 400 κατά
1349 356 1534 400 τοιόνδε.
1576 354 1708 400 ἐπεάν

440 436 546 479 ,,σφι
589 422 612 466 ὁ
641 422 744 473 θεὸς
775 424 1007 481 φθονήσας
1038 425 1185 480 φόβον
1215 423 1404 480 ἐμβάλῃ,
1442 422 1471 479 ἢ
1503 424 1706 480 βροντὴν,

441 490 520 545 ,,δι’
554 486 616 534 ὧν
632 488 894 548 ἐφθάρησαν
921 491 1108 544 ἀναξίως
1139 491 1333 535 ἑωυτῶν·
1366 490 1420 538 οὐ
1438 491 1524 547 γὰρ
1552 493 1709 549 ἐᾷφρο-

388 559 585 611 15,,νέειν
617 559 726 614 μέγα
762 557 786 602 ὁ
816 559 919 610 θεὸς
960 559 1095 603 ἄλλον
1131 559 1158 616 ἦ
1188 558 1364 603 ἑωυτόν.

442 626 550 682 ,,μὲν
578 642 662 668 ’νυν
692 631 780 670 πᾶν
799 632 977 683 πρῆγμα
1006 629 1137 671 τίκτει
1167 626 1420 682 σφάλματα,
1449 626 1497 670 ἐκ
1525 631 1612 669 τῶν
1643 630 1709 682 ζη-
1723 633 1766 666 86

442 695 564 748 ,,μίαι
594 691 774 749 μεγάλαι
794 695 994 751 φιλέουσι
1021 697 1241 751 γίνεσθαι·
1281 695 1329 738 ἐν
1359 695 1404 738 δὲ
1434 698 1496 753 τῷ
1525 694 1711 749 ἐπισχεῖν

441 762 608 814 »ἔνεστι
646 760 846 818 άγαθὰ,·“
876 764 912 806 εἰ
955 764 1013 819 μὴ
1054 764 1302 818 παραυτίκα
1347 761 1556 805 δοκέοντα
1586 760 1710 811 εἶναι,

443 827 559 882 ,,άλλ’
592 827 676 873 ἀνά
706 829 869 886 χρόνον
900 830 1067 885 ἐξεύροι
1096 848 1158 882 τις
1181 829 1248 874 ἄν.
1307 830 1393 873 Σοὶ
1422 830 1502 886 μὲν
1531 829 1583 885 δή
1611 833 1713 873 ταῦ-

390 905 543 951 16,,τα,
575 893 609 941 ὦ
641 901 834 953 βασιλεῦ,
874 898 1172 954 συμβουλεύω.
1235 898 1304 942 Σύ
1335 899 1402 951 δὲ,
1447 894 1483 941 ὦ
1515 902 1598 941 παῖ
1622 901 1711 941 Γω-

388 1108 475 1132 rum
487 1094 624 1132 dicitur
644 1094 800 1143 invidia,
823 1094 870 1131 de
891 1096 1002 1147 qual.
1025 1096 1050 1134 l.

388 1153 470 1202 egi3
521 1154 659 1204 quibus
680 1165 783 1189 nunc
813 1153 931 1189 velim
951 1151 1053 1200 addi,

390 1222 489 1260 quae
522 1211 615 1246 olim
642 1211 742 1246 bene
774 1208 978 1259 disputavit
1010 1209 1052 1247 C.

388 1267 419 1302 Ι.
440 1265 679 1305 Besenbeck.
711 1267 749 1302 in
771 1266 868 1302 Diss.
898 1264 972 1312 „de
990 1266 1053 1301 in-

389 1321 491 1358 vidia
512 1329 548 1359 et
562 1323 831 1359 malevolentia
851 1324 923 1360 τοῦ
935 1322 1052 1360 θείου

389 1377 438 1414 ad
457 1379 587 1415 locum
608 1378 791 1415 Herodoti
811 1379 840 1425 I,
868 1379 946 1418 32“
978 1380 1052 1414 Er-

388 1436 493 1484 lang.
541 1437 661 1476 1787.
692 1435 718 1475 4
757 1447 845 1485 pag.
881 1436 920 1473 9.
995 1436 1052 1471 Ita

392 1493 497 1527 enim
524 1492 588 1528 ille
618 1491 803 1528 Herodoti
825 1492 1052 1528 sententian]

393 1550 571 1598 exponit:
603 1562 708 1596 „non
739 1547 848 1585 decet
877 1547 1052 1585 homiues

393 1604 461 1641 sua
500 1605 651 1641 fortun&
679 1606 791 1641 nimis
822 1619 862 1642 se
893 1604 1053 1652 efferre3

392 1674 555 1707 summa,
588 1661 660 1713 quei
682 1663 787 1697 nulla
802 1663 925 1698 maior
945 1664 1054 1712 cogi-

391 1719 464 1753 tari
502 1725 643 1767 potest,
697 1717 862 1755 hominis
896 1718 1053 1754 felicitas

392 1774 534 1823 fragilis
564 1781 618 1811 est
648 1782 762 1826 atque
791 1774 958 1822 caduca,·
988 1777 1054 1827 qui

391 1844 431 1867 se
451 1832 621 1867 mortalis
655 1844 850 1868 summum
869 1832 1054 1869 felicitatis

393 1888 542 1937 apicem
563 1887 787 1924 adsecutmn
796 1902 875 1925 esse
896 1890 1056 1926 arbitra-

394 1950 455 1980 tur
479 1945 608 1995 itaque
629 1958 760 1981 secum
782 1947 842 1995 agi
853 1947 1055 1993 existimat,

394 2007 438 2036 ut
457 1999 552 2037 nihil
573 2015 644 2038 nec
666 2009 772 2039 curet
802 2003 963 2053 amplius
984 2016 1056 2039 nec

394 2057 549 2104 timeat,
579 2058 691 2094 facile
711 2058 893 2107 deorum,
923 2073 1057 2110 super-

395 2113 452 2150 bis
485 2113 704 2152 hominibus
733 2117 941 2164 iratorum,
970 2118 1058 2153 vin-

394 2168 537 2206 dictam
592 2173 786 2222 experitur
805 2202 814 2220 ,
873 2173 1058 2225 faterique

396 2228 564 2276 cogitur,
607 2230 787 2265 miseram
823 2242 901 2266 esse
944 2237 1057 2281 atque

400 2296 668 2320 aerumnosam
697 2288 816 2322 vitam
846 2284 1058 2322 humanam

401 2341 703 2392 calamitatisque
740 2342 936 2392 plenam.“
995 2344 1061 2393 Ip-

399 2409 486 2433 sum
519 2398 679 2433 verbum
701 2393 885 2436 κολούειν
905 2396 977 2435 hac
1003 2398 1062 2435 tle-

400 2453 571 2490 curtamlz'
588 2455 613 2490 i.
631 2467 664 2493 e.
687 2454 915 2491 imminuendi
943 2455 1061 2504 signi-

401 2509 578 2546 ficatione
589 2509 692 2546 idem
705 2509 877 2547 adhibuit
887 2510 1061 2562 Aeschy-

409 2567 466 2603 lus
486 2567 525 2602 in
553 2568 660 2604 Pei-s.
695 2570 799 2608 1036
830 2567 1061 2615 Blomfield„

404 2636 521 2674 quem
540 2623 617 2661 vid.
639 2625 677 2660 iu
699 2624 862 2661 Glossar.
885 2623 931 2661 ad
961 2625 986 2661 l.
1006 2625 1032 2661 l.

463 2677 563 2718 κατά
593 2675 777 2729 τοιόνδε]
829 2682 915 2717 1)υο
946 2679 1059 2718 codd.

406 2738 575 2773 inserunt
613 2738 815 2774 articulum
849 2732 905 2777 τό.
982 2737 1061 2775 Sed

404 2792 480 2830 vid.
501 2794 564 2839 IV,
595 2794 662 2835 48.
692 2794 759 2836 50.
790 2816 840 2822 —
884 2795 927 2829 In
956 2807 1059 2847 seqq.

408 2847 580 2902 βροντήν
595 2849 804 2889 Larcherus
820 2851 938 2902 accipi
959 2851 1060 2889 vult:

1110 1097 1246 1148 l’esprz't
1276 1096 1317 1133 de
1339 1097 1473 1144 vertige
1501 1097 1535 1131 et
1565 1093 1769 1141 d’aveugle-

1110 1157 1229 1199 ment,
1260 1152 1536 1204 ἔμβροντησιά.
1576 1149 1770 1202 Equidem

1109 1223 1189 1246 11011
1210 1209 1343 1257 video,
1366 1222 1433 1245 cur
1453 1221 1475 1244 a
1494 1209 1685 1258 primitiva
1699 1220 1771 1243 vo-

1111 1267 1162 1303 cis
1184 1267 1341 1302 notione
1362 1264 1553 1301 recedffln.
1574 1286 1630 1290 ——
1676 1265 1771 1300 Mox

1110 1336 1200 1359 cum
1233 1320 1452 1371 Schweigh.
1487 1328 1524 1357 et
1545 1320 1662 1357 Gaisf.
1683 1319 1772 1357 dedi

1111 1378 1207 1431 μέγα
1226 1378 1245 1420 ὅ
1268 1376 1364 1426 θεός
1398 1375 1539 1425 ἄλλον,
1568 1378 1634 1414 ubi
1653 1378 1770 1429 vulgo

1111 1433 1231 1475 ἄλλον
1254 1434 1353 1488 μέγα
1369 1432 1389 1475 ὅ
1408 1431 1516 1481 θεός.

1388 1526 1426 1571 ς.
1457 1528 1494 1565 6.

1168 1600 1431 1655 Ἐπειχθῆναι
1452 1602 1524 1654 μέν
1535 1618 1610 1642 νυν
1620 1619 1657 1642 κ.
1668 1617 1700 1642 τ.
1715 1604 1770 1653 λ.]

1110 1660 1269 1697 Attendi
1287 1662 1392 1698 iubet
1413 1660 1461 1697 ad
1477 1660 1663 1698 eiusmodi
1683 1674 1773 1697 seu-

1110 1719 1245 1754 tentias
1267 1717 1523 1754 Hoffmeister.
1545 1719 1569 1755 l.
1586 1719 1612 1754 l.
1645 1732 1683 1767 p.
1704 1715 1771 1765 43,

1112 1776 1254 1826 quippe
1274 1775 1313 1810 in
1334 1775 1469 1826 quibus
1490 1775 1577 1810 insit
1598 1774 1773 1824 egregiae

1112 1830 1340 1882 prudentiae
1399 1829 1592 1867 humanae
1651 1831 1771 1877 notio,

1113 1900 1211 1940 quae
1243 1889 1304 1925 vel
1323 1889 1365 1924 in
1394 1900 1439 1924 eo
1471 1888 1638 1936 eluceat,
1668 1885 1774 1940 quod

1112 1943 1404 1982 commendetur
1419 1945 1622 1981 cunctatio.
1634 1965 1690 1972 —
1709 1943 1772 1981 Ad

1112 2015 1249 2039 vocem
1271 1997 1482 2051 σφάλματα
1504 2001 1605 2038 conf.
1625 2001 1712 2049 VII,
1732 2002 1772 2041 6.

1172 2057 1207 2097 εἰ
1241 2055 1295 2109 μή
1324 2058 1549 2108 παραυτίκα
1583 2056 1774 2097 δοκέοντα

1115 2110 1229 2163 εἶναι,
1262 2110 1342 2153 ἀλλ’
1369 2111 1447 2154 civo?
1487 2111 1631 2165 χρόνον
1665 2110 1774 2162 ἐξεύ-

1114 2187 1177 2223 ροι
1201 2186 1259 2218 τις
1289 2167 1376 2220 ἂν]
1429 2172 1626 2210 Sententia
1645 2172 1772 2222 plana,

1113 2229 1319 2265 verborum
1348 2235 1534 2265 structura
1563 2228 1677 2278 paulo
1696 2228 1774 2263 im-

1115 2284 1300 2335 peditior,
1331 2297 1421 2320 eum
1451 2284 1531 2320 fere
1551 2286 1590 2320 in
1611 2282 1774 2320 modum
1831 2322 1834 2323 ⁷

1117 2339 1376 2391 expedienda:
1417 2354 1505 2392 quae
1536 2341 1644 2390 (bona
1674 2337 1772 2392 scil.)

1117 2400 1149 2435 si
1173 2400 1293 2435 statim
1318 2397 1455 2447 quidem
1492 2398 1596 2435 nulla
1626 2397 1774 2436 videan-

1117 2458 1177 2491 tur
1195 2467 1280 2501 esse,
1311 2457 1472 2505 temporis
1491 2458 1606 2492 tamen
1625 2455 1774 2492 decursu

1117 2513 1195 2560 quis
1215 2513 1365 2548 inveniet
1395 2510 1504 2560 (scil.
1537 2512 1640 2549 bona
1661 2510 1770 2561 esse).

1116 2568 1348 2605 Particulam
1378 2563 1478 2607 ἄλλά
1509 2567 1683 2618 (saltem,
1712 2570 1772 2604 ta-

1116 2621 1223 2672 men),
1261 2623 1513 2675 praecedente
1543 2624 1579 2664 εἰ
1607 2621 1683 2674 μή,
1713 2628 1773 2659 at-

1116 2672 1262 2732 tigi'ad
1294 2683 1360 2729 111,
1391 2684 1447 2722 72
1475 2681 1561 2718 0011.
1592 2681 1672 2727 Vn,
1706 2681 1770 2718 11.

1115 2739 1174 2774 De
1201 2738 1394 2774 locutione
1431 2733 1510 2776 άνοὶ
1533 2732 1674 2790 χρόνον
1693 2733 1771 2772 vid.

1117 2796 1146 2841 Ι,
1181 2797 1274 2835 173.
1290 2796 1336 2842 V,
1357 2797 1409 2835 27
1425 2795 1554 2847 ibique
1573 2798 1668 2830 nott.
1687 2791 1769 2839 Vll,

1431 558 1712 616 Ἐπειχθῆναι
1767 557 1848 602 514
