1789 3213
340 261 429 297 AD
474 259 949 297 HERODOTUM
997 258 1078 307 VI,
1124 259 1202 298 69.
1430 258 1515 299 805

23 374 69 414 ab
96 372 248 412 eiusdem
263 377 389 424 portae
401 376 507 423 parte
526 371 644 409 altera
666 369 712 425 (i.
735 385 768 409 e.
790 370 978 422 oppositcl)
1009 372 1062 408 ita
1075 400 1085 419 ,
1122 374 1163 408 ut
1185 372 1354 408 introrsus
1368 372 1401 406 et
1421 367 1512 420 Iup-

16 443 112 493 piter
133 445 165 479 et
184 440 297 478 Heros
317 442 490 490 utrimque
514 440 653 477 aditum
672 444 821 477 tenerent
842 444 874 476 et
908 441 1013 490 quasi
1041 441 1253 476 tutarentur.
1309 438 1366 474 Ac
1394 437 1514 488 perti-

21 510 164 546 nebant
182 507 254 545 hae
274 509 473 559 religiones
493 521 582 545 cum
603 506 651 544 ad
670 508 909 544 securitatem
929 506 1082 543 aedium
1110 507 1342 558 privatarum
1360 511 1444 542 tum
1464 504 1513 542 ad

21 577 271 614 sanctitatem.
328 577 378 613 Et
402 575 555 628 quando
578 577 744 612 Herceus
763 575 934 625 Iuppiter
952 575 1135 611 Italorum
1153 573 1346 611 Penatibus
1365 579 1513 624 poterat

20 645 211 681 accenseri
231 643 326 690 (vid.
347 643 394 681 ad
415 645 478 692 VI,
501 646 586 693 68),
615 644 828 694 geutilicius
849 641 959 679 heros
988 643 1217 679 Astrabacus
1244 641 1355 678 Laris
1381 642 1512 678 locum

18 714 190 752 sustinet.
246 711 360 749 Haud
381 711 499 749 dubie
515 713 617 748 enim
636 713 676 748 in
696 712 810 749 sacris
828 712 982 762 privatis
1002 709 1113 748 valde
1135 716 1318 760 cognatus
1344 710 1443 746 inter
1472 721 1511 745 se

18 780 92 818 fuit
111 780 232 817 cultus
251 792 356 816 sacer
375 787 549 818 veterum
569 781 813 831 populorum,
836 792 930 831 quos
951 778 1128 816 diximus.
1168 778 1250 823 Qua
1271 775 1318 814 de
1342 789 1383 813 re
1403 777 1512 827 plura

19 847 165 885 contuli
198 847 239 883 in
261 847 414 884 Annall.
447 846 689 898 Heidelberg.
723 849 828 887 1817
856 861 916 885 nr.
938 849 991 887 78
1013 860 1052 897 p.
1083 848 1189 887 1236
1209 858 1290 897 seq.
1347 845 1418 881 Hic
1439 844 1512 880 alia

19 915 181 966 paucula
200 915 396 951 subiiciam
415 915 676 952 coniunctiora
697 928 785 952 cum
805 913 1023 952 Herodoteo
1046 913 1117 951 hoc
1140 919 1379 964 argumento.
1447 910 1512 948 Ad

19 983 259 1020 securitatem
278 983 395 1033 igitur
415 990 557 1034 spectat
577 982 683 1031 illud,
706 981 809 1034 quod
824 983 883 1019 alii
906 982 1067 1033 Iuppiter
1080 981 1203 1020 Custos
1216 994 1305 1018 oum
1324 980 1423 1018 Lare
1444 991 1511 1016 co-

18 1051 170 1101 pulatur
188 1064 257 1102 per
277 1052 483 1100 attributa3
513 1065 549 1093 v,
571 1065 604 1088 c.
633 1065 701 1102 per
721 1051 945 1088 adiunctum
976 1063 1106 1089 canem.
1164 1051 1221 1086 Ita
1246 1049 1311 1085 ille
1342 1047 1511 1098 Iuppiter

18 1119 166 1155 fulmen
184 1125 317 1155 tenens
339 1120 547 1156 accubante
568 1132 662 1156 cane
682 1120 814 1158 visitur
833 1120 873 1155 in
892 1121 1068 1156 Lucerna
1095 1118 1296 1169 sepulcrali
1325 1129 1385 1166 ap.
1414 1117 1511 1151 Bar-

18 1187 84 1223 tol.
120 1193 157 1223 et
185 1186 396 1223 Bellorium
426 1188 467 1222 in
501 1188 666 1224 Lucern.
685 1185 876 1238 sepulchr.
898 1193 995 1238 part.
1016 1188 1051 1222 Π
1070 1200 1109 1237 p.
1135 1189 1171 1226 1.
1226 1185 1386 1221 Laribus
1408 1184 1511 1219 enim

18 1255 68 1292 ob
88 1253 207 1291 fidam
226 1253 438 1291 custodiam
459 1254 760 1291 attribuebantur
787 1267 912 1294 canes.
970 1253 1057 1291 Vid.
1078 1254 1289 1304 scriptores,
1311 1265 1406 1304 quos
1426 1252 1511 1287 lau-

18 1322 106 1360 davi
125 1321 173 1359 ad
193 1322 312 1359 Cicer.
335 1321 382 1359 de
401 1324 448 1359 N.
468 1323 516 1359 D.
536 1322 585 1370 11,
606 1323 661 1362 27
682 1335 720 1373 p.
740 1322 820 1363 315
843 1329 881 1359 et:
902 1320 950 1358 ad
969 1323 1034 1369 ΙΙΙ,
1056 1321 1108 1362 25
1138 1335 1178 1371 p.
1204 1322 1298 1360 633.
1360 1317 1512 1355 Sancti-

18 1393 106 1428 tatis
136 1397 173 1428 et
193 1391 372 1428 castitatis
391 1402 503 1440 supra
526 1387 594 1437 [ad
613 1389 679 1438 VI,
701 1391 753 1431 68
770 1403 809 1440 p.
831 1389 938 1438 320]
968 1388 1208 1425 mentionem
1233 1387 1416 1434 fecimus,
1446 1386 1512 1423 ubi

17 1458 295 1512 quaerebamus
310 1488 320 1507 ‚
347 1470 415 1494 cur
444 1456 495 1494 ad
513 1458 650 1493 Hercei
669 1457 767 1494 Iovis
788 1470 891 1493 aram
914 1463 1040 1493 ortum
1060 1468 1174 1493 suum
1194 1455 1409 1506 exploraret
1431 1455 1510 1490 De-

16 1533 198 1564 maratus.
254 1527 388 1578 Neque
415 1526 545 1563 minus
574 1523 785 1561 earundem
812 1524 1043 1574 religionum
1070 1524 1217 1574 legibus
1247 1522 1511 1559 continebatur

16 1592 46 1647 ἦ
58 1593 240 1647 οἶκουρία
254 1593 485 1645 feminarum,
515 1606 605 1631 cum
626 1599 732 1644 septo
754 1591 938 1629 excedere
958 1593 1075 1644 inque
1093 1591 1196 1629 viam
1215 1589 1368 1641 prodire
1387 1588 1512 1626 hone-

15 1670 72 1702 ste
90 1676 172 1700 non
185 1668 339 1714 possent
356 1662 548 1699 mulieres.
606 1661 731 1706 Quam
750 1673 833 1697 rem
854 1661 978 1711 attigit
1005 1657 1192 1697 Valcken.
1202 1657 1251 1695 ad
1270 1657 1413 1696 Herod.
1444 1658 1509 1705 IV,

20 1729 114 1773 114.
141 1730 349 1780 BoettIger.
378 1730 450 1766 Die
479 1727 716 1769 Aldobrand.
745 1726 891 1766 Hochz.
918 1741 957 1779 p.
980 1726 1059 1769 134
1081 1734 1119 1764 et
1139 1732 1308 1763 annotat.
1323 1732 1439 1764 nostr.
1460 1724 1510 1762 ad

15 1799 182 1836 Musonii
200 1798 339 1848 fragm.
358 1797 400 1834 in
420 1795 534 1834 stud.
553 1797 606 1834 IV
624 1810 662 1847 p.
685 1798 778 1836 130.
834 1797 946 1833 Nunc
966 1796 1006 1832 in
1026 1794 1195 1833 clausula
1221 1793 1418 1832 Herodoto
1439 1806 1510 1844 ap-

16 1868 167 1920 plicabo
186 1864 283 1904 illud
300 1863 502 1901 Menandri
517 1870 652 1915 poetae
671 1862 773 1914 apud
794 1863 903 1900 Stob.
924 1863 1050 1901 Serm.
1070 1877 1104 1900 c.
1128 1865 1232 1903 163:

291 1938 382 1980 τοὺς
405 1941 472 1985 τῆς
495 1951 587 1984 γαμ
602 1951 617 1974 ε
633 1939 715 1984 τῆς
740 1934 852 1983 ὅρους
875 1936 1114 1984 ὖπερβαίνεις
1136 1935 1246 1982 γύναι

291 1995 354 2032 διοὶ
371 1997 439 2041 τὴν
465 1994 640 2031 αὐλάν·
664 1995 780 2041 πέρας
804 1994 875 2041 γὰρ
903 1992 1070 2030 αὕλειο
1084 2008 1101 2036 ς
1126 1993 1257 2039 θύρα

290 2052 470 2101 ἐλευθέρᾳ
492 2052 691 2098 γυναικὶ
713 2050 895 2096 νενόμιστ’
920 2052 1049 2092 οἰκίας.

17 2128 88 2166 cui
106 2128 191 2165 loco
210 2126 375 2164 similem
393 2125 565 2163 Philonis
585 2124 632 2162 de
652 2124 875 2176 specialibus
894 2125 1041 2175 legibus
1058 2123 1185 2161 iunxit
1212 2133 1373 2173 maguus
1393 2120 1508 2158 Vale-

16 2198 92 2235 sius
122 2194 171 2233 ad
197 2194 352 2231 Eusebii
371 2194 512 2236 Histor.
537 2193 720 2231 Constant
745 2193 809 2241 IV,
831 2194 857 2234 7
888 2206 927 2244 p·
949 2191 1045 2242 568,
1066 2192 1132 2230 ubi
1156 2190 1271 2229 etiam
1301 2186 1506 2240 οἰκουρίας

18 2265 155 2304 diserta
172 2262 358 2302 mentio.“
390 2285 438 2290 —
