1870 3249
362 206 1020 244 TERPSICHORE.
1079 207 1125 244 V.

119 319 166 362 δὲ
194 315 362 360 τούτων
380 315 459 370 μὲν
481 313 689 367 οὐδέτερα
718 315 898 367 αἱρέετο,
927 314 1136 371 ἀνεχώρεε
1167 315 1213 358 δὲ
1244 314 1381 358 ὀπίσω
1438 317 1502 366 ¹¹¹²?

117 386 161 438 ἐς
192 386 392 438 Σίγειον,
423 383 472 426 τό
504 380 587 426 εἷλε
621 384 932 435 Πεισίστρατος
973 385 1105 440 αἰχμῇ
1133 382 1255 436 παρὰ
1284 387 1385 426 Μυ-

1298 209 1380 248 193

1505 324 1520 343 ι·
1551 316 1716 345 Athenien-

1439 359 1489 377 ses
1513 358 1548 376 ac
1575 351 1625 386 My
1622 352 1701 380 tile·

119 453 374 509 τιληναίων·
415 451 635 506 κρατήσας
675 451 720 494 δὲ
759 449 921 502 αὐτοῦ,
959 454 1190 507 κατέστησε
1228 449 1383 505 τύραν-

116 537 197 565 νον
227 517 339 562 εἶναι
368 521 504 562 παῖδα
543 519 622 562 τὸν
651 518 820 562 ἑωυτοῦ
859 518 1003 561 νόθον
1030 516 1381 574 ἹΙγησίστρατον,

114 587 327 645 γεγονότα
357 586 398 638 ἐξ
423 586 614 643 Ἀργείης
643 585 877 642 γυναικός·

111 672 157 712 χε
195 655 249 699 τά
289 670 369 708 περ
419 655 543 709 ἔλαβε
592 650 719 708 παρὰ
753 653 1084 707 Πεισιστράτου.

922 584 971 636 ὃς
1002 585 1086 629 οὐκ
1116 585 1300 642 ἀμαχητὶ
1330 585 1383 630 εἷ-

1149 655 1382 709 ἐπολέμεον
1396 658 1442 696 45

1442 392 1537 411 naeus
1567 361 1717 413 bellorum

1441 426 1579 452 causam,

84 723 198 779 3γοὶρ
223 722 268 766 ἔκ
296 738 340 765 τε
364 721 605 779 Ἀχιλληίου
633 722 787 775 πόλιος
809 720 1080 779 ὁρμειόμενοι
1109 722 1182 766 καὶ
1204 725 1384 778 Σιγείου
1443 725 1525 769 425

55 898 198 935 Blomf.
220 898 306 934 coll.
339 895 482 933 Herod.
510 897 591 933 VII.
623 897 718 937 152.

55 954 348 1004 Μυτιληναίων
385 960 422 989 et
445 955 718 1003 Μυτιληναῖοι

57 1010 145 1048 dedi
168 1024 237 1062 pro
270 1012 509 1059 Μιτυλην.
549 1031 606 1036 —
653 1009 717 1046 Ad

55 1069 172 1106 verba
195 1065 404 1116 κατέστησε
432 1081 634 1117 τυραννον
661 1062 718 1104 εἶ-

55 1139 122 1164 ναι
152 1124 253 1161 conf.
275 1124 416 1160 similes
438 1129 645 1159 structuras
667 1122 716 1159 acl

54 1182 99 1230 V,
131 1181 184 1222 25
213 1181 329 1218 allatt.
358 1180 479 1216 Paulo
509 1180 608 1216 infra
628 1192 718 1216 cum

54 1244 212 1275 recentt.
243 1251 264 1274 e
297 1236 488 1275 Sancrofti
518 1237 614 1274 libro
647 1250 719 1273 ex-

53 1293 162 1332 hibui
180 1290 304 1346 τάπερ
342 1292 470 1345 ἔλαβε,
503 1295 571 1330 ubi
598 1294 716 1344 vulgo

28 1394 36 1399 „
53 1349 102 1390 τοὶ
143 1350 362 1402 παρέλαβε,
415 1349 520 1403 quod
561 1352 719 1388 retinuit

55 1406 411 1458 Schweighaeuser.

110 1463 326 1516 ἐπολέμεον
336 1461 411 1516 γοῖρ
422 1477 459 1502 κ.
469 1477 502 1502 τ.
514 1463 567 1512 λ.]
585 1463 718 1511 „Quae

54 1520 233 1573 deinceps
251 1528 392 1569 narrat,
413 1533 491 1557 non
506 1527 717 1558 evenerunt

50 1579 127 1628 illa,
149 1577 243 1616 dum
261 1579 465 1628 imperaret
478 1579 716 1628 Hegesistra-

51 1641 111 1673 tus
133 1636 263 1686 Sigeo.
303 1636 411 1672 More
431 1647 513 1682 suo,
534 1635 634 1671 facta
654 1635 714 1672 Si-

51 1693 114 1743 gei
133 1693 349 1740 mentione,
381 1691 508 1729 bellum
535 1691 714 1728 Herodo-

53 1755 113 1787 tus
131 1751 172 1785 in
191 1756 408 1786 transcursu
435 1755 715 1785 commemorat

55 1805 98 1843 de
119 1805 230 1854 Sigeo
249 1807 342 1842 inter
371 1805 599 1842 Athenienses
633 1805 715 1843 olem

57 1865 90 1898 et
119 1861 360 1911 Mitylenaeos
387 1846 547 1909 gestum3
585 1862 715 1898 forsan

57 1923 100 1953 ut
119 1918 358 1954 occasionem
379 1918 449 1953 sibi
476 1925 625 1968 pararet
644 1919 717 1953 Al-

57 1974 140 2010 caei
160 1974 389 2010 carminibus
401 1972 646 2010 decantatum
657 1974 718 2010 fa·-

55 2030 164 2067 cinus
183 2029 377 2066 narrandi.
407 2031 533 2067 Duces
552 2031 616 2067 ille
636 2043 716 2067 non

53 2087 240 2134 nominat,
261 2099 387 2138 neque
405 2085 582 2123 fraudem
595 2116 605 2134 ,
640 2086 717 2139 qua

51 2141 303 2194 Phrynonem
323 2143 573 2180 circumvenit
590 2142 715 2180 Athe-

53 2201 227 2236 niensem
245 2201 414 2236 Pittacus
437 2200 504 2248 [ob
523 2212 621 2252 quae
633 2201 714 2250 ipsa

56 2257 193 2294 omissa
220 2255 417 2293 Herodoto
458 2257 714 2294 calumniatur

53 2313 397 2365 Pseudoplutarch.
407 2314 492 2364 Hp.
506 2313 588 2354 858
599 2314 647 2351 A.
667 2316 718 2351 Et

55 2371 214 2406 miratur
267 2383 421 2422 quoque
467 2371 717 2421 Wesseling.‚

56 2439 125 2463 cur
136 2427 285 2463 nullam
295 2429 431 2463 Noster
450 2425 564 2464 huius
584 2428 639 2464 rei
658 2428 718 2464 fe-

56 2484 148 2520 cerit
167 2484 419 2530 mentionem,
460 2497 551 2521 cum
573 2485 717 2535 optima

55 2539 235 2576 narrandi
255 2546 350 2577 esset
371 2540 497 2576 oblata
518 2542 715 2589 occasio.].

54 2595 145 2634 Post
175 2595 269 2633 illud
296 2597 443 2633 bellum
469 2597 587 2634 lectus
616 2599 721 2635 arbi-

54 2658 112 2689 ter
130 2651 338 2689 Periander
358 2652 575 2704 Cypselides
595 2653 720 2691 Athe-

55 2710 247 2747 niensibus
282 2710 443 2760 Sigeum
473 2708 717 2752 adiudicavit,

55 2765 206 2804 Mortuo
226 2765 436 2803 Periandro
466 2766 626 2815 Sigeum
654 2780 719 2803 re-

57 2834 253 2874 cuperasse
274 2822 451 2860 videntur
472 2824 718 2875 Mitylenaei3

116 2881 337 2918 Hnstonor.
358 2881 426 2918 111.

777 898 913 949 quibus
945 895 1041 934 illud
1062 897 1175 934 armis
1197 897 1350 934 abstulit
1370 896 1442 934 de-

775 954 907 1006 ditque
939 953 1154 1005 regendum
1181 955 1440 1005 Hegesistrato

773 1013 1000 1049 Pisistratus.
1032 1013 1138 1047 Haec
1157 1011 1227 1047 ista
1246 1013 1276 1047 si
1293 1012 1440 1049 ratione

775 1067 1008 1118 digerantur,
1036 1075 1267 1104 evanescunt
1287 1068 1442 1118 plerae-

775 1138 850 1176 que
862 1124 1117 1171 difficultates,
1129 1137 1227 1176 quae
1240 1126 1338 1161 viros
1352 1138 1442 1162 eru-

775 1182 871 1219 ditos
891 1188 1164 1227 exercuerunt,
1196 1183 1312 1218 etiam
1332 1182 1443 1219 Bou-

774 1237 939 1275 hierium
955 1240 1051 1275 Diss.
1065 1252 1128 1275 sur
1145 1238 1288 1275 Herod.
1307 1253 1346 1289 p.
1361 1239 1440 1279 165

774 1295 971 1333 Herodoto
1000 1296 1234 1332 tribuentem
1266 1303 1302 1332 et
1331 1297 1442 1333 Stra-

773 1353 879 1400 boni,
907 1366 1006 1405 quae
1026 1351 1125 1388 mihi
1144 1359 1281 1389 neuter
1302 1351 1441 1389 dixisse

774 1409 948 1447 videtur:
981 1408 1078 1446 nihil
1103 1409 1151 1446 de
1181 1411 1440 1460 Hegesistrato

775 1467 936 1513 Strabo3
967 1480 1039 1503 nec
1060 1479 1151 1503 sane
1172 1467 1330 1513 bellum,
1362 1479 1440 1519 quo

773 1525 1077 1574 Hegesistratum
1107 1524 1300 1573 agitaruut
1320 1525 1441 1575 Mity-

771 1581 917 1629 lenaei,
951 1593 973 1617 a
1002 1579 1213 1617 Periandro
1245 1581 1440 1631 composi-

771 1645 857 1675 tum
887 1638 1017 1675 scribit
1047 1636 1278 1674 Herodotus.
1327 1639 1440 1675 Prius

770 1694 866 1732 illud
889 1695 1056 1742 bellum,
1097 1693 1257 1731 ducibus
1290 1695 1439 1732 Pittaco

771 1759 809 1789 et
829 1750 1039 1803 Phrynone
1069 1758 1222 1801 gestum
1241 1751 1356 1789 fuisse
1379 1751 1441 1788 di-

772 1810 872 1846 citur
914 1809 1105 1859 plerisque
1135 1807 1227 1857 περὶ
1263 1808 1440 1859 Σιγείου,

773 1866 890 1901 etiam
903 1863 1036 1902 Schol.
1056 1865 1098 1900 in
1117 1862 1258 1900 Aesch.
1270 1866 1440 1902 Eumen.

775 1920 853 1961 401
873 1920 963 1971 περὶ
981 1923 1053 1971 τῆς
1063 1915 1340 1970 Ἀχιλλεΐτιδος
1361 1916 1445 1972 xcxii

776 1992 848 2028 ρας
879 1978 1046 2028 Diogen.
1077 1978 1204 2015 Laert.
1234 1978 1264 2024 I,
1287 1977 1355 2018 74.
1393 1979 1439 2014 In

772 2034 844 2070 isto
872 2034 959 2071 loco
987 2034 1114 2071 vicino
1145 2035 1345 2070 castellum
1368 2047 1440 2071 ex-

771 2096 989 2127 struxerant
1024 2090 1268 2141 Mitylenaei,
1305 2090 1441 2142 Ἀχίλ-

770 2149 878 2186 λειον
900 2146 1058 2194 dictum,
1081 2147 1243 2197 Sigeum
1270 2149 1440 2185 tenenti-

770 2203 841 2240 bus
874 2202 1173 2241 Atheniensibus
1206 2205 1439 2255 oppositum.

768 2261 986 2298 Demetrius
1027 2261 1205 2312 Scepsius
1245 2257 1288 2301 τὸ
1315 2256 1441 2313 Ἀχίλ-

774 2320 883 2356 λειον
930 2318 1058 2355 scribit
1121 2317 1440 2369 ἐπιτειχισθῆναι

773 2371 857 2413 15πό
905 2377 985 2414 τῶν
1036 2375 1332 2424 Μυτιληναίων
1382 2377 1439 2429 τῷ

773 2431 919 2484 Σιγείῳ
940 2445 1000 2482 ap.
1024 2431 1151 2468 Strab.
1181 2432 1274 2467 XIII
1294 2445 1333 2482 p.
1355 2434 1438 2472 896

772 2488 822 2524 A.
843 2501 873 2524 s.
895 2490 977 2528 600
997 2489 1043 2524 Β.
1066 2486 1139 2524 hoc
1169 2489 1241 2524 illis
1262 2494 1343 2525 erat
1372 2486 1437 2539 ὅρ-

773 2540 992 2596 μητήριουε
1016 2544 1092 2581 vid.
1116 2545 1275 2582 Casaub.
1296 2546 1337 2581 in
1356 2546 1438 2582 Po-

774 2601 853 2652 lyb.
875 2614 912 2652 p.
945 2603 1038 2642 168.
1098 2603 1197 2638 Hinc
1218 2601 1436 2638 Herodotus

774 2655 813 2693 h.
844 2658 869 2695 l.
896 2656 1131 2708 ἐπολέμεον,
1165 2658 1317 2723 inquit
1322 2657 1364 2696 ἐκ
1392 2671 1433 2696 τε

773 2709 996 2783 Ἀχιλληίου
1026 2709 1166 2760 πόλιος
1186 2709 1434 2766 ορμεώμενοι

773 2770 841 2808 καὶ
874 2770 1056 2822 Σιγείου,
1088 2769 1151 2809 ἐπὶ
1179 2767 1325 2838 χρόνον
1367 2781 1439 2809 συ-

773 2841 882 2877 χνον,
898 2827 1172 2877 ΙνΙυτιληναῖοί
1181 2841 1221 2866 τε
1238 2825 1306 2866 καὶ
1315 2822 1439 2879 Ἀθη-

1111 2885 1161 2923 13
