<?xml version="1.0" encoding="UTF-8"?>
<!DOCTYPE html PUBLIC "-//W3C//DTD XHTML 1.0 Transitional//EN"
    "http://www.w3.org/TR/xhtml1/DTD/xhtml1-transitional.dtd">
<html xmlns="http://www.w3.org/1999/xhtml" xml:lang="en" lang="en">
 <head>
  <title>
</title>
<meta http-equiv="Content-Type" content="text/html;charset=utf-8" />
  <meta name='ocr-system' content='tesseract 3.04.00' />
  <meta name='ocr-capabilities' content='ocr_page ocr_carea ocr_par ocr_line ocrx_word'/>
</head>
<body>
  <div class='ocr_page' id='page_1' title='image "./musaeherodoto03hero_0659.png"; bbox 0 0 1789 3258; ppageno 0'>
   <div class='ocr_carea' id='block_1_1' title="bbox 374 149 1322 189">
    <p class='ocr_par' dir='ltr' id='par_1_1' title="bbox 374 149 1322 189">
     <span class='ocr_line' id='line_1_1' title="bbox 374 149 1322 189; baseline 0.003 -3"><span class='ocrx_word' id='word_1_1' title='bbox 374 150 522 187; x_wconf 90' lang='lat' dir='ltr'><strong>POL</strong></span> <span class='ocrx_word' id='word_1_2' title='bbox 555 151 584 185; x_wconf 83' lang='lat' dir='ltr'>Y</span> <span class='ocrx_word' id='word_1_3' title='bbox 619 150 851 186; x_wconf 83' lang='lat' dir='ltr'><strong>MNIA.</strong></span> <span class='ocrx_word' id='word_1_4' title='bbox 911 149 1014 187; x_wconf 90' lang='lat' dir='ltr'><strong>VII.</strong></span> <span class='ocrx_word' id='word_1_5' title='bbox 1237 150 1322 189; x_wconf 64' lang='lat'><strong>045</strong></span> 
     </span>
    </p>
   </div>
   <div class='ocr_carea' id='block_1_2' title="bbox 1383 252 1646 324">
    <p class='ocr_par' dir='ltr' id='par_1_2' title="bbox 1383 252 1646 324">
     <span class='ocr_line' id='line_1_2' title="bbox 1384 252 1646 283; baseline -0.015 0"><span class='ocrx_word' id='word_1_6' title='bbox 1384 254 1559 283; x_wconf 84' lang='lat' dir='ltr'><strong>Herodotus</strong></span> <span class='ocrx_word' id='word_1_7' title='bbox 1576 252 1646 280; x_wconf 83' lang='lat' dir='ltr'><strong>dein</strong></span> 
     </span>
     <span class='ocr_line' id='line_1_3' title="bbox 1383 287 1627 324; baseline -0.012 -7"><span class='ocrx_word' id='word_1_8' title='bbox 1383 297 1455 324; x_wconf 76' lang='lat' dir='ltr'><strong>ceps</strong></span> <span class='ocrx_word' id='word_1_9' title='bbox 1475 287 1512 315; x_wconf 87' lang='lat' dir='ltr'><strong>ad</strong></span> <span class='ocrx_word' id='word_1_10' title='bbox 1531 288 1627 315; x_wconf 79' lang='lat' dir='ltr'><strong>Grae-</strong></span> 
     </span>
    </p>
   </div>
   <div class='ocr_carea' id='block_1_3' title="bbox 1393 328 1470 368">
    <p class='ocr_par' dir='ltr' id='par_1_3' title="bbox 1393 328 1470 368">
     <span class='ocr_line' id='line_1_4' title="bbox 1393 328 1470 368; baseline -0.026 0"><span class='ocrx_word' id='word_1_11' title='bbox 1393 328 1470 368; x_wconf 82' lang='lat'><strong>566</strong></span> 
     </span>
    </p>
   </div>
   <div class='ocr_carea' id='block_1_4' title="bbox 1384 376 1660 407">
    <p class='ocr_par' dir='ltr' id='par_1_4' title="bbox 1384 376 1660 407">
     <span class='ocr_line' id='line_1_5' title="bbox 1384 376 1660 407; baseline -0.014 -1"><span class='ocrx_word' id='word_1_12' title='bbox 1384 379 1451 407; x_wconf 82' lang='lat' dir='ltr'><strong>ciae</strong></span> <span class='ocrx_word' id='word_1_13' title='bbox 1469 380 1576 405; x_wconf 81' lang='lat' dir='ltr'><strong>contra</strong></span> <span class='ocrx_word' id='word_1_14' title='bbox 1587 376 1660 403; x_wconf 88' lang='lat' dir='ltr'><strong>Per-</strong></span> 
     </span>
    </p>
   </div>
   <div class='ocr_carea' id='block_1_5' title="bbox 36 255 1662 995">
    <p class='ocr_par' dir='ltr' id='par_1_5' title="bbox 36 255 1662 995">
     <span class='ocr_line' id='line_1_6' title="bbox 147 255 1325 313; baseline -0.002 -11"><span class='ocrx_word' id='word_1_15' title='bbox 147 259 362 313; x_wconf 80' lang='grc' dir='ltr'><strong><em>Ἐπάνειμι</em></strong></span> <span class='ocrx_word' id='word_1_16' title='bbox 400 258 445 301; x_wconf 84' lang='grc' dir='ltr'><strong>δὲ</strong></span> <span class='ocrx_word' id='word_1_17' title='bbox 487 258 555 301; x_wconf 80' lang='grc' dir='ltr'><strong>ἐπὶ</strong></span> <span class='ocrx_word' id='word_1_18' title='bbox 602 258 679 302; x_wconf 85' lang='grc' dir='ltr'><strong>τὸν</strong></span> <span class='ocrx_word' id='word_1_19' title='bbox 717 258 931 312; x_wconf 79' lang='grc' dir='ltr'><strong><em>πρότερον</em></strong></span> <span class='ocrx_word' id='word_1_20' title='bbox 971 255 1117 312; x_wconf 75' lang='grc' dir='ltr'><strong><em>λόγον.</em></strong></span> <span class='ocrx_word' id='word_1_21' title='bbox 1189 257 1242 300; x_wconf 88' lang='lat' dir='ltr'><strong>‘H</strong></span> <span class='ocrx_word' id='word_1_22' title='bbox 1280 257 1325 300; x_wconf 79' lang='grc' dir='ltr'><strong>δὲ</strong></span> 
     </span>
     <span class='ocr_line' id='line_1_7' title="bbox 65 322 1330 383; baseline -0.002 -13"><span class='ocrx_word' id='word_1_23' title='bbox 65 327 350 383; x_wconf 77' lang='grc' dir='ltr'><em>στρατηλασίη</em></span> <span class='ocrx_word' id='word_1_24' title='bbox 379 324 404 381; x_wconf 81' lang='grc' dir='ltr'><strong><em>ἡ</em></strong></span> <span class='ocrx_word' id='word_1_25' title='bbox 435 326 634 382; x_wconf 77' lang='grc' dir='ltr'><strong><em>βασιλέος</em></strong></span> <span class='ocrx_word' id='word_1_26' title='bbox 667 327 838 381; x_wconf 88' lang='grc' dir='ltr'><strong><em>οὔνομα</em></strong></span> <span class='ocrx_word' id='word_1_27' title='bbox 868 327 947 382; x_wconf 77' lang='grc' dir='ltr'><strong>μὲν</strong></span> <span class='ocrx_word' id='word_1_28' title='bbox 979 324 1061 382; x_wconf 78' lang='grc' dir='ltr'><em>εἶχε</em></span> <span class='ocrx_word' id='word_1_29' title='bbox 1094 324 1153 376; x_wconf 71' lang='grc' dir='ltr'><strong>ὥς</strong></span> <span class='ocrx_word' id='word_1_30' title='bbox 1174 322 1237 368; x_wconf 75' lang='grc' dir='ltr'><strong>ἐπ’</strong></span> <span class='ocrx_word' id='word_1_31' title='bbox 1272 323 1330 367; x_wconf 85' lang='grc' dir='ltr'><strong>Ἀ-</strong></span> 
     </span>
     <span class='ocr_line' id='line_1_8' title="bbox 36 389 1637 451; baseline -0.002 -15"><span class='ocrx_word' id='word_1_32' title='bbox 36 394 207 451; x_wconf 69' lang='grc' dir='ltr'><strong><em>Ξθήνας</em></strong></span> <span class='ocrx_word' id='word_1_33' title='bbox 241 393 432 446; x_wconf 78' lang='grc' dir='ltr'><em>ἐλαύνει,</em></span> <span class='ocrx_word' id='word_1_34' title='bbox 482 397 650 439; x_wconf 81' lang='grc' dir='ltr'><strong><em>κατίετο</em></strong></span> <span class='ocrx_word' id='word_1_35' title='bbox 683 396 728 439; x_wconf 79' lang='grc' dir='ltr'><strong>δὲ</strong></span> <span class='ocrx_word' id='word_1_36' title='bbox 759 395 802 445; x_wconf 78' lang='grc' dir='ltr'><strong>ἐς</strong></span> <span class='ocrx_word' id='word_1_37' title='bbox 836 399 982 439; x_wconf 76' lang='grc' dir='ltr'><strong><em>πᾶσαν</em></strong></span> <span class='ocrx_word' id='word_1_38' title='bbox 1022 394 1103 450; x_wconf 79' lang='grc' dir='ltr'><strong>τὴν</strong></span> <span class='ocrx_word' id='word_1_39' title='bbox 1127 389 1322 435; x_wconf 82' lang='grc' dir='ltr'><strong><em>Ἑλλάδα.</em></strong></span> <span class='ocrx_word' id='word_1_40' title='bbox 1383 421 1435 440; x_wconf 76' lang='lat' dir='ltr'><strong>sas</strong></span> <span class='ocrx_word' id='word_1_41' title='bbox 1455 414 1637 446; x_wconf 81' lang='lat' dir='ltr'><strong>apparatum</strong></span> 
     </span>
     <span class='ocr_line' id='line_1_9' title="bbox 65 445 1662 518; baseline -0.004 -11"><span class='ocrx_word' id='word_1_42' title='bbox 65 461 393 516; x_wconf 80' lang='grc' dir='ltr'><strong><em>πυνθανόμενοι</em></strong></span> <span class='ocrx_word' id='word_1_43' title='bbox 417 463 616 506; x_wconf 79' lang='grc' dir='ltr'><strong><em>δὲταῦτα</em></strong></span> <span class='ocrx_word' id='word_1_44' title='bbox 640 464 725 518; x_wconf 82' lang='grc' dir='ltr'><strong>πρὸ</strong></span> <span class='ocrx_word' id='word_1_45' title='bbox 750 467 917 506; x_wconf 87' lang='grc' dir='ltr'><strong><em>πολλοῦ</em></strong></span> <span class='ocrx_word' id='word_1_46' title='bbox 941 465 983 506; x_wconf 83' lang='grc' dir='ltr'><strong>οἱ</strong></span> <span class='ocrx_word' id='word_1_47' title='bbox 1003 462 1216 516; x_wconf 83' lang='grc' dir='ltr'><strong><em>Ἕλληνες,</em></strong></span> <span class='ocrx_word' id='word_1_48' title='bbox 1240 458 1355 503; x_wconf 82' lang='grc' dir='ltr'><strong>οὐκ5</strong></span> <span class='ocrx_word' id='word_1_49' title='bbox 1385 445 1662 518; x_wconf 54' lang='grc' dir='ltr'><strong>ξῖ.ῗᾷ“ζζὶι,ὓῖςῖἳειῗέ</strong></span> 
     </span>
     <span class='ocr_line' id='line_1_10' title="bbox 37 512 1612 587; baseline 0.001 -15"><span class='ocrx_word' id='word_1_50' title='bbox 37 531 118 574; x_wconf 78' lang='grc' dir='ltr'><strong>3ἐν</strong></span> <span class='ocrx_word' id='word_1_51' title='bbox 157 529 295 587; x_wconf 84' lang='grc' dir='ltr'><strong><em>ὁμοίῳ</em></strong></span> <span class='ocrx_word' id='word_1_52' title='bbox 332 528 488 581; x_wconf 76' lang='grc' dir='ltr'><strong><em>πάντες</em></strong></span> <span class='ocrx_word' id='word_1_53' title='bbox 529 531 766 574; x_wconf 78' lang='grc' dir='ltr'><strong><em>ἐποιεῦντο.</em></strong></span> <span class='ocrx_word' id='word_1_54' title='bbox 831 532 875 574; x_wconf 88' lang='grc' dir='ltr'><strong>οί</strong></span> <span class='ocrx_word' id='word_1_55' title='bbox 921 530 1000 586; x_wconf 79' lang='grc' dir='ltr'><strong>μὲν</strong></span> <span class='ocrx_word' id='word_1_56' title='bbox 1038 529 1122 585; x_wconf 72' lang='grc' dir='ltr'><strong>γὰρ</strong></span> <span class='ocrx_word' id='word_1_57' title='bbox 1171 527 1330 579; x_wconf 77' lang='grc' dir='ltr'><strong><em>αὐτῶν,</em></strong></span> <span class='ocrx_word' id='word_1_58' title='bbox 1388 512 1612 575; x_wconf 41' lang='grc' dir='ltr'><strong>ῗιῗεῐέἶΐᾎῑὶίἓῗω</strong></span> 
     </span>
     <span class='ocr_line' id='line_1_11' title="bbox 66 596 1331 657; baseline -0.003 -14"><span class='ocrx_word' id='word_1_59' title='bbox 66 597 213 649; x_wconf 79' lang='grc' dir='ltr'><strong><em>δόντες</em></strong></span> <span class='ocrx_word' id='word_1_60' title='bbox 258 602 340 654; x_wconf 74' lang='grc' dir='ltr'><strong>γῆν</strong></span> <span class='ocrx_word' id='word_1_61' title='bbox 377 614 421 641; x_wconf 83' lang='grc' dir='ltr'><strong>τε</strong></span> <span class='ocrx_word' id='word_1_62' title='bbox 460 599 532 641; x_wconf 85' lang='grc' dir='ltr'><strong>καὶ</strong></span> <span class='ocrx_word' id='word_1_63' title='bbox 562 599 684 654; x_wconf 79' lang='grc' dir='ltr'><strong><em>ὕδωρ</em></strong></span> <span class='ocrx_word' id='word_1_64' title='bbox 716 603 777 657; x_wconf 76' lang='grc' dir='ltr'><strong>τῷ</strong></span> <span class='ocrx_word' id='word_1_65' title='bbox 810 598 983 654; x_wconf 69' lang='grc' dir='ltr'><strong><em>Πέρσῃ,</em></strong></span> <span class='ocrx_word' id='word_1_66' title='bbox 1017 596 1134 652; x_wconf 82' lang='grc' dir='ltr'><strong><em>εἶχον</em></strong></span> <span class='ocrx_word' id='word_1_67' title='bbox 1164 596 1331 651; x_wconf 80' lang='grc' dir='ltr'><strong><em>θάρσος</em></strong></span> 
     </span>
     <span class='ocr_line' id='line_1_12' title="bbox 67 664 1331 722; baseline -0.003 -12"><span class='ocrx_word' id='word_1_68' title='bbox 67 665 125 717; x_wconf 77' lang='grc' dir='ltr'><strong>ὥς</strong></span> <span class='ocrx_word' id='word_1_69' title='bbox 155 664 284 711; x_wconf 75' lang='grc' dir='ltr'><strong><em>οὐδὲν</em></strong></span> <span class='ocrx_word' id='word_1_70' title='bbox 314 666 563 722; x_wconf 82' lang='grc' dir='ltr'><strong><em>πεισόμενοι</em></strong></span> <span class='ocrx_word' id='word_1_71' title='bbox 593 666 722 722; x_wconf 78' lang='grc' dir='ltr'><strong><em>ἄχαρι</em></strong></span> <span class='ocrx_word' id='word_1_72' title='bbox 751 666 861 720; x_wconf 81' lang='grc' dir='ltr'><strong><em>πρός</em></strong></span> <span class='ocrx_word' id='word_1_73' title='bbox 891 669 972 710; x_wconf 84' lang='grc' dir='ltr'><strong>τοῦ</strong></span> <span class='ocrx_word' id='word_1_74' title='bbox 1005 664 1258 722; x_wconf 76' lang='grc' dir='ltr'><strong><em>βαρβάρου·</em></strong></span> <span class='ocrx_word' id='word_1_75' title='bbox 1288 665 1331 707; x_wconf 81' lang='grc' dir='ltr'><strong>οἱ</strong></span> 
     </span>
     <span class='ocr_line' id='line_1_13' title="bbox 67 731 1332 794; baseline -0.004 -15"><span class='ocrx_word' id='word_1_76' title='bbox 67 735 136 788; x_wconf 75' lang='grc' dir='ltr'><strong>δὲ,</strong></span> <span class='ocrx_word' id='word_1_77' title='bbox 177 732 231 778; x_wconf 84' lang='grc' dir='ltr'><strong>οὐ</strong></span> <span class='ocrx_word' id='word_1_78' title='bbox 261 734 431 788; x_wconf 80' lang='grc' dir='ltr'><strong><em>δόντες,</em></strong></span> <span class='ocrx_word' id='word_1_79' title='bbox 471 734 515 777; x_wconf 77' lang='grc' dir='ltr'><strong>ἒν</strong></span> <span class='ocrx_word' id='word_1_80' title='bbox 547 738 713 790; x_wconf 82' lang='grc' dir='ltr'><strong><em>δείματι</em></strong></span> <span class='ocrx_word' id='word_1_81' title='bbox 743 734 911 794; x_wconf 75' lang='grc' dir='ltr'><strong><em>μεγάλῳ</em></strong></span> <span class='ocrx_word' id='word_1_82' title='bbox 946 733 1226 783; x_wconf 78' lang='grc' dir='ltr'><strong><em>κατέστασαν,</em></strong></span> <span class='ocrx_word' id='word_1_83' title='bbox 1259 731 1332 775; x_wconf 79' lang='grc' dir='ltr'><strong>ἅτε</strong></span> 
     </span>
     <span class='ocr_line' id='line_1_14' title="bbox 66 798 1334 861; baseline -0.002 -15"><span class='ocrx_word' id='word_1_84' title='bbox 66 802 167 847; x_wconf 77' lang='grc' dir='ltr'><strong><em>οὔτε</em></strong></span> <span class='ocrx_word' id='word_1_85' title='bbox 203 807 316 845; x_wconf 77' lang='grc' dir='ltr'><strong><em>νεῶν</em></strong></span> <span class='ocrx_word' id='word_1_86' title='bbox 360 802 550 846; x_wconf 81' lang='grc' dir='ltr'><strong><em>ἐουσέων</em></strong></span> <span class='ocrx_word' id='word_1_87' title='bbox 580 805 626 846; x_wconf 74' lang='grc' dir='ltr'><strong>ἓν</strong></span> <span class='ocrx_word' id='word_1_88' title='bbox 655 807 707 861; x_wconf 83' lang='grc' dir='ltr'><strong>τῇ</strong></span> <span class='ocrx_word' id='word_1_89' title='bbox 733 802 903 846; x_wconf 78' lang='grc' dir='ltr'><strong><em>Ἑλλάδι</em></strong></span> <span class='ocrx_word' id='word_1_90' title='bbox 933 800 1126 857; x_wconf 76' lang='grc' dir='ltr'><strong><em>ἀριθμὸν</em></strong></span> <span class='ocrx_word' id='word_1_91' title='bbox 1153 798 1334 856; x_wconf 75' lang='grc' dir='ltr'><strong><em>ἀξιομά-</em></strong></span> 
     </span>
     <span class='ocr_line' id='line_1_15' title="bbox 66 869 1389 928; baseline -0.005 -14"><span class='ocrx_word' id='word_1_92' title='bbox 66 887 154 928; x_wconf 87' lang='grc' dir='ltr'><strong>χων</strong></span> <span class='ocrx_word' id='word_1_93' title='bbox 198 869 400 914; x_wconf 78' lang='grc' dir='ltr'><strong><em>δέκεσθαι</em></strong></span> <span class='ocrx_word' id='word_1_94' title='bbox 429 870 506 915; x_wconf 79' lang='grc' dir='ltr'><strong>τόν</strong></span> <span class='ocrx_word' id='word_1_95' title='bbox 543 871 744 923; x_wconf 80' lang='grc' dir='ltr'><strong><em>ἐπιόντα,</em></strong></span> <span class='ocrx_word' id='word_1_96' title='bbox 788 870 889 915; x_wconf 82' lang='grc' dir='ltr'><strong><em>οὔτε</em></strong></span> <span class='ocrx_word' id='word_1_97' title='bbox 924 869 1207 926; x_wconf 82' lang='grc' dir='ltr'><strong><em>βουλομένων</em></strong></span> <span class='ocrx_word' id='word_1_98' title='bbox 1245 871 1333 910; x_wconf 77' lang='grc' dir='ltr'><strong>τῶν</strong></span> <span class='ocrx_word' id='word_1_99' title='bbox 1349 875 1389 907; x_wconf 85' lang='grc'><strong>10</strong></span> 
     </span>
     <span class='ocr_line' id='line_1_16' title="bbox 66 935 1331 995; baseline -0.005 -11"><span class='ocrx_word' id='word_1_100' title='bbox 66 943 241 984; x_wconf 75' lang='grc' dir='ltr'><strong><em>πολλῶν</em></strong></span> <span class='ocrx_word' id='word_1_101' title='bbox 271 938 566 983; x_wconf 79' lang='grc' dir='ltr'><strong><em>αὐτάπτεσθαι</em></strong></span> <span class='ocrx_word' id='word_1_102' title='bbox 605 945 687 983; x_wconf 85' lang='grc' dir='ltr'><strong>τοῦ</strong></span> <span class='ocrx_word' id='word_1_103' title='bbox 735 941 952 995; x_wconf 80' lang='grc' dir='ltr'><strong><em>πολέμου,</em></strong></span> <span class='ocrx_word' id='word_1_104' title='bbox 983 937 1254 994; x_wconf 81' lang='grc' dir='ltr'><strong><em>μηδιζόντων</em></strong></span> <span class='ocrx_word' id='word_1_105' title='bbox 1285 935 1331 979; x_wconf 79' lang='grc' dir='ltr'><strong>δὲ</strong></span> 
     </span>
    </p>
   </div>
   <div class='ocr_carea' id='block_1_6' title="bbox 67 982 1667 1111">
    <p class='ocr_par' dir='ltr' id='par_1_6' title="bbox 67 982 1667 1111">
     <span class='ocr_line' id='line_1_17' title="bbox 202 982 1664 1023; baseline -0.013 4"><span class='ocrx_word' id='word_1_106' title='bbox 202 1007 210 1020; x_wconf 82' lang='lat'><strong><em>¹</em></strong></span> <span class='ocrx_word' id='word_1_107' title='bbox 375 1006 387 1020; x_wconf 71' lang='grc' dir='ltr'><em>ι</em></span> <span class='ocrx_word' id='word_1_108' title='bbox 528 1012 545 1019; x_wconf 79' lang='lat'>-</span> <span class='ocrx_word' id='word_1_109' title='bbox 657 1007 666 1021; x_wconf 74' lang='lat'><em>2</em></span> <span class='ocrx_word' id='word_1_110' title='bbox 818 1010 827 1023; x_wconf 87' lang='grc'><strong><em>,</em></strong></span> <span class='ocrx_word' id='word_1_111' title='bbox 902 1007 957 1021; x_wconf 40' lang='grc'><strong>,9,</strong></span> <span class='ocrx_word' id='word_1_112' title='bbox 1234 1004 1243 1018; x_wconf 68' lang='lat' dir='ltr'><em>r</em></span> <span class='ocrx_word' id='word_1_113' title='bbox 1390 982 1529 1018; x_wconf 82' lang='lat' dir='ltr'>Inprimis</span> <span class='ocrx_word' id='word_1_114' title='bbox 1553 989 1606 1017; x_wconf 84' lang='lat' dir='ltr'><strong>per</strong></span> <span class='ocrx_word' id='word_1_115' title='bbox 1628 983 1664 1008; x_wconf 83' lang='lat' dir='ltr'><strong>A·</strong></span> 
     </span>
     <span class='ocr_line' id='line_1_18' title="bbox 67 1011 1667 1078; baseline -0.009 -24"><span class='ocrx_word' id='word_1_116' title='bbox 67 1012 318 1063; x_wconf 68' lang='grc' dir='ltr'><strong><em>προθυμτος.</em></strong></span> <span class='ocrx_word' id='word_1_117' title='bbox 388 1011 599 1051; x_wconf 61' lang='lat' dir='ltr'><strong>Evaunum</strong></span> <span class='ocrx_word' id='word_1_118' title='bbox 641 1025 856 1065; x_wconf 80' lang='grc' dir='ltr'><strong><em>αναγκαιῃ</em></strong></span> <span class='ocrx_word' id='word_1_119' title='bbox 896 1022 1120 1063; x_wconf 74' lang='grc' dir='ltr'><strong><em>εςεργομαι</em></strong></span> <span class='ocrx_word' id='word_1_120' title='bbox 1152 1021 1332 1062; x_wconf 76' lang='grc' dir='ltr'><strong><em>γνωμην</em></strong></span> <span class='ocrx_word' id='word_1_121' title='bbox 1389 1016 1667 1078; x_wconf 39' lang='grc' dir='ltr'><strong>ξέιεῑιέῑρέἓῗᾶἓέξὶὶ</strong></span> 
     </span>
     <span class='ocr_line' id='line_1_19' title="bbox 1387 1070 1651 1111; baseline -0.004 0"><span class='ocrx_word' id='word_1_122' title='bbox 1387 1070 1553 1111; x_wconf 69' lang='grc' dir='ltr'><strong>Οτ3εόῐαω</strong></span> <span class='ocrx_word' id='word_1_123' title='bbox 1583 1083 1651 1110; x_wconf 83' lang='lat' dir='ltr'>sub-</span> 
     </span>
    </p>
   </div>
   <div class='ocr_carea' id='block_1_7' title="bbox 1383 1119 1513 1155">
    <p class='ocr_par' dir='ltr' id='par_1_7' title="bbox 1383 1119 1513 1155">
     <span class='ocr_line' id='line_1_20' title="bbox 1383 1119 1513 1155; baseline -0.015 -9"><span class='ocrx_word' id='word_1_124' title='bbox 1383 1119 1513 1155; x_wconf 83' lang='lat' dir='ltr'><strong>igerent.</strong></span> 
     </span>
    </p>
   </div>
   <div class='ocr_carea' id='block_1_8' title="bbox 10 1204 675 1713">
    <p class='ocr_par' dir='ltr' id='par_1_8' title="bbox 10 1204 675 1713">
     <span class='ocr_line' id='line_1_21' title="bbox 12 1204 673 1255; baseline -0.005 -12"><span class='ocrx_word' id='word_1_125' title='bbox 12 1212 175 1255; x_wconf 64' lang='lat' dir='ltr'><strong>exeunte</strong></span> <span class='ocrx_word' id='word_1_126' title='bbox 195 1211 334 1242; x_wconf 81' lang='lat' dir='ltr'><strong>aestate</strong></span> <span class='ocrx_word' id='word_1_127' title='bbox 356 1205 473 1241; x_wconf 86' lang='lat' dir='ltr'><strong>altera</strong></span> <span class='ocrx_word' id='word_1_128' title='bbox 492 1204 581 1241; x_wconf 85' lang='lat' dir='ltr'><strong>belli</strong></span> <span class='ocrx_word' id='word_1_129' title='bbox 597 1206 673 1240; x_wconf 89' lang='lat' dir='ltr'><strong>Pe-</strong></span> 
     </span>
     <span class='ocr_line' id='line_1_22' title="bbox 10 1262 672 1315; baseline -0.009 -13"><span class='ocrx_word' id='word_1_130' title='bbox 10 1263 268 1315; x_wconf 86' lang='lat' dir='ltr'><strong>loponnesiaci</strong></span> <span class='ocrx_word' id='word_1_131' title='bbox 298 1275 327 1298; x_wconf 89' lang='lat' dir='ltr'><strong>s.</strong></span> <span class='ocrx_word' id='word_1_132' title='bbox 360 1262 512 1312; x_wconf 87' lang='lat' dir='ltr'><strong>Olymp.</strong></span> <span class='ocrx_word' id='word_1_133' title='bbox 544 1264 609 1309; x_wconf 82' lang='lat'><strong>87,</strong></span> <span class='ocrx_word' id='word_1_134' title='bbox 648 1264 672 1302; x_wconf 72' lang='lat' dir='ltr'><em>Q</em></span> 
     </span>
     <span class='ocr_line' id='line_1_23' title="bbox 10 1317 675 1369; baseline -0.008 -11"><span class='ocrx_word' id='word_1_135' title='bbox 10 1334 42 1358; x_wconf 92' lang='lat' dir='ltr'><strong>s.</strong></span> <span class='ocrx_word' id='word_1_136' title='bbox 62 1323 144 1360; x_wconf 77' lang='grc'><strong>430</strong></span> <span class='ocrx_word' id='word_1_137' title='bbox 175 1332 207 1358; x_wconf 92' lang='grc'><strong>3.</strong></span> <span class='ocrx_word' id='word_1_138' title='bbox 231 1317 320 1355; x_wconf 88' lang='lat' dir='ltr'><strong>Chr.</strong></span> <span class='ocrx_word' id='word_1_139' title='bbox 340 1331 379 1354; x_wconf 87' lang='lat' dir='ltr'><strong>n.</strong></span> <span class='ocrx_word' id='word_1_140' title='bbox 399 1319 675 1369; x_wconf 77' lang='lat' dir='ltr'><strong>quinquaginta</strong></span> 
     </span>
     <span class='ocr_line' id='line_1_24' title="bbox 13 1375 673 1429; baseline -0.006 -15"><span class='ocrx_word' id='word_1_141' title='bbox 13 1384 50 1414; x_wconf 78' lang='lat' dir='ltr'><strong>et</strong></span> <span class='ocrx_word' id='word_1_142' title='bbox 61 1375 165 1429; x_wconf 89' lang='lat' dir='ltr'><strong>quod</strong></span> <span class='ocrx_word' id='word_1_143' title='bbox 177 1376 342 1412; x_wconf 80' lang='lat' dir='ltr'><strong>excurrit</strong></span> <span class='ocrx_word' id='word_1_144' title='bbox 362 1376 469 1411; x_wconf 83' lang='lat' dir='ltr'><strong>annis</strong></span> <span class='ocrx_word' id='word_1_145' title='bbox 478 1382 561 1425; x_wconf 90' lang='lat' dir='ltr'><strong>post</strong></span> <span class='ocrx_word' id='word_1_146' title='bbox 572 1377 673 1411; x_wconf 76' lang='lat' dir='ltr'><strong>Xer-</strong></span> 
     </span>
     <span class='ocr_line' id='line_1_25' title="bbox 10 1432 672 1483; baseline -0.008 -11"><span class='ocrx_word' id='word_1_147' title='bbox 10 1435 69 1472; x_wconf 79' lang='lat' dir='ltr'><strong>xis</strong></span> <span class='ocrx_word' id='word_1_148' title='bbox 99 1432 397 1483; x_wconf 71' lang='lat' dir='ltr'><strong>expeditionem.</strong></span> <span class='ocrx_word' id='word_1_149' title='bbox 447 1432 546 1468; x_wconf 85' lang='lat' dir='ltr'>Sunt</span> <span class='ocrx_word' id='word_1_150' title='bbox 583 1444 672 1468; x_wconf 76' lang='lat' dir='ltr'><strong>vero</strong></span> 
     </span>
     <span class='ocr_line' id='line_1_26' title="bbox 12 1489 675 1540; baseline -0.008 -11"><span class='ocrx_word' id='word_1_151' title='bbox 12 1492 102 1529; x_wconf 79' lang='lat' dir='ltr'><strong>talia</strong></span> <span class='ocrx_word' id='word_1_152' title='bbox 123 1489 170 1526; x_wconf 85' lang='lat' dir='ltr'><strong>ad</strong></span> <span class='ocrx_word' id='word_1_153' title='bbox 190 1490 377 1540; x_wconf 82' lang='lat' dir='ltr'><strong>scriptoris</strong></span> <span class='ocrx_word' id='word_1_154' title='bbox 389 1496 563 1539; x_wconf 85' lang='lat' dir='ltr'><strong>tempora</strong></span> <span class='ocrx_word' id='word_1_155' title='bbox 579 1502 675 1525; x_wconf 87' lang='lat' dir='ltr'><strong>con-</strong></span> 
     </span>
     <span class='ocr_line' id='line_1_27' title="bbox 12 1545 672 1586; baseline -0.006 -1"><span class='ocrx_word' id='word_1_156' title='bbox 12 1545 202 1586; x_wconf 77' lang='lat' dir='ltr'><strong>stituenda</strong></span> <span class='ocrx_word' id='word_1_157' title='bbox 259 1547 419 1582; x_wconf 83' lang='lat' dir='ltr'><strong>maximi</strong></span> <span class='ocrx_word' id='word_1_158' title='bbox 471 1546 672 1582; x_wconf 85' lang='lat' dir='ltr'><strong>momenti.</strong></span> 
     </span>
     <span class='ocr_line' id='line_1_28' title="bbox 16 1601 672 1653; baseline -0.005 -12"><span class='ocrx_word' id='word_1_159' title='bbox 16 1604 101 1643; x_wconf 82' lang='lat' dir='ltr'><strong>Vid.</strong></span> <span class='ocrx_word' id='word_1_160' title='bbox 121 1602 354 1642; x_wconf 83' lang='lat' dir='ltr'><strong>Dahlmann.</strong></span> <span class='ocrx_word' id='word_1_161' title='bbox 377 1601 560 1641; x_wconf 90' lang='lat' dir='ltr'><strong>Herodot.</strong></span> <span class='ocrx_word' id='word_1_162' title='bbox 583 1614 672 1653; x_wconf 82' lang='lat' dir='ltr'><strong>pag.</strong></span> 
     </span>
     <span class='ocr_line' id='line_1_29' title="bbox 14 1658 674 1713; baseline -0.003 -15"><span class='ocrx_word' id='word_1_163' title='bbox 14 1661 68 1702; x_wconf 88' lang='lat'><strong>40</strong></span> <span class='ocrx_word' id='word_1_164' title='bbox 88 1675 168 1713; x_wconf 83' lang='lat' dir='ltr'><strong>seq.</strong></span> <span class='ocrx_word' id='word_1_165' title='bbox 196 1659 408 1697; x_wconf 87' lang='lat' dir='ltr'><strong>Larcherus</strong></span> <span class='ocrx_word' id='word_1_166' title='bbox 428 1660 608 1696; x_wconf 84' lang='lat' dir='ltr'><strong>retulerat</strong></span> <span class='ocrx_word' id='word_1_167' title='bbox 626 1658 674 1696; x_wconf 88' lang='lat' dir='ltr'><strong>ad</strong></span> 
     </span>
    </p>
   </div>
   <div class='ocr_carea' id='block_1_9' title="bbox 16 1719 523 1857">
    <p class='ocr_par' dir='ltr' id='par_1_9' title="bbox 16 1719 523 1857">
     <span class='ocr_line' id='line_1_30' title="bbox 16 1719 320 1771; baseline -0.003 -15"><span class='ocrx_word' id='word_1_168' title='bbox 16 1719 169 1771; x_wconf 69' lang='lat' dir='ltr'><strong>Olymp.</strong></span> <span class='ocrx_word' id='word_1_169' title='bbox 192 1720 257 1767; x_wconf 88' lang='lat'><strong>87,</strong></span> <span class='ocrx_word' id='word_1_170' title='bbox 281 1719 320 1757; x_wconf 79' lang='lat'><strong>3.</strong></span> 
     </span>
     <span class='ocr_line' id='line_1_31' title="bbox 161 1807 523 1857; baseline 0 -14"><span class='ocrx_word' id='word_1_171' title='bbox 161 1808 253 1857; x_wconf 85' lang='lat' dir='ltr'>Cap.</span> <span class='ocrx_word' id='word_1_172' title='bbox 275 1807 523 1844; x_wconf 88' lang='lat' dir='ltr'>CXXXVIII.</span> 
     </span>
    </p>
   </div>
   <div class='ocr_carea' id='block_1_10' title="bbox 17 1882 681 2333">
    <p class='ocr_par' dir='ltr' id='par_1_10' title="bbox 17 1882 681 2333">
     <span class='ocr_line' id='line_1_32' title="bbox 71 1882 676 1935; baseline -0.01 -10"><span class='ocrx_word' id='word_1_173' title='bbox 71 1882 277 1935; x_wconf 81' lang='grc' dir='ltr'><strong><em>Ἐποῖνειμι</em></strong></span> <span class='ocrx_word' id='word_1_174' title='bbox 291 1883 332 1924; x_wconf 67' lang='grc' dir='ltr'><strong>δὲ</strong></span> <span class='ocrx_word' id='word_1_175' title='bbox 354 1900 390 1923; x_wconf 76' lang='grc' dir='ltr'><strong>κ.</strong></span> <span class='ocrx_word' id='word_1_176' title='bbox 405 1900 436 1924; x_wconf 91' lang='grc' dir='ltr'><strong>τ.</strong></span> <span class='ocrx_word' id='word_1_177' title='bbox 457 1886 509 1933; x_wconf 84' lang='grc' dir='ltr'><strong>λ.]</strong></span> <span class='ocrx_word' id='word_1_178' title='bbox 533 1885 556 1921; x_wconf 89' lang='grc' dir='ltr'><strong>ἰ.</strong></span> <span class='ocrx_word' id='word_1_179' title='bbox 569 1897 602 1920; x_wconf 91' lang='lat' dir='ltr'><strong>e.</strong></span> <span class='ocrx_word' id='word_1_180' title='bbox 622 1897 676 1920; x_wconf 80' lang='lat' dir='ltr'><strong>re-</strong></span> 
     </span>
     <span class='ocr_line' id='line_1_33' title="bbox 19 1943 678 1993; baseline -0.006 -13"><span class='ocrx_word' id='word_1_181' title='bbox 19 1943 168 1992; x_wconf 84' lang='lat' dir='ltr'><strong>grediar</strong></span> <span class='ocrx_word' id='word_1_182' title='bbox 192 1943 238 1979; x_wconf 82' lang='lat' dir='ltr'><strong>ad</strong></span> <span class='ocrx_word' id='word_1_183' title='bbox 258 1945 408 1993; x_wconf 78' lang='lat' dir='ltr'><strong>priorem</strong></span> <span class='ocrx_word' id='word_1_184' title='bbox 428 1944 678 1984; x_wconf 77' lang='lat' dir='ltr'><strong>narrationem,</strong></span> 
     </span>
     <span class='ocr_line' id='line_1_34' title="bbox 17 1998 678 2049; baseline -0.008 -13"><span class='ocrx_word' id='word_1_185' title='bbox 17 1999 130 2036; x_wconf 88' lang='lat' dir='ltr'><strong>huius</strong></span> <span class='ocrx_word' id='word_1_186' title='bbox 150 2000 264 2049; x_wconf 85' lang='lat' dir='ltr'><strong>ipsius</strong></span> <span class='ocrx_word' id='word_1_187' title='bbox 285 1999 368 2035; x_wconf 81' lang='lat' dir='ltr'>libri</span> <span class='ocrx_word' id='word_1_188' title='bbox 388 1999 495 2035; x_wconf 89' lang='lat' dir='ltr'><strong>initio</strong></span> <span class='ocrx_word' id='word_1_189' title='bbox 526 1998 678 2034; x_wconf 78' lang='lat' dir='ltr'><strong>institu-</strong></span> 
     </span>
     <span class='ocr_line' id='line_1_35' title="bbox 19 2055 676 2106; baseline -0.008 -12"><span class='ocrx_word' id='word_1_190' title='bbox 19 2063 112 2104; x_wconf 86' lang='lat' dir='ltr'><strong>tam,</strong></span> <span class='ocrx_word' id='word_1_191' title='bbox 132 2055 198 2092; x_wconf 83' lang='lat' dir='ltr'><strong>sed</strong></span> <span class='ocrx_word' id='word_1_192' title='bbox 219 2057 470 2106; x_wconf 83' lang='lat' dir='ltr'><strong>interruptam</strong></span> <span class='ocrx_word' id='word_1_193' title='bbox 491 2055 676 2091; x_wconf 84' lang='lat' dir='ltr'><strong>narratio-</strong></span> 
     </span>
     <span class='ocr_line' id='line_1_36' title="bbox 18 2109 675 2162; baseline -0.006 -12"><span class='ocrx_word' id='word_1_194' title='bbox 18 2127 69 2150; x_wconf 88' lang='lat' dir='ltr'><strong>ne</strong></span> <span class='ocrx_word' id='word_1_195' title='bbox 91 2111 138 2149; x_wconf 91' lang='lat' dir='ltr'><strong>de</strong></span> <span class='ocrx_word' id='word_1_196' title='bbox 148 2114 284 2149; x_wconf 81' lang='lat' dir='ltr'><strong>Xerxis</strong></span> <span class='ocrx_word' id='word_1_197' title='bbox 307 2119 489 2162; x_wconf 87' lang='lat' dir='ltr'><strong>apparatu</strong></span> <span class='ocrx_word' id='word_1_198' title='bbox 511 2111 558 2148; x_wconf 80' lang='lat' dir='ltr'><strong>ad</strong></span> <span class='ocrx_word' id='word_1_199' title='bbox 576 2109 675 2147; x_wconf 85' lang='lat' dir='ltr'><strong>hanc</strong></span> 
     </span>
     <span class='ocr_line' id='line_1_37' title="bbox 21 2168 680 2221; baseline -0.005 -15"><span class='ocrx_word' id='word_1_200' title='bbox 21 2168 304 2221; x_wconf 84' lang='lat' dir='ltr'><strong>expeditionem</strong></span> <span class='ocrx_word' id='word_1_201' title='bbox 333 2169 432 2205; x_wconf 88' lang='lat' dir='ltr'><strong>sacto</strong></span> <span class='ocrx_word' id='word_1_202' title='bbox 465 2175 502 2204; x_wconf 91' lang='lat' dir='ltr'><strong>et</strong></span> <span class='ocrx_word' id='word_1_203' title='bbox 544 2181 680 2205; x_wconf 86' lang='lat' dir='ltr'><strong>recen-</strong></span> 
     </span>
     <span class='ocr_line' id='line_1_38' title="bbox 21 2224 680 2277; baseline -0.006 -13"><span class='ocrx_word' id='word_1_204' title='bbox 21 2228 127 2265; x_wconf 81' lang='lat' dir='ltr'><strong>sione</strong></span> <span class='ocrx_word' id='word_1_205' title='bbox 154 2227 350 2277; x_wconf 87' lang='lat' dir='ltr'><strong>copiarum</strong></span> <span class='ocrx_word' id='word_1_206' title='bbox 370 2224 541 2277; x_wconf 85' lang='lat' dir='ltr'><strong>undique</strong></span> <span class='ocrx_word' id='word_1_207' title='bbox 562 2225 680 2261; x_wconf 86' lang='lat' dir='ltr'><strong>colle-</strong></span> 
     </span>
     <span class='ocr_line' id='line_1_39' title="bbox 23 2282 681 2333; baseline -0.005 -13"><span class='ocrx_word' id='word_1_208' title='bbox 23 2290 183 2320; x_wconf 85' lang='lat' dir='ltr'><strong>ctarum.</strong></span> <span class='ocrx_word' id='word_1_209' title='bbox 217 2282 279 2319; x_wconf 91' lang='lat' dir='ltr'><strong>Ad</strong></span> <span class='ocrx_word' id='word_1_210' title='bbox 306 2283 427 2333; x_wconf 83' lang='lat' dir='ltr'><strong>ipsam</strong></span> <span class='ocrx_word' id='word_1_211' title='bbox 447 2283 681 2319; x_wconf 82' lang='lat' dir='ltr'><strong>locutionem</strong></span> 
     </span>
    </p>
   </div>
   <div class='ocr_carea' id='block_1_11' title="bbox 24 2340 510 2387">
    <p class='ocr_par' dir='ltr' id='par_1_11' title="bbox 24 2340 510 2387">
     <span class='ocr_line' id='line_1_40' title="bbox 24 2340 510 2387; baseline -0.004 -9"><span class='ocrx_word' id='word_1_212' title='bbox 24 2340 125 2379; x_wconf 85' lang='lat' dir='ltr'><strong>conf.</strong></span> <span class='ocrx_word' id='word_1_213' title='bbox 147 2341 177 2387; x_wconf 87' lang='lat' dir='ltr'><strong>I,</strong></span> <span class='ocrx_word' id='word_1_214' title='bbox 200 2340 292 2380; x_wconf 85' lang='lat'><strong>140.</strong></span> <span class='ocrx_word' id='word_1_215' title='bbox 313 2340 394 2387; x_wconf 85' lang='lat' dir='ltr'><strong>VII,</strong></span> <span class='ocrx_word' id='word_1_216' title='bbox 417 2340 510 2379; x_wconf 81' lang='lat'><strong>239.</strong></span> 
     </span>
    </p>
   </div>
   <div class='ocr_carea' id='block_1_12' title="bbox 26 2424 692 2806">
    <p class='ocr_par' dir='ltr' id='par_1_12' title="bbox 26 2424 692 2806">
     <span class='ocr_line' id='line_1_41' title="bbox 82 2424 683 2479; baseline -0.008 -11"><span class='ocrx_word' id='word_1_217' title='bbox 82 2426 239 2479; x_wconf 79' lang='grc' dir='ltr'><strong><em>οὕνομα</em></strong></span> <span class='ocrx_word' id='word_1_218' title='bbox 275 2425 347 2477; x_wconf 80' lang='grc' dir='ltr'><strong>μὲν</strong></span> <span class='ocrx_word' id='word_1_219' title='bbox 383 2424 497 2478; x_wconf 79' lang='grc' dir='ltr'><strong>εἶχε]</strong></span> <span class='ocrx_word' id='word_1_220' title='bbox 547 2428 683 2477; x_wconf 82' lang='lat' dir='ltr'><strong>Attigit</strong></span> 
     </span>
     <span class='ocr_line' id='line_1_42' title="bbox 26 2484 683 2536; baseline -0.005 -12"><span class='ocrx_word' id='word_1_221' title='bbox 26 2486 258 2524; x_wconf 83' lang='lat' dir='ltr'><strong>locutionem</strong></span> <span class='ocrx_word' id='word_1_222' title='bbox 272 2486 516 2534; x_wconf 84' lang='lat' dir='ltr'><strong>Hoogeveen.</strong></span> <span class='ocrx_word' id='word_1_223' title='bbox 538 2484 586 2521; x_wconf 89' lang='lat' dir='ltr'><strong>ad</strong></span> <span class='ocrx_word' id='word_1_224' title='bbox 597 2486 683 2536; x_wconf 73' lang='lat' dir='ltr'><strong>vig.</strong></span> 
     </span>
     <span class='ocr_line' id='line_1_43' title="bbox 28 2540 682 2594; baseline 0 -16"><span class='ocrx_word' id='word_1_225' title='bbox 28 2555 66 2594; x_wconf 85' lang='lat' dir='ltr'><strong>p.</strong></span> <span class='ocrx_word' id='word_1_226' title='bbox 97 2540 191 2589; x_wconf 79' lang='lat'><strong>254,</strong></span> <span class='ocrx_word' id='word_1_227' title='bbox 218 2542 283 2577; x_wconf 87' lang='lat' dir='ltr'><strong>ubi</strong></span> <span class='ocrx_word' id='word_1_228' title='bbox 314 2541 367 2577; x_wconf 85' lang='lat' dir='ltr'><strong>sic</strong></span> <span class='ocrx_word' id='word_1_229' title='bbox 399 2541 682 2590; x_wconf 85' lang='lat' dir='ltr'><strong>interpretatur:</strong></span> 
     </span>
     <span class='ocr_line' id='line_1_44' title="bbox 35 2596 691 2647; baseline -0.005 -10"><span class='ocrx_word' id='word_1_230' title='bbox 35 2598 135 2637; x_wconf 87' lang='lat' dir='ltr'><strong>Haec</strong></span> <span class='ocrx_word' id='word_1_231' title='bbox 160 2599 255 2647; x_wconf 82' lang='lat' dir='ltr'><strong>regis</strong></span> <span class='ocrx_word' id='word_1_232' title='bbox 294 2596 464 2646; x_wconf 74' lang='lat' dir='ltr'><strong>expeditio</strong></span> <span class='ocrx_word' id='word_1_233' title='bbox 489 2598 588 2633; x_wconf 83' lang='lat' dir='ltr'><strong>verbo</strong></span> <span class='ocrx_word' id='word_1_234' title='bbox 610 2601 691 2646; x_wconf 82' lang='lat' dir='ltr'><strong>qui-</strong></span> 
     </span>
     <span class='ocr_line' id='line_1_45' title="bbox 35 2651 692 2705; baseline -0.005 -12"><span class='ocrx_word' id='word_1_235' title='bbox 35 2655 224 2705; x_wconf 80' lang='lat' dir='ltr'><strong>demfiebat</strong></span> <span class='ocrx_word' id='word_1_236' title='bbox 240 2657 360 2691; x_wconf 75' lang='lat' dir='ltr'><strong>contra</strong></span> <span class='ocrx_word' id='word_1_237' title='bbox 375 2651 540 2698; x_wconf 74' lang='lat' dir='ltr'><strong>Athenae,</strong></span> <span class='ocrx_word' id='word_1_238' title='bbox 572 2665 692 2690; x_wconf 77' lang='lat' dir='ltr'><strong>revera</strong></span> 
     </span>
     <span class='ocr_line' id='line_1_46' title="bbox 35 2709 691 2749; baseline -0.005 0"><span class='ocrx_word' id='word_1_239' title='bbox 35 2715 150 2749; x_wconf 82' lang='lat' dir='ltr'><strong>autem</strong></span> <span class='ocrx_word' id='word_1_240' title='bbox 180 2715 302 2749; x_wconf 75' lang='lat' dir='ltr'><strong>contra</strong></span> <span class='ocrx_word' id='word_1_241' title='bbox 323 2713 484 2747; x_wconf 83' lang='lat' dir='ltr'><strong>cunctam</strong></span> <span class='ocrx_word' id='word_1_242' title='bbox 494 2709 691 2749; x_wconf 60' lang='lat' dir='ltr'><strong>&gt;Graeciam</strong></span> 
     </span>
     <span class='ocr_line' id='line_1_47' title="bbox 37 2763 691 2806; baseline -0.003 0"><span class='ocrx_word' id='word_1_243' title='bbox 37 2769 248 2806; x_wconf 77' lang='lat' dir='ltr'><strong>mittebatur.</strong></span> <span class='ocrx_word' id='word_1_244' title='bbox 313 2767 370 2803; x_wconf 86' lang='lat' dir='ltr'><strong>De</strong></span> <span class='ocrx_word' id='word_1_245' title='bbox 411 2763 616 2803; x_wconf 77' lang='lat' dir='ltr'><strong>indicativo</strong></span> <span class='ocrx_word' id='word_1_246' title='bbox 652 2763 691 2804; x_wconf 80' lang='grc' dir='ltr'><strong>ἐ-</strong></span> 
     </span>
    </p>
   </div>
   <div class='ocr_carea' id='block_1_13' title="bbox 729 1202 1392 1369">
    <p class='ocr_par' dir='ltr' id='par_1_13' title="bbox 729 1202 1392 1369">
     <span class='ocr_line' id='line_1_48' title="bbox 730 1202 1392 1246; baseline -0.011 -1"><span class='ocrx_word' id='word_1_247' title='bbox 730 1202 868 1246; x_wconf 75' lang='grc' dir='ltr'><strong><em>λαύνει</em></strong></span> <span class='ocrx_word' id='word_1_248' title='bbox 898 1205 999 1242; x_wconf 87' lang='lat' dir='ltr'><strong>conf.</strong></span> <span class='ocrx_word' id='word_1_249' title='bbox 1029 1205 1199 1242; x_wconf 78' lang='lat' dir='ltr'><strong>Werfer.</strong></span> <span class='ocrx_word' id='word_1_250' title='bbox 1230 1204 1268 1239; x_wconf 88' lang='lat' dir='ltr'><strong>in</strong></span> <span class='ocrx_word' id='word_1_251' title='bbox 1291 1203 1392 1239; x_wconf 85' lang='lat' dir='ltr'><strong>Actt.</strong></span> 
     </span>
     <span class='ocr_line' id='line_1_49' title="bbox 729 1257 1391 1314; baseline -0.006 -15"><span class='ocrx_word' id='word_1_252' title='bbox 729 1262 836 1314; x_wconf 89' lang='lat' dir='ltr'><strong>phill.</strong></span> <span class='ocrx_word' id='word_1_253' title='bbox 866 1264 1041 1300; x_wconf 78' lang='lat' dir='ltr'><strong>Monacc.</strong></span> <span class='ocrx_word' id='word_1_254' title='bbox 1073 1264 1091 1298; x_wconf 93' lang='grc' dir='ltr'><strong>Ι</strong></span> <span class='ocrx_word' id='word_1_255' title='bbox 1110 1275 1149 1313; x_wconf 84' lang='lat' dir='ltr'><strong>p.</strong></span> <span class='ocrx_word' id='word_1_256' title='bbox 1175 1263 1267 1301; x_wconf 86' lang='lat'><strong>116.</strong></span> <span class='ocrx_word' id='word_1_257' title='bbox 1289 1257 1391 1296; x_wconf 89' lang='lat' dir='ltr'><strong>Add.</strong></span> 
     </span>
     <span class='ocr_line' id='line_1_50' title="bbox 730 1320 928 1369; baseline -0.015 -8"><span class='ocrx_word' id='word_1_258' title='bbox 730 1322 811 1369; x_wconf 71' lang='lat' dir='ltr'><strong>ul,</strong></span> <span class='ocrx_word' id='word_1_259' title='bbox 837 1320 928 1361; x_wconf 88' lang='lat'><strong>157.</strong></span> 
     </span>
    </p>
   </div>
   <div class='ocr_carea' id='block_1_14' title="bbox 729 1403 1394 2140">
    <p class='ocr_par' dir='ltr' id='par_1_14' title="bbox 729 1403 1394 2140">
     <span class='ocr_line' id='line_1_51' title="bbox 789 1403 1392 1460; baseline -0.007 -12"><span class='ocrx_word' id='word_1_260' title='bbox 789 1405 860 1448; x_wconf 66' lang='grc' dir='ltr'><strong>οὐκ</strong></span> <span class='ocrx_word' id='word_1_261' title='bbox 890 1409 931 1448; x_wconf 80' lang='grc' dir='ltr'><strong>ἐν</strong></span> <span class='ocrx_word' id='word_1_262' title='bbox 961 1407 1087 1460; x_wconf 75' lang='grc' dir='ltr'><strong><em>ὁμοίῳ</em></strong></span> <span class='ocrx_word' id='word_1_263' title='bbox 1113 1403 1260 1453; x_wconf 63' lang='grc' dir='ltr'><strong><em>πάντες</em></strong></span> <span class='ocrx_word' id='word_1_264' title='bbox 1282 1406 1392 1445; x_wconf 79' lang='grc' dir='ltr'><strong><em>ἐποι-</em></strong></span> 
     </span>
     <span class='ocr_line' id='line_1_52' title="bbox 733 1463 1392 1514; baseline -0.014 -7"><span class='ocrx_word' id='word_1_265' title='bbox 733 1467 880 1514; x_wconf 79' lang='grc' dir='ltr'><strong><em>εῦντο]</em></strong></span> <span class='ocrx_word' id='word_1_266' title='bbox 922 1467 947 1502; x_wconf 91' lang='lat' dir='ltr'><strong>i.</strong></span> <span class='ocrx_word' id='word_1_267' title='bbox 979 1479 1011 1502; x_wconf 81' lang='lat' dir='ltr'><strong>e.</strong></span> <span class='ocrx_word' id='word_1_268' title='bbox 1042 1478 1110 1502; x_wconf 85' lang='lat' dir='ltr'><strong>non</strong></span> <span class='ocrx_word' id='word_1_269' title='bbox 1149 1465 1260 1501; x_wconf 81' lang='lat' dir='ltr'><strong>eodem</strong></span> <span class='ocrx_word' id='word_1_270' title='bbox 1293 1463 1392 1499; x_wconf 79' lang='lat' dir='ltr'><em>modo</em></span> 
     </span>
     <span class='ocr_line' id='line_1_53' title="bbox 734 1519 1391 1572; baseline -0.008 -12"><span class='ocrx_word' id='word_1_271' title='bbox 734 1536 843 1561; x_wconf 76' lang='lat' dir='ltr'><strong>omnes</strong></span> <span class='ocrx_word' id='word_1_272' title='bbox 879 1522 1014 1572; x_wconf 81' lang='lat' dir='ltr'><strong>adfecti</strong></span> <span class='ocrx_word' id='word_1_273' title='bbox 1047 1525 1172 1567; x_wconf 79' lang='lat' dir='ltr'><strong>erant,</strong></span> <span class='ocrx_word' id='word_1_274' title='bbox 1212 1534 1280 1557; x_wconf 80' lang='lat' dir='ltr'><strong>non</strong></span> <span class='ocrx_word' id='word_1_275' title='bbox 1301 1519 1391 1556; x_wconf 75' lang='lat' dir='ltr'><strong>idem</strong></span> 
     </span>
     <span class='ocr_line' id='line_1_54' title="bbox 729 1576 1391 1617; baseline -0.008 0"><span class='ocrx_word' id='word_1_276' title='bbox 729 1593 843 1617; x_wconf 80' lang='lat' dir='ltr'><strong>secum</strong></span> <span class='ocrx_word' id='word_1_277' title='bbox 870 1582 1082 1616; x_wconf 74' lang='lat' dir='ltr'><strong>statuerunt.</strong></span> <span class='ocrx_word' id='word_1_278' title='bbox 1147 1578 1300 1614; x_wconf 87' lang='lat' dir='ltr'><strong>Similes</strong></span> <span class='ocrx_word' id='word_1_279' title='bbox 1331 1576 1391 1612; x_wconf 90' lang='lat' dir='ltr'><strong>lo-</strong></span> 
     </span>
     <span class='ocr_line' id='line_1_55' title="bbox 732 1634 1390 1679; baseline -0.011 -5"><span class='ocrx_word' id='word_1_280' title='bbox 732 1638 901 1674; x_wconf 84' lang='lat' dir='ltr'><strong>cutiones</strong></span> <span class='ocrx_word' id='word_1_281' title='bbox 923 1642 1070 1673; x_wconf 80' lang='lat' dir='ltr'><strong>exstant</strong></span> <span class='ocrx_word' id='word_1_282' title='bbox 1091 1636 1188 1679; x_wconf 74' lang='lat' dir='ltr'><strong>VIII,</strong></span> <span class='ocrx_word' id='word_1_283' title='bbox 1213 1636 1304 1675; x_wconf 86' lang='lat'><strong>109.</strong></span> <span class='ocrx_word' id='word_1_284' title='bbox 1325 1634 1390 1679; x_wconf 84' lang='lat'><strong>111,</strong></span> 
     </span>
     <span class='ocr_line' id='line_1_56' title="bbox 735 1690 1391 1740; baseline -0.018 -5"><span class='ocrx_word' id='word_1_285' title='bbox 735 1692 826 1735; x_wconf 79' lang='grc'>154.</span> <span class='ocrx_word' id='word_1_286' title='bbox 847 1695 877 1740; x_wconf 83' lang='lat' dir='ltr'><strong>I,</strong></span> <span class='ocrx_word' id='word_1_287' title='bbox 902 1694 979 1732; x_wconf 78' lang='lat'><strong>118</strong></span> <span class='ocrx_word' id='word_1_288' title='bbox 1001 1693 1087 1729; x_wconf 82' lang='lat' dir='ltr'><strong>coll.</strong></span> <span class='ocrx_word' id='word_1_289' title='bbox 1109 1693 1177 1737; x_wconf 91' lang='lat' dir='ltr'><strong>IX,</strong></span> <span class='ocrx_word' id='word_1_290' title='bbox 1199 1690 1267 1730; x_wconf 80' lang='lat'><strong>43.</strong></span> <span class='ocrx_word' id='word_1_291' title='bbox 1297 1691 1391 1725; x_wconf 84' lang='lat' dir='ltr'><strong>Mox</strong></span> 
     </span>
     <span class='ocr_line' id='line_1_57' title="bbox 733 1744 1392 1799; baseline -0.012 -10"><span class='ocrx_word' id='word_1_292' title='bbox 733 1746 868 1788; x_wconf 70' lang='grc' dir='ltr'><strong><em>αὐτῶν</em></strong></span> <span class='ocrx_word' id='word_1_293' title='bbox 899 1748 987 1785; x_wconf 88' lang='lat' dir='ltr'><strong>dedi</strong></span> <span class='ocrx_word' id='word_1_294' title='bbox 1017 1761 1086 1799; x_wconf 92' lang='lat' dir='ltr'><strong>pro</strong></span> <span class='ocrx_word' id='word_1_295' title='bbox 1108 1744 1272 1787; x_wconf 67' lang='grc' dir='ltr'><strong><em>αὐτέων.</em></strong></span> <span class='ocrx_word' id='word_1_296' title='bbox 1329 1745 1392 1781; x_wconf 91' lang='lat' dir='ltr'><strong>Ad</strong></span> 
     </span>
     <span class='ocr_line' id='line_1_58' title="bbox 732 1799 1392 1855; baseline -0.008 -11"><span class='ocrx_word' id='word_1_297' title='bbox 732 1807 848 1844; x_wconf 81' lang='lat' dir='ltr'><strong>verba</strong></span> <span class='ocrx_word' id='word_1_298' title='bbox 870 1802 1006 1850; x_wconf 83' lang='grc' dir='ltr'><strong><em>δόντες</em></strong></span> <span class='ocrx_word' id='word_1_299' title='bbox 1027 1807 1102 1855; x_wconf 78' lang='grc' dir='ltr'><strong>γῆν</strong></span> <span class='ocrx_word' id='word_1_300' title='bbox 1132 1819 1172 1843; x_wconf 84' lang='grc' dir='ltr'><strong>τε</strong></span> <span class='ocrx_word' id='word_1_301' title='bbox 1193 1803 1259 1841; x_wconf 78' lang='grc' dir='ltr'><strong>καὶ</strong></span> <span class='ocrx_word' id='word_1_302' title='bbox 1283 1799 1392 1850; x_wconf 71' lang='grc' dir='ltr'><strong><em>ὕδωρ</em></strong></span> 
     </span>
     <span class='ocr_line' id='line_1_59' title="bbox 735 1857 1393 1907; baseline -0.008 -8"><span class='ocrx_word' id='word_1_303' title='bbox 735 1863 836 1899; x_wconf 86' lang='lat' dir='ltr'><strong>conf.</strong></span> <span class='ocrx_word' id='word_1_304' title='bbox 876 1868 972 1898; x_wconf 84' lang='lat' dir='ltr'><strong>nott.</strong></span> <span class='ocrx_word' id='word_1_305' title='bbox 1014 1860 1063 1897; x_wconf 86' lang='lat' dir='ltr'><strong>ad</strong></span> <span class='ocrx_word' id='word_1_306' title='bbox 1101 1861 1146 1907; x_wconf 91' lang='lat' dir='ltr'><strong>V,</strong></span> <span class='ocrx_word' id='word_1_307' title='bbox 1189 1863 1239 1899; x_wconf 81' lang='lat'><strong>17</strong></span> <span class='ocrx_word' id='word_1_308' title='bbox 1281 1865 1317 1895; x_wconf 86' lang='lat' dir='ltr'><strong>et</strong></span> <span class='ocrx_word' id='word_1_309' title='bbox 1345 1857 1393 1894; x_wconf 92' lang='lat' dir='ltr'><strong>ad</strong></span> 
     </span>
     <span class='ocr_line' id='line_1_60' title="bbox 733 1915 1393 1968; baseline -0.009 -12"><span class='ocrx_word' id='word_1_310' title='bbox 733 1932 870 1956; x_wconf 84' lang='lat' dir='ltr'><strong>vocem</strong></span> <span class='ocrx_word' id='word_1_311' title='bbox 892 1915 1009 1968; x_wconf 72' lang='grc' dir='ltr'><strong><em>ἄχαρι</em></strong></span> <span class='ocrx_word' id='word_1_312' title='bbox 1023 1924 1120 1954; x_wconf 87' lang='lat' dir='ltr'><strong>nott.</strong></span> <span class='ocrx_word' id='word_1_313' title='bbox 1136 1916 1184 1953; x_wconf 88' lang='lat' dir='ltr'><strong>ad</strong></span> <span class='ocrx_word' id='word_1_314' title='bbox 1199 1917 1261 1962; x_wconf 70' lang='lat' dir='ltr'><strong>vl,</strong></span> <span class='ocrx_word' id='word_1_315' title='bbox 1284 1917 1321 1954; x_wconf 92' lang='lat'><strong>9.</strong></span> <span class='ocrx_word' id='word_1_316' title='bbox 1337 1936 1393 1941; x_wconf 91' lang='lat'><strong>——</strong></span> 
     </span>
     <span class='ocr_line' id='line_1_61' title="bbox 735 1971 1394 2022; baseline -0.009 -8"><span class='ocrx_word' id='word_1_317' title='bbox 735 1972 1011 2014; x_wconf 76' lang='grc' dir='ltr'><strong><em>οἷντάπτεσθαι</em></strong></span> <span class='ocrx_word' id='word_1_318' title='bbox 1040 1976 1114 2012; x_wconf 77' lang='grc' dir='ltr'><strong>τοῦ</strong></span> <span class='ocrx_word' id='word_1_319' title='bbox 1131 1971 1305 2022; x_wconf 83' lang='grc' dir='ltr'><strong><em>πολέμου</em></strong></span> <span class='ocrx_word' id='word_1_320' title='bbox 1323 1984 1394 2008; x_wconf 80' lang='lat' dir='ltr'><strong>va-</strong></span> 
     </span>
     <span class='ocr_line' id='line_1_62' title="bbox 732 2029 1393 2081; baseline -0.008 -12"><span class='ocrx_word' id='word_1_321' title='bbox 732 2033 784 2069; x_wconf 87' lang='lat' dir='ltr'><strong>let</strong></span> <span class='ocrx_word' id='word_1_322' title='bbox 804 2034 954 2069; x_wconf 77' lang='lat' dir='ltr'><strong>vicissim</strong></span> <span class='ocrx_word' id='word_1_323' title='bbox 982 2043 1082 2068; x_wconf 86' lang='lat' dir='ltr'><strong>arma</strong></span> <span class='ocrx_word' id='word_1_324' title='bbox 1107 2043 1230 2081; x_wconf 81' lang='lat' dir='ltr'><strong>capere</strong></span> <span class='ocrx_word' id='word_1_325' title='bbox 1249 2029 1393 2066; x_wconf 84' lang='lat' dir='ltr'><strong>bellum-</strong></span> 
     </span>
     <span class='ocr_line' id='line_1_63' title="bbox 733 2100 1000 2140; baseline -0.007 -14"><span class='ocrx_word' id='word_1_326' title='bbox 733 2103 798 2140; x_wconf 80' lang='lat' dir='ltr'><strong>que</strong></span> <span class='ocrx_word' id='word_1_327' title='bbox 817 2100 1000 2138; x_wconf 70' lang='lat' dir='ltr'><strong>suscepere.</strong></span> 
     </span>
    </p>
   </div>
   <div class='ocr_carea' id='block_1_15' title="bbox 737 2177 1401 2817">
    <p class='ocr_par' dir='ltr' id='par_1_15' title="bbox 898 2177 1229 2229">
     <span class='ocr_line' id='line_1_64' title="bbox 898 2177 1229 2229; baseline -0.006 -15"><span class='ocrx_word' id='word_1_328' title='bbox 898 2177 989 2229; x_wconf 82' lang='lat' dir='ltr'><strong>Cap.</strong></span> <span class='ocrx_word' id='word_1_329' title='bbox 1012 2177 1229 2215; x_wconf 79' lang='lat' dir='ltr'>CXXXIX.</span> 
     </span>
    </p>

    <p class='ocr_par' dir='ltr' id='par_1_16' title="bbox 737 2251 1401 2817">
     <span class='ocr_line' id='line_1_65' title="bbox 791 2251 1398 2308; baseline -0.007 -12"><span class='ocrx_word' id='word_1_330' title='bbox 791 2254 1002 2296; x_wconf 80' lang='grc' dir='ltr'><strong><em>Ἐνθαῦτα</em></strong></span> <span class='ocrx_word' id='word_1_331' title='bbox 1042 2251 1240 2308; x_wconf 66' lang='grc' dir='ltr'><strong><em>ἀναγκαίῃ</em></strong></span> <span class='ocrx_word' id='word_1_332' title='bbox 1289 2251 1398 2305; x_wconf 76' lang='grc' dir='ltr'><strong><em>ἐξέρ-</em></strong></span> 
     </span>
     <span class='ocr_line' id='line_1_66' title="bbox 737 2308 1395 2366; baseline -0.009 -13"><span class='ocrx_word' id='word_1_333' title='bbox 737 2329 857 2366; x_wconf 84' lang='grc' dir='ltr'><strong><em>γομαι</em></strong></span> <span class='ocrx_word' id='word_1_334' title='bbox 889 2310 1056 2366; x_wconf 76' lang='grc' dir='ltr'><strong><em>γνώμην</em></strong></span> <span class='ocrx_word' id='word_1_335' title='bbox 1089 2308 1395 2358; x_wconf 70' lang='grc' dir='ltr'><strong><em>ἀποδέξασθαι]</em></strong></span> 
     </span>
     <span class='ocr_line' id='line_1_67' title="bbox 737 2366 1397 2420; baseline -0.008 -12"><span class='ocrx_word' id='word_1_336' title='bbox 737 2373 764 2408; x_wconf 87' lang='lat' dir='ltr'><strong>i.</strong></span> <span class='ocrx_word' id='word_1_337' title='bbox 785 2385 819 2408; x_wconf 85' lang='lat' dir='ltr'><strong>e.</strong></span> <span class='ocrx_word' id='word_1_338' title='bbox 849 2372 962 2420; x_wconf 84' lang='lat' dir='ltr'><strong>Atque</strong></span> <span class='ocrx_word' id='word_1_339' title='bbox 991 2371 1046 2408; x_wconf 74' lang='lat' dir='ltr'><strong>hic</strong></span> <span class='ocrx_word' id='word_1_340' title='bbox 1077 2371 1280 2407; x_wconf 78' lang='lat' dir='ltr'><strong>necessitate</strong></span> <span class='ocrx_word' id='word_1_341' title='bbox 1303 2366 1397 2418; x_wconf 71' lang='lat' dir='ltr'><strong>qud-</strong></span> 
     </span>
     <span class='ocr_line' id='line_1_68' title="bbox 740 2424 1397 2476; baseline -0.008 -11"><span class='ocrx_word' id='word_1_342' title='bbox 740 2428 822 2466; x_wconf 82' lang='lat' dir='ltr'><strong>dam</strong></span> <span class='ocrx_word' id='word_1_343' title='bbox 846 2440 961 2476; x_wconf 81' lang='lat' dir='ltr'><strong>cogor,</strong></span> <span class='ocrx_word' id='word_1_344' title='bbox 981 2431 1021 2463; x_wconf 84' lang='lat' dir='ltr'><strong>ut</strong></span> <span class='ocrx_word' id='word_1_345' title='bbox 1041 2428 1248 2464; x_wconf 78' lang='lat' dir='ltr'><strong>sententiam</strong></span> <span class='ocrx_word' id='word_1_346' title='bbox 1268 2424 1397 2469; x_wconf 70' lang='lat' dir='ltr'><strong>dicam,</strong></span> 
     </span>
     <span class='ocr_line' id='line_1_69' title="bbox 741 2479 1398 2532; baseline -0.011 -11"><span class='ocrx_word' id='word_1_347' title='bbox 741 2486 832 2532; x_wconf 85' lang='lat' dir='ltr'><strong>sive,</strong></span> <span class='ocrx_word' id='word_1_348' title='bbox 854 2491 895 2521; x_wconf 89' lang='lat' dir='ltr'><strong>ut</strong></span> <span class='ocrx_word' id='word_1_349' title='bbox 916 2484 1013 2520; x_wconf 83' lang='lat' dir='ltr'><strong>bene</strong></span> <span class='ocrx_word' id='word_1_350' title='bbox 1034 2482 1196 2520; x_wconf 85' lang='lat' dir='ltr'><strong>reddidit</strong></span> <span class='ocrx_word' id='word_1_351' title='bbox 1216 2479 1398 2517; x_wconf 84' lang='lat' dir='ltr'><strong>Matthiae</strong></span> 
     </span>
     <span class='ocr_line' id='line_1_70' title="bbox 743 2537 1398 2591; baseline -0.012 -13"><span class='ocrx_word' id='word_1_352' title='bbox 743 2543 809 2580; x_wconf 89' lang='lat' dir='ltr'><strong>Gr.</strong></span> <span class='ocrx_word' id='word_1_353' title='bbox 840 2542 906 2577; x_wconf 88' lang='lat' dir='ltr'><strong>Gr.</strong></span> <span class='ocrx_word' id='word_1_354' title='bbox 929 2553 1014 2591; x_wconf 87' lang='lat' dir='ltr'><strong>pag.</strong></span> <span class='ocrx_word' id='word_1_355' title='bbox 1039 2538 1147 2580; x_wconf 80' lang='lat'><strong>1052</strong></span> <span class='ocrx_word' id='word_1_356' title='bbox 1168 2537 1296 2583; x_wconf 79' lang='lat'><strong>§.535</strong></span> <span class='ocrx_word' id='word_1_357' title='bbox 1317 2542 1398 2574; x_wconf 85' lang='lat' dir='ltr'><strong>not.</strong></span> 
     </span>
     <span class='ocr_line' id='line_1_71' title="bbox 746 2592 1401 2643; baseline -0.011 -9"><span class='ocrx_word' id='word_1_358' title='bbox 746 2600 796 2638; x_wconf 82' lang='lat'><strong>3:</strong></span> <span class='ocrx_word' id='word_1_359' title='bbox 826 2597 889 2634; x_wconf 76' lang='lat' dir='ltr'><strong>Ich</strong></span> <span class='ocrx_word' id='word_1_360' title='bbox 911 2597 1042 2643; x_wconf 82' lang='lat' dir='ltr'><strong>werde,</strong></span> <span class='ocrx_word' id='word_1_361' title='bbox 1073 2608 1121 2631; x_wconf 82' lang='lat' dir='ltr'><strong>an</strong></span> <span class='ocrx_word' id='word_1_362' title='bbox 1133 2594 1249 2641; x_wconf 79' lang='lat' dir='ltr'><strong>jedem</strong></span> <span class='ocrx_word' id='word_1_363' title='bbox 1269 2592 1401 2629; x_wconf 77' lang='lat' dir='ltr'><strong>andern</strong></span> 
     </span>
     <span class='ocr_line' id='line_1_72' title="bbox 745 2646 1398 2702; baseline -0.012 -11"><span class='ocrx_word' id='word_1_364' title='bbox 745 2654 950 2702; x_wconf 65' lang='lat' dir='ltr'><strong>geleindert,</strong></span> <span class='ocrx_word' id='word_1_365' title='bbox 980 2651 1165 2701; x_wconf 60' lang='lat' dir='ltr'><strong>genethigt</strong></span> <span class='ocrx_word' id='word_1_366' title='bbox 1187 2656 1258 2686; x_wconf 85' lang='lat' dir='ltr'><strong>etc.</strong></span> <span class='ocrx_word' id='word_1_367' title='bbox 1312 2646 1398 2684; x_wconf 75' lang='lat' dir='ltr'><strong>vid.</strong></span> 
     </span>
     <span class='ocr_line' id='line_1_73' title="bbox 745 2702 1399 2761; baseline -0.011 -15"><span class='ocrx_word' id='word_1_368' title='bbox 745 2723 856 2761; x_wconf 82' lang='lat' dir='ltr'><strong>supra</strong></span> <span class='ocrx_word' id='word_1_369' title='bbox 883 2710 964 2754; x_wconf 76' lang='lat' dir='ltr'><strong>vll,</strong></span> <span class='ocrx_word' id='word_1_370' title='bbox 995 2711 1048 2748; x_wconf 87' lang='grc'><strong>96</strong></span> <span class='ocrx_word' id='word_1_371' title='bbox 1086 2706 1171 2742; x_wconf 80' lang='lat' dir='ltr'><strong>coll.</strong></span> <span class='ocrx_word' id='word_1_372' title='bbox 1206 2702 1399 2740; x_wconf 85' lang='lat' dir='ltr'><strong>Plutarch.</strong></span> 
     </span>
     <span class='ocr_line' id='line_1_74' title="bbox 745 2760 1400 2817; baseline -0.008 -15"><span class='ocrx_word' id='word_1_373' title='bbox 745 2767 780 2802; x_wconf 89' lang='lat'><strong>11</strong></span> <span class='ocrx_word' id='word_1_374' title='bbox 814 2778 900 2817; x_wconf 84' lang='lat' dir='ltr'><strong>pag.</strong></span> <span class='ocrx_word' id='word_1_375' title='bbox 940 2765 1045 2804; x_wconf 88' lang='lat'><strong>1098</strong></span> <span class='ocrx_word' id='word_1_376' title='bbox 1086 2763 1131 2799; x_wconf 93' lang='lat' dir='ltr'><strong>A.</strong></span> <span class='ocrx_word' id='word_1_377' title='bbox 1197 2760 1259 2798; x_wconf 85' lang='lat' dir='ltr'><strong>Ad</strong></span> <span class='ocrx_word' id='word_1_378' title='bbox 1286 2761 1400 2799; x_wconf 79' lang='lat' dir='ltr'><strong>verba</strong></span> 
     </span>
    </p>
   </div>
  </div>
 </body>
</html>
