1806 3181
399 101 481 141 652

800 101 1257 139 HERODOTI

400 207 534 265 σφέας
564 207 725 259 αὐτούς
759 207 843 252 ὑπὸ
874 213 955 253 τοῦ
985 213 1124 253 κακοῦ
1143 214 1224 253 τοῦ
1245 211 1554 268 κεχρησμένου,
1590 213 1714 254 Tel-70

401 293 495 334 μων
534 275 556 320 ὁ
595 274 944 331 Ἀνδροβούλου,
999 281 1088 320 τῶν
1118 283 1308 334 Δελφῶν
1339 278 1447 335 ἀνὴρ
1480 278 1660 334 δόκιμος

400 344 532 401 ὁμοῖα
570 348 629 402 τῷ
668 344 880 399 μάλιστα,
921 345 1208 400 συνεβούλευέ
1239 359 1318 401 σφι
1350 349 1563 402 ἱκετηρίας
1591 351 1660 390 λα-

401 417 544 470 βοῦσι,
578 410 758 466 δεύτερα
789 408 910 463 αὖτις
938 413 1146 465 ἐλθόντας
1174 419 1365 469 χρᾶσθαι
1393 420 1454 472 τῷ
1483 429 1661 472 χρηστη-

374 483 489 539 Ξρίῳ
521 480 578 531 ὠς
609 481 760 532 ἱκέτας.

821 482 1121 536 πειθομένοισι
1161 483 1206 525 δὲ
1236 487 1371 527 ταῦτα
1400 488 1513 526 τοῖσι
1539 482 1662 538 Ἀθη-

400 550 585 600 ναίοισι,
633 548 708 592 καὶ
749 550 923 604 λέγουσι
952 544 1128 603 ,Ῐᾩναξ
1158 553 1322 605 χρῆσον
1351 551 1455 607 ἡμῖν
1485 550 1663 606 ἄμεινόν

400 632 468 668 ,,τι
496 616 595 670 περὶ
626 620 701 673 τῆς
728 619 949 672 πατρίδος,
982 618 1194 669 αἰδεσθεὶς
1213 618 1290 669 τοὶς
1320 619 1533 675 ἱκετηρίας
1561 616 1665 661 τάσ·
1719 622 1799 665 568

403 686 477 737 ,,δε
506 682 583 734 τάς
611 700 678 727 τοι
708 683 871 740 ἥκομεν
902 686 1130 741 φέροντες·

1190 685 1219 742 ἢ
1249 686 1305 729 οὔ
1334 704 1399 730 τοι
1430 685 1588 740 ἄπιμεν
1617 685 1718 729 ἐκ76

403 756 510 805 „tofi
531 751 710 804 ἀδύτου,
742 750 986 797 άλλάὕτοῦ
1015 756 1117 811 τῇδε
1136 753 1365 809 μενέομεν,
1397 753 1475 797 ἔστ’
1507 754 1562 797 ἂν
1591 754 1665 797 καὶ

402 819 814 877 ,,τελευτη’σωμεν·“
869 826 1006 866 ταῦτα
1053 824 1099 867 δὲ
1143 821 1318 877 λέγουσι
1356 819 1384 877 ἡ
1424 819 1665 878 πρόμαντις

404 892 486 948 χρᾷ
516 888 697 944 δεύτερα
730 889 851 933 τάδε·

370 980 392 1014 3
533 976 591 1014 Ου’
616 978 773 1014 δύναται
798 979 949 1020 Παλλὰς
973 979 1030 1015 Δί’
1052 978 1260 1025 Ὀλύμπιον
1286 979 1536 1022 ἐξιλάσασθαι,
1676 979 1720 1012 80

529 1036 720 1081 λισσομένη
744 1040 911 1072 πολλοῖσι
935 1037 1057 1083 λόγοις
1080 1038 1142 1073 καὶ
1163 1037 1289 1083 μήτιδι
1311 1039 1445 1083 πυκνῇ.

370 1093 395 1129 4
530 1094 603 1129 Σοὶ
628 1093 667 1129 δὲ
690 1093 772 1131 τόδ’
797 1090 903 1136 αὖτις
927 1094 1015 1136 ἔπος
1038 1093 1140 1141 ἐρέω,
1168 1092 1356 1139 άδάμαντι
1378 1093 1582 1134 πελάσσας·

403 1249 577 1299 χρᾶσθαι
596 1250 650 1303 τῷ
669 1247 908 1300 χρηστηρίῳ]
932 1249 956 1285 i.
975 1263 1006 1288 e.

348 1307 407 1342 uti
433 1305 593 1353 oraculo,
635 1308 813 1343 sciscitari
840 1305 937 1351 deos,
967 1313 1009 1342 ut

348 1363 378 1410 Ι,
414 1360 482 1402 47.
512 1362 578 1402 53.
622 1362 714 1403 157.
781 1361 843 1398 Ad
885 1358 1009 1402 αὐτοῦ

350 1418 444 1472 τῇδε
473 1417 550 1455 vid.
581 1419 692 1455 allata
722 1417 769 1456 ad
792 1418 873 1465 Vll,
899 1421 949 1460 10
973 1421 1010 1465 ξ.

350 1477 387 1515 8.
446 1476 503 1511 De
524 1476 754 1512 coniunctivi
774 1489 844 1512 usu
863 1477 903 1512 in
923 1489 1011 1512 ver-

351 1532 409 1568 bis
439 1527 511 1571 ἔστ’
540 1527 590 1570 ἂν
617 1531 684 1570 καὶ
722 1530 1011 1583 τελευτήσωμεν

354 1590 529 1639 exposuit
564 1590 610 1625 G.
640 1591 853 1625 Hermann.
886 1590 925 1624 in
958 1590 1012 1626 0-

351 1646 544 1696 puscc.III
559 1659 596 1696 p.
622 1647 713 1687 185.
747 1645 870 1682 Verba
890 1647 1013 1684 ταῦτα

353 1699 396 1741 δὲ
438 1700 593 1752 λέγουσι
622 1703 699 1738 iam
728 1703 834 1753 attigi
862 1701 910 1739 ad
930 1703 1011 1750 VII,

354 1761 446 1806 136,
476 1760 646 1810 itemque
677 1772 812 1796 vocem
833 1757 1013 1811 πρόμαν-

352 1830 411 1861 τις
432 1815 479 1852 ad
495 1817 556 1864 VI,
571 1818 637 1856 66.
653 1814 832 1852 Larcher.
855 1814 930 1853 huc
950 1829 1014 1852 re-

355 1872 428 1908 fert
456 1873 557 1910 Plut.
591 1873 628 1909 T
631 1870 842 1912 hemistocl.
871 1886 909 1924 p.
936 1875 1013 1913 116

354 1929 403 1965 D.
422 1930 469 1965 E.
493 1929 602 1979 [cap.
624 1930 682 1978 9.]

417 1980 477 2024 Ου’
497 1982 690 2034 δύναται]
716 1986 902 2036 'Exagitat
937 1984 1012 2022 hoc

357 2042 554 2078 oraculum
576 2044 793 2080 Oenomaus
814 2041 916 2094 apud
931 2044 1015 2079 Eu-

356 2099 436 2135 seb.
467 2099 644 2148 Praepar.
682 2101 753 2138 Ev.
783 2101 828 2148 V,
848 2099 915 2146 24,
936 2107 1015 2136 tra-

359 2162 510 2206 ctatque
529 2155 710 2193 Aristides
719 2159 757 2193 in
770 2157 933 2206 Apolog.
946 2169 1013 2206 pro

359 2210 548 2248 Themist.
578 2213 631 2247 ΠΙ
650 2226 687 2262 p.
711 2212 790 2254 346
812 2226 967 2249 exorsus
993 2227 1014 2250 a

360 2269 483 2306 verbis
510 2271 635 2318 τεῖχος
667 2268 899 2320 Τριτογενεῖ
924 2285 959 2308 κ.
982 2286 1013 2311 τ.

360 2327 394 2363 λ.
407 2326 492 2364 coll.
515 2323 644 2362 Schol.
661 2339 698 2375 p.
716 2326 792 2366 251
808 2324 867 2362 ed.
879 2327 1016 2363 From-

360 2382 451 2419 mel.
499 2382 621 2418 Affert
644 2394 795 2433 quoque
816 2380 946 2419 Schol.
968 2382 1016 2420 ad

362 2438 556 2490 Aristoph.
577 2440 676 2490 qu.
695 2440 814 2479 1037.
838 2461 889 2466 —-
919 2441 1017 2476 Ver-

361 2509 446 2532 sum
457 2495 666 2534 secundum
677 2507 686 2532 τ
699 2493 911 2547 λισσομένη
922 2499 1017 2535 πολ-

364 2555 467 2592 λοῖσι
492 2550 619 2603 λόγοις
644 2551 710 2591 καὶ
731 2550 862 2603 μήτιδι
883 2555 1017 2607 πυκνῇ

364 2609 411 2647 ad
443 2611 646 2647 Homerica
677 2623 897 2661 expressum
925 2623 1014 2657 esse,

364 2668 424 2703 vel
455 2667 625 2717 singulae
655 2680 765 2704 voces
792 2667 1016 2704 Homericae

363 2724 448 2761 satis
470 2723 673 2761 declarant.

1126 1242 1324 1297 α’δάμαντι
1351 1243 1573 1293 πελάσσας]
1605 1245 1721 1281 Recte

1066 1302 1471 1354 Schweighaeuserus:
1513 1302 1726 1351 „adamanti

1069 1361 1356 1411 adpropinquare
1372 1361 1516 1411 faciens
1556 1357 1724 1407 [admo-

1066 1419 1175 1466 vens]
1198 1418 1260 1454 lwc
1282 1418 1420 1455 verbum
1436 1419 1463 1455 i.
1485 1431 1514 1455 e.
1537 1415 1726 1453 adamanti

1066 1475 1178 1511 simile
1228 1474 1390 1522 reddens,
1447 1474 1649 1512 adamantis
1686 1472 1725 1508 in

1067 1530 1203 1568 modum
1222 1531 1315 1568 illud
1326 1532 1499 1581 firmans,
1522 1531 1552 1567 si
1567 1527 1724 1582 quidem

1068 1584 1265 1634 πελάσσας
1286 1588 1334 1624 ad
1364 1589 1584 1638 Apollinem
1603 1585 1724 1622 refer-

1067 1650 1129 1680 tur
1149 1646 1417 1681 vaticinantem
1448 1651 1484 1680 et
1509 1642 1582 1680 hoc
1604 1641 1724 1678 eden-

1067 1706 1148 1736 tem
1178 1702 1396 1749 oraculum,
1447 1699 1550 1752 quod
1569 1699 1725 1735 firmum

1069 1770 1148 1793 esse
1169 1759 1250 1795 vult
1283 1757 1492 1794 adamantis
1519 1756 1567 1793 ad
1595 1757 1725 1792 instar.

1070 1815 1203 1865 Itaque
1224 1817 1377 1866 egregie
1397 1814 1539 1851 fallitur
1558 1810 1726 1850 Larche-

1068 1883 1132 1907 rus
1181 1873 1292 1908 scribi
1340 1872 1472 1908 iubens
1511 1865 1725 1916 πελάσσαν,

1069 1927 1173 1979 quod
1200 1928 1248 1965 ad
1280 1927 1372 1975 ἔπος
1400 1928 1607 1979 pertineat,
1629 1926 1726 1962 bene

1069 1987 1440 2037 caeteroquimemor
1455 1983 1647 2021 Homerici
1667 1980 1727 2019 di-

1070 2042 1143 2078 cti:
1176 2037 1257 2080 ἀλλ’
1293 2042 1397 2082 ἕκτοι
1414 2040 1530 2091 ἐρέω,
1563 2036 1727 2079 τόδεκαὶ

1069 2097 1292 2138 τετελέσθαι
1313 2096 1384 2138 ο”ι’”ω
1405 2096 1465 2150 (11.
1484 2099 1512 2144 1,
1534 2095 1648 2145 204).
1668 2095 1725 2132 AG

1070 2155 1132 2192 vel
1151 2156 1272 2205 magis
1304 2157 1492 2192 aberrasse
1514 2150 1726 2189 censendus

1073 2218 1139 2259 est,
1162 2213 1227 2264 qui
1257 2208 1451 2263 ἀδάμαντι
1480 2206 1656 2260 πεδήσας
1680 2210 1723 2257 (i.

1073 2283 1106 2305 e.
1128 2269 1315 2306 adamanti
1344 2282 1373 2305 s.
1387 2266 1484 2317 ferro
1515 2269 1679 2316 vinciens,
1699 2271 1726 2307 i.

1073 2339 1106 2362 e.
1118 2326 1296 2376 firmans)
1327 2326 1438 2362 scribi
1457 2324 1590 2363 voluit.
1628 2325 1727 2362 Pro-

1072 2383 1155 2432 pius
1175 2380 1250 2418 huc
1270 2389 1413 2432 spectat
1431 2379 1609 2432 Aeschyl.
1630 2383 1730 2419 Pro-

1073 2437 1193 2475 meth.
1222 2441 1299 2479 160
1319 2439 1489 2489 ’δεσμοῖς
1507 2432 1669 2486 άλύτοις
1679 2434 1728 2478 οἶ-

1073 2495 1199 2546 γρίοις
1218 2511 1246 2534 π
1259 2509 1273 2533 ε
1285 2498 1306 2533 λ
1320 2490 1343 2533 ά
1359 2508 1381 2534 σ
1393 2512 1416 2534 α
1428 2511 1459 2542 ς.
1516 2497 1643 2547 Atque
1681 2491 1727 2535 οἷ-

1073 2549 1200 2601 δάμας
1224 2552 1388 2603 antiquis
1416 2553 1536 2603 poetis
1555 2559 1638 2589 tum
1649 2551 1729 2602 ser-

1072 2621 1149 2645 rum
1195 2608 1390 2659 siguificat,
1421 2616 1503 2645 tum
1544 2607 1728 2660 quidquid

1074 2665 1208 2702 natur&
1223 2678 1289 2702 sua
1306 2664 1547 2702 durissimum
1567 2663 1726 2701 habetur

1076 2729 1189 2774 atque
1210 2721 1465 2760 firmissimum
1486 2734 1557 2758 nec
1586 2720 1662 2757 ulla
1688 2719 1725 2756 vi
