1834 3258
566 200 870 238 ERATO.
930 200 1003 238 Vl.
1335 200 1421 240 343

158 312 203 356 ἐκ
222 312 454 366 δαιμονίου
473 310 552 365 μὲν
581 307 764 359 οὐδενὸς
783 312 976 365 μανῆναι
1003 306 1272 363 Κλεομένεα,
1302 308 1749 381 Σκύ-75ιιιεῃᾶεΗιεῃἏωῑηῐ.

153 385 260 436 θῃσι
287 379 333 422 δὲ
363 375 628 433 ὁμιλήσαντά
655 394 732 433 μιν
761 376 1062 433 ἀκρητοπότην
1091 376 1316 432 γενέσθαι,
1347 377 1420 421 καὶ
1477 355 1536 416 ssaug
1548 363 1750 417 derzr‘iisl’e‘zi-

131 447 206 491 Ξέκ
243 444 405 489 τούτου
444 450 649 502 μανῆναι.
718 443 904 496 Σκύθας
940 445 1025 501 γάρ
1065 445 1168 496 τοὺς
1207 444 1416 500 νομάδας,
1476 425 1535 450 tur.

154 514 244 558 ἐπεί
271 529 316 557 τε
346 525 426 568 σφι
455 519 647 568 Δαρεῖον
687 513 885 570 ἐσβαλεῖν
915 513 958 564 ἐς
997 513 1076 569 τὴν
1101 513 1267 569 χώρην,
1308 512 1416 568 μετα

152 583 290 624 ταῦτα
322 582 559 637 μεμονέναι
604 599 678 637 μιν
726 585 951 625 τίσασθαι·
1000 579 1251 635 πέμψαντας
1289 581 1335 624 δὲ
1375 580 1419 631 ἐς

151 647 384 706 Σπάρτην,
413 651 660 706 συμμαχίην
676 666 721 694 τε
744 649 991 694 ποιέεσθαι·
1021 649 1095 692 καὶ
1117 651 1416 698 συντίθεσθαι,

150 716 211 769 αἷς
238 717 369 773 χρεόν
407 720 472 773 εἴη
513 716 676 770 αὐτούς
715 719 794 775 μὲν
818 718 925 769 τοὺς
953 715 1142 767 Σκύθας
1173 716 1294 771 παρὰ
1333 720 1475 760 &oz-80

149 797 220 829 σιν
240 785 441 842 ποταμόν
460 790 618 840 πειρᾶν
643 787 688 838 ές
704 786 786 843 τὴν
812 786 1017 842 Μηδικὴν
1036 787 1248 841 ἐσβαλεῖν,
1278 784 1417 840 σφέας

149 855 196 898 δὲ
223 856 331 905 τούς
361 855 642 911 Σπαρτιήτας
671 853 862 898 κελεύειν
890 854 933 907 ἐξ
970 853 1165 911 Ἐφέσου
1204 851 1417 909 ὁρμεωμέ-

147 939 255 974 νους
294 922 569 980 ἀναβαίνειν,
617 923 690 967 καὶ
742 923 884 967 ἔπειτα
929 923 972 974 ές
1018 921 1160 965 τώυτό
1207 921 1416 965 ἀπαντᾶν.

122 991 403 1046 3Κλεομένεα
432 993 478 1036 δὲ
508 992 708 1048 λέγουσι,
746 990 949 1048 ἡκόντων
985 994 1075 1034 τῶν
1102 991 1319 1033 Σκυθέων
1349 990 1418 1034 ἐπὶ

150 1062 300 1109 ταῦτα,
346 1057 535 1116 ὁμιλέειν
565 1071 645 1115 σφι
672 1060 886 1114 μεζόνως·
919 1059 1147 1114 ὁμιλέοντα
1177 1058 1222 1101 δὲ
1252 1062 1474 1112 μᾶλλον85

147 1130 227 1169 τοῦ
250 1127 531 1182 ἱκνευμένου,
560 1132 720 1183 μαθεῖν
747 1127 827 1184 τὴν
857 1125 1180 1183 ἀκρητοποσίην
1208 1124 1320 1179 παρ’
1342 1124 1416 1169 αὐ-

147 1198 257 1238 τῶν·
297 1195 345 1239 ἐκ
382 1196 545 1239 τούτου
585 1194 631 1238 δὲ
671 1196 863 1252 μανῆναί
904 1212 980 1252 μιν
1009 1197 1234 1252 νομίζουσι
1263 1198 1414 1249 Σπαρ-

248 1394 341 1445 Cap.
367 1393 584 1431 LXXXIV.

146 1448 189 1489 ἔκ
211 1450 424 1501 δαιμονίου
459 1447 533 1500 μὲν
563 1443 751 1497 ου’δενός]

87 1506 171 1552 Quo
193 1506 377 1544 declarari
397 1508 623 1553 voluerunt,
643 1518 752 1542 mor-

85 1564 179 1600 bum
207 1578 236 1603 s.
267 1564 439 1602 furorem
468 1563 647 1601 divinitus
666 1576 746 1599 non

83 1621 297 1658 immissum
343 1634 472 1673 neque
520 1633 542 1657 a
581 1619 652 1657 diis
699 1620 748 1657 ob

83 1678 224 1714 scelera
243 1679 458 1715 Cleomenis
479 1685 593 1729 atque
609 1677 746 1727 impie-

83 1740 202 1771 tatem
239 1736 342 1772 iratis
388 1735 579 1772 inflictum
615 1733 749 1782 videri,

83 1790 152 1829 sed
183 1804 206 1827 a
232 1793 409 1840 naturali,
448 1799 491 1828 ut
522 1792 575 1828 ita
608 1790 748 1839 dicam,

85 1846 198 1884 causa
210 1877 221 1895 ‚
243 1861 365 1900 eaque
386 1855 516 1898 aperta
534 1861 606 1884 nec
622 1860 750 1885 secre-

85 1909 123 1941 ta
141 1917 214 1941 nec
235 1903 455 1942 abscondita
476 1917 554 1942 esse
570 1910 750 1956 repeten-

85 1958 195 2000 dum.
252 1962 353 1999 Nam
369 1974 622 2013 quaecunque
654 1961 748 1997 insi-

81 2017 220 2068 gniora
238 2019 419 2055 mortales
439 2018 611 2068 affligant
630 2017 745 2064 mala,

79 2087 247 2126 quorum
268 2088 398 2112 causas
414 2075 626 2126 perspicere
641 2072 745 2111 haud

78 2131 254 2180 valeant,
277 2145 321 2168 ea
341 2145 363 2168 a
384 2131 453 2170 diis
474 2132 650 2179 immitti,
673 2144 745 2167 an-

78 2189 261 2240 tiquitatis
289 2189 361 2226 fuit
395 2190 538 2240 opinio.
607 2182 742 2240 Itaque

77 2246 195 2282 etiam
214 2244 322 2283 hicce
341 2246 459 2295 locus,
481 2247 547 2283 ubi
568 2244 615 2282 de
627 2245 742 2282 Cleo-

82 2303 205 2339 menis
223 2304 358 2341 morbo
393 2304 520 2342 variae
539 2302 744 2354 proferun-

84 2365 145 2395 tur
164 2371 320 2408 causae,
349 2362 487 2397 merito
515 2359 564 2397 ad
596 2372 658 2396 eos
679 2373 744 2396 re-

82 2415 223 2465 fertur,
263 2430 284 2452 e
322 2418 459 2468 quibus
489 2417 602 2469 quale
631 2416 745 2454 fuerit

81 2472 209 2509 Nostri
227 2471 397 2510 studium
417 2475 547 2511 omnia
569 2472 743 2510 humana

81 2541 125 2566 ac
156 2530 344 2566 terrestria
375 2543 396 2566 e
426 2532 545 2568 causis
564 2529 743 2567 humanis

82 2585 122 2622 in
142 2586 223 2637 ipsa
241 2599 370 2623 rerum
383 2587 519 2624 natura
530 2588 658 2638 positis
672 2586 742 2624 de-

83 2642 242 2691 rivandi,
259 2644 493 2694 perspicitur,
506 2656 748 2696 quamquam

83 2711 180 2751 quae
209 2701 289 2737 eius
310 2707 388 2737 erat
410 2702 527 2751 pietas
540 2730 549 2747 ‚
569 2713 741 2737 summa—

83 2769 157 2807 que
186 2757 354 2795 numinis
375 2756 494 2795 divini
519 2758 740 2805 reverentia,

82 2813 234 2863 maluit,
275 2815 335 2852 vel
362 2827 426 2864 ea,
456 2826 622 2867 quorum
651 2826 740 2852 cau-

810 1405 873 1430 sae
893 1390 1030 1428 natura
1056 1391 1255 1442 patebant,
1296 1391 1345 1429 ad
1375 1391 1475 1430 divi-

809 1462 907 1485 num
933 1461 1081 1485 numen
1112 1447 1358 1502 divinamque
1385 1450 1472 1486 vin—

810 1505 952 1543 dictam
981 1506 1109 1554 illam,
1154 1519 1253 1558 quae
1294 1507 1472 1544 omnibus

807 1564 920 1600 rebus
939 1564 980 1599 in
994 1569 1094 1599 terra
1115 1564 1300 1615 coeloque
1331 1562 1471 1600 mode-

806 1627 936 1668 ratur,
968 1619 1064 1668 (vid.
1082 1627 1177 1659 nott.
1201 1620 1249 1657 ad
1269 1622 1298 1667 Ι,
1329 1623 1394 1661 32.
1417 1622 1473 1657 ΙΙΙ

805 1676 872 1718 40.
898 1677 1010 1725 108.)
1032 1677 1194 1724 referre,
1223 1678 1262 1713 in
1283 1677 1360 1713 fine
1379 1690 1471 1713 nar—

805 1734 960 1770 rationis
981 1732 1075 1771 haec
1096 1734 1352 1784 subiungens:
1382 1732 1471 1784 ἐμοὶ

807 1788 850 1829 δὲ
889 1789 1017 1829 δοκέει
1051 1792 1198 1829 τίσιν
1227 1786 1424 1840 ταύτην
1447 1788 1472 1829 ὁ

807 1846 1038 1897 Κλεομένης
1051 1843 1282 1896 Λημαρήτω
1303 1845 1467 1886 ἐκτίσαι.

807 1903 918 1942 Couf.
950 1905 1065 1939 etiam
1094 1902 1352 1940 Hoffmeister.
1383 1903 1408 1941 l.
1438 1903 1466 1940 l.

802 1972 893 2010 pag.
920 1962 969 2000 17
999 1973 1078 2011 seq.
1136 1958 1198 1997 Ad
1213 1960 1336 2010 ipsam
1354 1959 1467 1996 locu-

804 2017 949 2053 tionem
989 2015 1033 2055 ἐκ
1070 2016 1282 2067 δαιμονίου
1328 2017 1466 2054 similia

803 2074 1068 2121 conferantur,
1114 2086 1212 2125 quae
1248 2074 1465 2111 notavimus

801 2129 850 2167 ad
879 2132 908 2178 Ι,
938 2132 1031 2171 126.
1058 2131 1125 2178 III,
1160 2129 1251 2171 155.
1319 2131 1465 2167 Vocem

799 2181 1078 2238 ἀκρητοπότην
1132 2186 1354 2236 (ebriosum,
1404 2189 1467 2237 qui

800 2256 930 2281 merum
960 2247 1062 2293 potat
1090 2243 1235 2292 vinum)
1276 2258 1324 2281 ex
1339 2246 1465 2281 Hero-

801 2300 892 2339 doto
926 2302 1016 2338 citat
1041 2301 1183 2337 Pollux
1216 2301 1280 2348 VI,
1301 2301 1354 2343 25
1376 2301 1463 2338 coll.

797 2356 941 2396 Athen.
961 2359 1000 2394 X
1015 2371 1106 2409 pag.
1141 2357 1223 2399 427
1244 2359 1288 2397 B.
1312 2358 1356 2395 C.
1379 2356 1461 2398 436

855 2468 1097 2523 μεμονέναι]
1139 2471 1164 2508 i.
1196 2484 1229 2508 e.
1249 2472 1288 2508 in
1306 2471 1460 2507 animum

797 2528 992 2566 induxisse.
1060 2529 1144 2574 Quo
1184 2528 1300 2565 verbo
1339 2526 1460 2577 poetis

797 2587 962 2638 antiquis
1000 2585 1136 2622 usitato
1159 2586 1334 2636 impetum,
1364 2582 1455 2618 (lesi-

797 2642 932 2680 derimn
973 2643 1136 2694 exprimi
1176 2642 1274 2678 bene
1313 2639 1457 2676 notavit

796 2700 1032 2750 Wesseling.
1100 2697 1202 2735 Add.
1232 2699 1457 2735 Buttmann.

798 2758 865 2796 Gr.
898 2757 988 2794 mai.
1018 2757 1053 2792 11
1082 2768 1169 2806 pag.
1205 2755 1297 2795 188.
1362 2753 1455 2788 Mox

798 2812 886 2853 dedi
919 2810 1035 2866 χρέον
1065 2824 1134 2863 pro
1164 2808 1300 2863 χρέων.
1335 2807 1454 2859 (Vid.
