1834 3258
430 191 905 243 POLYMNIA.

967 191 999 228 V
1008 192 1025 227 I
1036 192 1064 229 Ι.
1313 192 1395 231 521

4 330 15 342 .
69 326 77 334 ι
129 300 223 354 ,,ὃ’τι
253 303 298 344 αἱ
327 301 552 357 συμφοραὶ
579 304 668 343 τῶν
699 297 951 355 ἀνθρώπων
971 299 1165 355 ἄρχουσι,
1195 299 1268 342 καὶ
1298 297 1399 342 οὐκὶ

104 369 375 424 ὂὸνθρωποι
416 373 505 412 τῶν
535 369 813 425 συμφορέων.

874 368 962 412 Καὶ
993 368 1068 424 δή,
1095 370 1183 411 τῶν
1213 365 1294 410 δύο
1325 382 1394 409 τοι

131 441 243 489 ,,τοῦ
280 436 432 491 ἑτέρου
471 438 723 493 εἰρημένου,
764 435 814 480 τὸ
855 437 1004 491 ἕτερον
1035 435 1214 491 ἔρχομαι
1246 431 1455 489 ἐρέων.15

130 509 210 561 ,,γῆ
249 505 294 548 δὲ
335 507 516 562 πολεμίη
555 507 658 562 τῇδέ
696 522 765 549 τοι
794 506 1072 549 κατίσταται·
1107 505 1143 547 εἰ
1164 501 1301 546 ἐθέλει
1330 518 1400 544 τοι

129 574 289 630 ,μηδὲν
325 571 524 625 ἀντίξοον
565 578 854 631 καταστῆναι,
894 571 1095 631 τοσούτῳ
1137 588 1206 614 τοι
1232 572 1398 626 γίνεται

130 641 447 697 ,,πολεμιωτέρη
460 674 470 690 ,

530 640 620 700 ὅσῳ
660 641 717 686 ἂν
767 643 1012 698 προβαίνῃς
1057 638 1296 692 ἑκαστέρω,

1345 635 1395 680 τὸ

128 708 306 765 ,,πρόσω
350 710 431 753 αἰεὶ
466 709 774 767 κλεπτόμενος·
816 709 1048 765 εὐπρηξίης
1078 707 1163 763 γὰρ
1196 704 1279 750 οὐκ
1310 704 1452 749 ἔστιΞΟ

71 886 340 936 Intelliguutur
367 883 406 924 h.
438 886 463 922 l.
499 888 624 935 portus
665 899 734 923 na-

72 945 167 979 vium
203 955 348 992 capaces
374 955 403 978 s.
435 942 584 978 navibus
604 944 734 993 recipi-

71 998 171 1036 endis
200 999 336 1046 idonei,
381 995 599 1048 δυνάμενοι
620 997 734 1046 δέξα-

73 1059 172 1094 σθαι
191 1052 233 1093 τὸ
254 1052 438 1094 ναυτικὸν
452 1084 462 1102 ,
487 1062 529 1091 ut
550 1056 649 1091 bene
666 1057 734 1093 ob-

69 1119 195 1149 servat
214 1111 411 1159 Vale-ken„
445 1112 522 1162 legi
542 1125 650 1162 posse
670 1126 734 1149 ra-

42 1201 49 1206 1
69 1175 130 1206 tus
149 1166 466 1218 ’ὑποδεξίμων
485 1181 506 1205 a
526 1167 733 1209 vocefino-

71 1223 238 1276 δέξιμος,
258 1226 442 1276 probante
463 1223 657 1263 Schaefer.
684 1225 733 1263 ad

68 1283 260 1319 Lambert.
281 1284 372 1323 Bos.
402 1281 448 1319 de
479 1283 616 1333 ellipss.
641 1296 729 1333 pag.

73 1337 167 1386 438,
209 1339 270 1375 cui
308 1352 385 1376 vox
418 1337 629 1385 ὑποδέξιος
659 1341 732 1377 nisi

70 1408 221 1445 prorsus
234 1396 406 1442 conficta,
424 1402 461 1432 at
474 1395 612 1433 dubiae
632 1404 732 1434 certe

70 1450 162 1488 fidei
181 1465 259 1489 esse
289 1451 451 1490 videtur.
510 1452 648 1490 Suidas
680 1455 734 1490 111

70 1507 200 1559 p.553
223 1507 456 1557 ὕποδέξιος·
496 1507 733 1561 ὕποδοχεύς.

129 1561 190 1604 ὅτι
201 1565 246 1604 αἱ
261 1564 463 1617 συμφοραὶ
473 1569 551 1605 τῶν
573 1562 733 1616 ἀνθρώ-

70 1635 159 1660 πων
178 1618 370 1673 ἄρχουσι]
390 1622 514 1660 Affert
532 1622 626 1661 haec
643 1625 735 1663 Sto-

71 1679 188 1716 baeus
216 1680 376 1717 XCVIII
405 1678 562 1731 (XCVI)
599 1682 637 1728 §.
666 1680 732 1722 64.

72 1734 142 1784 (T.
179 1736 234 1772 III
264 1751 301 1787 p.
332 1735 414 1778 294
456 1738 601 1789 Gaisf.)
649 1739 734 1775 Alia

74 1802 124 1828 ex
139 1792 318 1839 Stobaeo,
340 1795 433 1841 aliis,
454 1796 590 1831 similia
611 1797 737 1832 attulit

73 1848 244 1886 Voemel.
277 1849 326 1887 ad
353 1849 601 1889 Demosthen.
640 1851 738 1889 Phi-

73 1905 166 1955 lipp.
187 1907 205 1941 I
226 1907 264 1951 §.
287 1909 339 1947 39
363 1905 418 1957 (p.
434 1906 483 1947 51
506 1909 572 1958 R.)
593 1911 737 1959 p.207.

74 1961 187 1999 Cous.
218 1975 331 2013 supra
359 1964 388 2008 Ι,
425 1966 502 2004 32:
543 1967 627 2004 πᾶν
657 1964 737 2004 ἐστι

73 2015 297 2069 ἅνθρωπος
320 2017 521 2072 συμφορὴ,
540 2022 606 2058 ubi
636 2023 735 2060 conf,

76 2075 202 2112 allata.
267 2075 480 2113 Larcherus
524 2080 737 2129 comparari

74 2131 156 2170 vult
187 2132 355 2170 Sallustii
384 2132 479 2170 illud
507 2135 591 2185 lug.
621 2137 639 2171 I
668 2136 735 2173 fin.

75 2188 244 2237 „Quodsi
282 2188 502 2227 hominibus
546 2193 735 2229 bonarum

74 2258 203 2282 rerum
222 2253 327 2283 tanta
349 2260 438 2284 cura
459 2255 567 2296 esset,
596 2271 652 2276 -—
672 2263 736 2287 ne-

76 2315 140 2352 que
174 2307 376 2352 regerentur
409 2307 527 2353 magis
560 2319 663 2356 quam
681 2319 736 2344 re-

77 2362 196 2407 gerent
226 2372 330 2397 cusus
365 2367 402 2397 et
429 2374 474 2398 eo
500 2363 736 2414 magnitudi-

75 2415 133 2452 nis
153 2415 402 2467 procederent
418 2420 517 2456 etc.“

352 2507 389 2552 ὅ.
419 2511 458 2549 2.

81 2614 85 2618 .
136 2583 216 2623 Καὶ
237 2581 300 2635 δή,
315 2587 397 2624 τῶν
419 2582 491 2625 δύο
511 2601 572 2625 τοι
600 2590 672 2626 τοῦ
693 2586 736 2626 ἓ-

78 2640 192 2692 τέρου
214 2640 450 2692 εἰρημένον]
463 2643 648 2679 Voculam
661 2640 735 2683 δύο

77 2711 156 2734 nou
176 2711 325 2748 semper
344 2699 479 2734 Noster
505 2699 654 2736 flectere
674 2713 738 2738 so-

77 2755 143 2791 let.
202 2756 312 2792 Conf.
344 2753 480 2791 Matth.
515 2756 581 2792 Gr.
602 2757 681 2805 Οτι-,ζ
701 2758 738 2802 ξ.

83 2812 175 2853 138.
233 2811 294 2849 Ad
313 2812 548 2849 locutionem
579 2810 740 2864 ἔρχομαι

790 883 911 935 ἐρέων
931 885 1031 923 conf.
1053 885 1082 932 Ι,
1104 881 1182 924 194
1201 883 1331 934 ibique
1351 882 1452 918 citat.

789 944 832 978 111
865 943 1040 992 proxime
1067 954 1174 992 seqq.
1216 952 1283 991 pro
1319 941 1371 989 γῆ
1411 936 1454 976 δὲ

789 999 958 1049 πολεμίη
1006 998 1240 1047 Wesseling.
1287 996 1455 1031 malebat

791 1052 851 1105 δή
882 1068 950 1106 pro
973 1053 1037 1120 δὲ,
1068 1051 1454 1104 Schweighaeuseius

790 1109 877 1161 γὰρ,
900 1111 1006 1148 cuius
1027 1112 1141 1161 ipsius
1155 1110 1361 1160 paniculae
1374 1109 1454 1145 vim

788 1166 829 1204 h.
861 1168 886 1204 l.
918 1181 986 1218 per
1017 1166 1060 1207 δὲ
1091 1169 1254 1217 explimi
1285 1165 1452 1202 credun

788 1225 880 1271 Nec,
913 1226 1049 1275 opinor
1064 1254 1073 1272 ,
1116 1225 1181 1260 illa
1201 1224 1341 1260 insoliti
1363 1221 1455 1274 quid

789 1279 968 1328 habebit,
999 1280 1117 1317 modo
1143 1278 1247 1317 hunc
1267 1280 1346 1316 fere
1365 1292 1456 1316 sen-

788 1339 929 1375 tentiae
950 1337 1190 1374 Herodoteae
1210 1349 1355 1373 nexum
1377 1349 1457 1372 esse

790 1396 955 1445 cogites:
986 1408 1056 1432 non
1083 1407 1189 1430 mare
1219 1397 1358 1431 tantum
1386 1393 1458 1429 tibi

788 1451 886 1488 nihil
906 1452 1102 1502 praebebit
1119 1452 1219 1501 opis,
1242 1463 1362 1487 verum
1377 1456 1457 1486 ter-

790 1522 832 1545 ra
853 1521 1030 1560 quoque,
1061 1507 1138 1560 quei
1162 1509 1241 1544 iam
1262 1519 1456 1557 exponam

791 1567 950 1613 ratione,
972 1564 1017 1601 eft
1031 1566 1099 1602 tibi
1121 1565 1190 1601 erit
1204 1563 1364 1602 hostilis.
1393 1562 1457 1600 Ad

789 1624 912 1673 ipsam
926 1623 1155 1659 seutentiam
1163 1620 1349 1659 Valcken.
1360 1634 1459 1657 con-

790 1680 862 1717 fert
881 1678 1060 1731 Aeschyl.
1082 1680 1194 1717 pers.
1209 1678 1313 1719 794:
1355 1675 1456 1727 αὕτη

790 1733 866 1789 γὰρ
904 1734 934 1787 ἦ
962 1739 1014 1789 γῆ
1058 1731 1262 1787 ξύμμαχος
1307 1734 1457 1782 κείνοις

791 1793 912 1833 πέλει.

851 1849 887 1889 εἰ
911 1846 1042 1890 ἐθέλει
1076 1863 1138 1888 τοι
1171 1844 1296 1899 μηδὲν
1340 1841 1455 1886 α’ντί-

794 1907 888 1954 ξοον
916 1906 1185 1955 καταστῆναι]
1239 1906 1272 1940 Ε
1308 1903 1458 1941 duobus

794 1962 906 2000 codd.
919 1960 1155 2012 Schweigh„
1169 1962 1284 1998 Gaisf.
1298 1967 1334 1997 et
1347 1959 1457 1997 Bek-

793 2018 875 2056 ker.
897 2025 1146 2070 reposuerunt
1169 2017 1312 2058 ἐθέλοι.
1333 2018 1458 2069 Equi-

794 2076 884 2113 dem
916 2090 984 2114 cur
1004 2089 1025 2112 a
1054 2076 1228 2125 vulgata,
1260 2087 1377 2126 quam
1399 2081 1458 2111 et-

792 2135 871 2170 iam
890 2131 1027 2170 Matth.
1049 2133 1194 2179 tenuit,
1221 2130 1455 2180 recederem,

791 2189 888 2227 nihil
902 2190 1020 2226 habui
1050 2202 1198 2226 causae.
1230 2190 1275 2225 Iu
1296 2189 1459 2225 Floren-

791 2248 872 2284 tino
894 2247 1031 2284 diserte
1052 2247 1191 2296 legitur
1203 2245 1322 2285 θέλει.
1344 2244 1457 2286 conf,

791 2306 874 2351 VII,
906 2306 974 2345 37.
1031 2305 1089 2339 De
1119 2303 1226 2339 verbi
1254 2301 1366 2339 huius
1386 2314 1458 2339 usu

794 2361 894 2398 conf.
916 2367 1014 2398 nott.
1034 2359 1083 2396 ad
1106 2361 1227 2406 11,1t
1264 2367 1300 2396 et
1320 2361 1458 2410 Heyue

794 2417 843 2455 ad
863 2416 1321 2467 Pindar.01ymp.X111‚
1346 2419 1397 2456 12
1418 2429 1456 2465 p.

798 2475 890 2523 157,
910 2487 932 2511 a
958 2474 1029 2510 Cr.
1053 2474 1155 2510 citat.
1196 2474 1360 2510 Devoce
1382 2467 1456 2510 α’ν-

793 2528 1458 2582 vigoov,quz⁴·2⁶ontra1ium,adver-

792 2590 927 2625 sarium
950 2586 1175 2633 declaratur,
1198 2585 1276 2623 vid.
1296 2591 1392 2624 nott.
1408 2582 1457 2621 ad

790 2643 934 2692 1,174.

849 2716 893 2740 το
915 2696 1052 2750 πρόσω
1074 2695 1151 2736 αἰεὶ
1172 2691 1456 2746 κλεπτόμενος]

795 2758 871 2794 Pro
903 2751 1165 2803 κλεπτόμενος
1193 2753 1349 2790 Stobaei
1386 2765 1458 2789 lus.

796 2812 912 2851 habet
940 2806 1201 2863 βλεπόμενος,
1239 2807 1343 2862 quod
1376 2809 1456 2846 iure
