1815 3181
293 618 360 662 69

88 681 161 709 sali
176 683 263 710 modo
280 694 345 712 cum

88 716 184 743 multo
209 719 364 750 potentior

89 749 273 779 adversariis
291 762 363 781 exa-

89 783 192 819 sisset,

425 184 506 223 122

825 183 1286 220 HERODOTI

424 290 518 333 ἔτεα
557 289 783 344 ἑξήκοντα·
825 290 1046 345 μετέπειτα
1087 292 1233 348 μέντοι
1269 292 1400 346 λόγον
1437 295 1560 346 σφίσι
1589 293 1688 336 δόν-

422 374 512 410 τες,
547 357 780 414 μετέβαλον
810 359 852 409 ἐς
882 359 987 410 τούς
1009 359 1181 410 Ὑλλέας
1211 361 1285 403 καὶ
1309 361 1585 415 Παμφύλους
1615 363 1688 403 καὶ

423 427 709 481 Δυμανάτας·
749 426 980 480 τετάρτους
1016 428 1061 470 δὲ
1103 426 1274 471 αὐτοῖσι
1312 432 1581 483 προσέθεντο
1619 429 1688 471 ἐπὶ

423 497 504 537 τοῦ
542 492 775 549 Ἀδρήστου
811 494 968 545 παιδὸς
1014 496 1265 549 Αἰγιαλέος,
1312 497 1394 553 τήν
1437 497 1743 552 ἐπωνυμίην85

423 562 674 616 ποιεύμενοι
704 565 939 617 κεκλῆσθαι
972 562 1213 616 Αἰγιαλέας.

507 634 655 672 Ταῦτα
699 629 779 685 μέν
817 646 901 673 νυν
946 629 970 673 ὁ
1010 630 1256 682 Σικυώνιος
1295 631 1559 685 Κλεισθένης
1597 629 1686 673 ἐπε-

421 697 610 754 ποιήκεε.

670 697 694 741 ὁ
725 698 771 741 δὲ
801 698 854 753 δὴ
888 697 1117 754 Ἀθηναῖος
1162 700 1448 755 Κλεισθένης,
1488 699 1572 742 ἐών
1604 702 1687 742 τοῦ

420 768 674 809 Σικυωνίου
721 764 885 808 τούτου
932 768 1247 820 θυγατριδέος.

1301 769 1372 810 καὶ
1424 766 1472 810 τὸ
1514 766 1686 821 οὔνομα

422 834 489 876 ἐπὶ
521 833 686 876 τούτου
712 834 832 888 ἔχων,
863 833 1032 876 δοκέειν
1062 833 1170 887 ἐμοὶ.
1205 834 1277 876 καὶ
1308 829 1439 884 οὗτος
1466 833 1687 888 ’ὑπεριδὼν

410 903 586 954 Ἴωνας,
616 903 690 944 ἵνα
707 900 766 957 μή
789 912 913 956 σφισι
943 903 988 943 αἱ
1018 902 1145 944 αὐταὶ
1173 902 1274 945 ἔωσι
1300 903 1436 957 φυλαὶ
1465 904 1537 945 καὶ
1553 902 1744 951 ”Ῑωσι,9ο

420 969 499 1014 τόν
539 970 777 1024 ὁμώνυμον
814 968 1082 1012 Κλεισθένεα
1122 969 1367 1025 ἐμιμήσατο.
1420 968 1477 1019 ὡς
1515 968 1598 1024 γάρ
1630 969 1683 1025 δή

393 1037 503 1081 Ξτόν
538 1037 783 1095 Ἀθηναίων
820 1037 980 1091 δῆμον,
1019 1037 1237 1093 πρότερον
1267 1035 1552 1094 ἀπωσμένον,
1591 1036 1686 1080 τότε

363 1212 580 1250 timendum
598 1213 707 1250 foret.
751 1210 946 1264 Equidem
963 1219 1025 1249 ta-

364 1284 457 1306 men
484 1272 524 1306 in
551 1271 688 1307 talibus
717 1268 913 1306 Herodoto
939 1270 1024 1320 plus

365 1326 466 1374 fidei,
489 1340 605 1378 quam
625 1328 694 1363 ulli
713 1327 930 1363 recentioris
958 1339 1025 1362 ae-

365 1385 450 1420 tatis
470 1385 644 1435 scriptori
668 1382 801 1420 haberi
820 1383 949 1420 velim.

420 1438 536 1492 λόγον
573 1441 688 1490 σφίσι
716 1436 870 1488 δόντες]
913 1439 1024 1476 Conf.

364 1505 459 1535 nott.
482 1496 592 1545 adn,
617 1500 712 1538 162.
733 1497 838 1542 Quae
853 1509 1026 1548 sequun-

364 1561 427 1590 tur
464 1556 692 1591 Doricarum
730 1554 902 1590 tribuum
949 1566 1025 1589 no-

362 1613 469 1647 mina
506 1612 767 1663 antiquissima
795 1611 859 1647 illa
879 1617 967 1646 sunt
987 1617 1025 1646 et

364 1669 403 1703 in
440 1681 672 1720 unaquaque
707 1667 857 1704 civitate
885 1668 1023 1703 Dorica

362 1726 486 1772 obvia,
507 1732 549 1761 ut
569 1738 682 1775 supra
701 1726 935 1760 monuimus.
965 1725 1023 1759 De

363 1783 499 1832 quibus
516 1782 623 1832 plura
644 1780 722 1818 vid.
743 1781 784 1817 C.
808 1781 852 1817 O.
873 1780 1023 1816 Miiller.

362 1840 453 1874 Dor.
483 1840 520 1875 II
548 1851 636 1889 pag.
668 1837 722 1878 75
761 1850 869 1888 seqq.
909 1837 950 1873 C.
979 1838 1022 1872 F.

363 1897 575 1932 Hermann.
590 1892 798 1932 Lehrbuch
817 1901 889 1930 etc.
913 1895 948 1938 §.
968 1895 1022 1934 20

362 1959 442 1989 not.
466 1955 504 1992 ὅ.
526 1951 566 1992 4.
596 1954 772 1989 Korti'un.
792 1952 831 1988 in
864 1949 1023 1988 Schlos-

361 2022 433 2049 ser.
466 2016 503 2045 et
531 2007 685 2045 Bercht.
713 2006 870 2045 Archiv.
901 2007 952 2044 T.
971 2007 1023 2043 lV

362 2078 449 2116 pag·
482 2064 731 2105 141—-143.
788 2066 873 2100 Hoc
901 2077 1023 2100 unum

362 2122 424 2158 hic
447 2121 587 2158 addere
606 2122 724 2167 lubet,
738 2119 927 2157 Herodoti
942 2120 1023 2170 Dy-

361 2182 527 2218 manatas
558 2177 660 2229 apud
679 2178 772 2215 alios
793 2178 922 2214 vocari
942 2175 1022 2225 Dy-

362 2249 490 2283 manes,
511 2242 554 2271 ut
572 2249 609 2272 V.
621 2249 655 2272 c.
665 2233 767 2285 apud
779 2231 914 2283 steph.
925 2233 1020 2282 Byz.

362 2309 391 2331 s.
423 2307 459 2330 v·
480 2294 624 2341 Λυμᾶν
655 2305 694 2342 p.
725 2292 819 2331 312.
878 2289 1022 2335 Quibus

363 2351 477 2388 ternis
497 2349 667 2386 tribubus
694 2353 828 2399 quarta
846 2347 878 2383 si
897 2358 1020 2382 acces-

363 2409 429 2453 sit,
461 2419 503 2442 ea
525 2406 584 2442 vel
606 2405 897 2456 peregrinorum
913 2404 953 2438 in
965 2403 1021 2438 ci-

364 2465 521 2500 vitatem
539 2468 779 2512 receptorum
797 2460 909 2497 fuisse
926 2471 1022 2509 ,pro—

364 2521 487 2558 babile
507 2527 582 2564 est,
611 2518 671 2556 vel
701 2515 924 2567 indigenam
952 2516 1022 2553 tri-

364 2579 456 2614 bum
468 2607 478 2624 ,
500 2589 598 2628 quae
617 2576 759 2627 priores
771 2580 892 2611 terrae
911 2573 1021 2609 inco·

366 2637 417 2672 las
438 2633 630 2671 aDoribus
651 2629 915 2667 invadentibus
929 2628 1020 2664 sub-—

365 2699 466 2727 actos
507 2690 792 2740 complectatur.
860 2685 1019 2730 Qualem

366 2747 492 2784 lianc'
485 2760 603 2798 ipsam
624 2745 888 2795 Aegialensem
909 2743 1022 2777 fuisse

366 2805 575 2847 statuimus,
601 2803 647 2839 ab
672 2800 840 2851 Aegialo.
874 2797 1018 2835 Adrasti

1079 1212 1172 1260 filio,
1203 1211 1502 1259 denominatam,
1534 1224 1624 1248 cum
1660 1213 1741 1262 ipsa

1081 1270 1174 1305 olim
1195 1270 1339 1320 Sicyon
1353 1268 1431 1305 unit
1451 1281 1542 1305 cum
1559 1280 1650 1318 agro
1670 1267 1742 1305 ad-

1080 1327 1228 1364 iacente
1239 1325 1403 1375 Aegz‘alz's
1423 1326 1612 1376 appellata
1632 1331 1740 1372 esset,

1083 1390 1120 1419 et
1153 1384 1220 1435 qui
1249 1384 1289 1419 iu
1317 1389 1423 1433 parte
1442 1381 1742 1433 septemtrionali

1082 1438 1132 1476 ad
1161 1441 1277 1476 maris
1303 1439 1391 1475 litus
1421 1435 1638 1490 (αἰγιαλὸν)
1668 1437 1742 1474 ha-

1082 1497 1264 1544 bitabant,
1277 1495 1424 1533 Achaei
1444 1495 1659 1532 dicerentur
1669 1495 1739 1534 Αἰ-

1081 1557 1226 1605 γιαλεῖς
1242 1565 1252 1589 :
1276 1551 1324 1589 de
1346 1553 1482 1604 quibus
1496 1552 1599 1589 conf.
1612 1552 1741 1602 Span-

1081 1609 1185 1647 hem.
1209 1608 1257 1646 ad
1269 1608 1492 1646 Callimach.
1512 1611 1552 1645 in
1571 1609 1657 1646 Del.
1673 1611 1740 1650 73.

1081 1667 1207 1704 Strab.
1226 1667 1315 1703 Vll]
1337 1678 1425 1716 pag.
1448 1668 1530 1706 382
1549 1679 1578 1702 s.
1601 1665 1739 1706 587A-

1078 1724 1138 1760 De
1157 1725 1238 1774 ipso
1258 1721 1388 1770 heroe,
1408 1721 1512 1758 unde
1527 1723 1645 1758 tribus
1665 1734 1741 1758 no-

1079 1793 1171 1816 men
1201 1779 1364 1827 duxerit,
1395 1778 1497 1815 conf.
1516 1777 1739 1829 Apollodor.

1078 1838 1146 1884 ΙΙΙ,
1177 1840 1216 1883 7,
1239 1840 1278 1877 3.
1307 1837 1472 1872 Pausau.
1494 1837 1563 1883 IX,
1586 1835 1611 1875 5
1639 1835 1676 1880 ξ.
1697 1838 1738 1876 7.

1079 1916 1136 1921 -
1165 1892 1229 1930 Ad
1256 1893 1373 1930 verba
1403 1888 1477 1943 τήν
1508 1891 1741 1942 ἐπωνυμίην

1079 1946 1313 2001 ποιεύμενοι
1342 1950 1565 1999 κεκλῆσθαι
1594 1948 1737 2000 Αἰγια-

1079 2005 1170 2055 λέας
1189 2006 1290 2044 conf.
1310 2007 1357 2054 V,
1379 2006 1445 2047 65.

1284 2096 1376 2146 Cap.
1396 2095 1538 2130 LXIX.

1137 2174 1201 2214 ἐπὶ
1222 2170 1366 2213 τούτου
1388 2172 1504 2223 ἔχων]
1544 2173 1602 2209 De
1625 2185 1737 2223 prae-

1078 2233 1266 2282 positione
1287 2229 1351 2270 ἐπὶ
1372 2230 1473 2266 conf.
1504 2236 1602 2266 nott.
1622 2228 1671 2266 ad
1689 2230 1735 2275 V,

1079 2288 1147 2329 65.
1183 2290 1248 2329 68.
1287 2308 1342 2315 -
1370 2288 1492 2324 Usum
1531 2286 1736 2337 particulae

1076 2343 1144 2383 καὶ
1176 2346 1215 2381 iu
1256 2344 1377 2381 verbis
1413 2342 1458 2384 αἱ
1484 2341 1602 2382 αὖταὶ
1646 2341 1737 2382 ἔωσι

1077 2400 1202 2450 φυλαὶ
1223 2399 1290 2439 καὶ
1303 2398 1410 2438 Ἴωσι
1436 2400 1582 2436 notavit
1599 2397 1735 2436 Matth.

1078 2459 1146 2495 Gr.
1177 2458 1244 2494 Gr.
1265 2470 1352 2508 pag.
1380 2458 1476 2497 708.
1532 2457 1628 2493 Mox
1647 2454 1736 2492 dedi
1804 2499 1805 2502 ¹

1076 2517 1219 2565 μοῖραν
1243 2527 1310 2565 pio
1331 2513 1490 2580 μοίρην.

1125 2567 1328 2635 πρότερον
1358 2564 1606 2620 ἀπωσμένον,
1648 2563 1735 2606 τότε

1078 2643 1210 2666 παντα
1241 2623 1342 2674 πρός
1372 2641 1445 2674 την
1471 2624 1621 2665 ἑωυτοῦ
1641 2639 1675 2663 κ.
1700 2639 1731 2661 τ.

1078 2684 1129 2732 λ]
1162 2686 1216 2720 Ita
1238 2698 1258 2720 e
1280 2682 1470 2721 Sancrofti
1494 2682 1603 2727 libro,
1624 2693 1733 2717 acce-

1079 2740 1253 2777 dentibus
1283 2747 1412 2790 postea
1441 2739 1538 2775 binis
1557 2737 1734 2774 parisinis

1079 2796 1210 2834 codd..
1266 2795 1419 2833 dederat
1459 2794 1735 2844 W‘esseliuigius
