1870 3249
359 197 1128 236 TERPSICHORE.V.
1300 199 1382 238 227

92 308 204 365 Ξτὴν
233 308 535 361 Προποντίδα,
567 303 651 348 εἷλε
675 308 790 348 Κῖον
817 305 899 361 τήν
928 307 1118 362 Μυσίην.
1147 307 1311 364 ταύτην
1341 307 1388 351 δὲ
1444 324 1527 365 437

120 376 298 429 ἐξελών,
337 373 398 426 ὠς
425 374 612 419 ἐπύθετο
641 372 720 418 τόν
744 371 1063 430 Ἑλλήσποντον
1090 374 1498 436 ἐκλελοιπέναιδῶτεΙΓ
1493 380 1564 437 gar
1567 375 1700 447 ⁰3⁰1,ssss

120 445 372 498 Δαυρίσην,
412 442 485 486 καὶ
531 440 844 497 στρατεύεσθαι
881 441 951 486 ἐπὶ
987 445 1178 499 Καρίης,
1214 446 1382 486 καταλι-
1439 419 1533 506 {Igcffg
1536 452 1592 513 3}ss
1595 450 1715 514 ἔξω-

116 527 216 556 πων
248 527 328 567 την
366 511 676 565 Προποντίδα,
726 508 795 552 ἐπὶ
831 508 909 553 τὸν
949 509 1270 568 Ἑλλήσποντον
1307 505 1382 568 ἦγε
1438 516 1470 540 te
1472 513 1569 541 wai
1561 514 1623 549 ¹git

118 577 196 622 τόν
233 578 441 633 στρατόν
482 579 557 622 καὶ
590 574 677 620 εἷλε
715 577 794 632 μὲν
829 578 1017 630 Αἰολέας
1053 578 1241 632 πάντας,
1283 576 1382 622 ὅσοι

112 645 194 703 τὴν
219 645 375 690 Ἰλιάδα
403 647 631 702 νέμονται,
668 642 753 690 εἷλε
791 645 838 690 δὲ
866 646 1106 703 Γέργιθας,
1142 645 1245 698 τοὺς
1271 644 1440 690 ὑπο-40

56 834 122 870 sel.
133 847 153 869 e
167 832 357 871 Sancrofti
371 831 466 868 libro
480 829 596 881 dedit,
608 833 719 885 equi-

57 889 147 928 dem
167 892 305 927 retinui
325 902 414 927 cum
433 887 567 925 Matth.
580 919 589 937 ,
611 898 653 926 ut
673 890 718 938 V,

61 950 139 988 116
171 948 253 984 coll.
289 950 381 988 102.
411 946 603 983 Sancrofti
623 947 720 983 liber

56 1002 166 1040 affert
186 1003 229 1044 ἐν
247 1000 396 1054 Σάρδις
421 1004 462 1038 in
483 1003 636 1054 reliquis
654 1005 719 1039 in-

54 1062 206 1097 venitur
226 1060 264 1107 ἒς
285 1056 436 1112 Σάρδις
449 1089 458 1107 ,
489 1059 593 1110 quod
603 1060 718 1098 Gaist'.

55 1118 247 1154 revocavit
268 1130 359 1153 cum
379 1115 597 1166 Schweigh.
610 1146 620 1163 ,
651 1118 718 1168 qui

55 1173 160 1225 quod
189 1172 265 1210 huc
297 1173 460 1210 conferri
487 1173 571 1209 vult
594 1174 656 1220 VI,
692 1175 712 1212 1

53 1232 189 1282 παρῆν
211 1230 250 1277 ἐς
269 1226 419 1279 Σάρδις
440 1230 509 1278 (ut
528 1230 574 1278 V,
600 1230 714 1279 108),

36 1285 95 1323 =id
122 1289 249 1324 minus
283 1285 361 1324 huc
386 1288 576 1338 pertinere
604 1285 716 1323 vide-

36 1350 126 1380 ›tur.
193 1345 323 1396 Atque
353 1357 397 1381 eo
425 1345 507 1395 ipso
547 1345 587 1380 in
626 1344 713 1380 loco

53 1400 246 1438 Sancrofti
265 1400 387 1438 liber'
370 1415 412 1440 εν
423 1397 551 1451 Σαρδι
571 1401 714 1437 etvin-

53 1456 141 1494 dob.
172 1456 215 1498 ἐν
254 1455 436 1522 Σάρδισι.
493 1458 545 1494 Et
579 1470 713 1494 vereor

50 1526 164 1562 sane,
196 1521 238 1551 ut
258 1509 542 1566 στρατεύεσθαι
564 1513 603 1560 ἐς
621 1529 711 1553 τινα

50 1568 174 1611 τόπον
204 1570 278 1608 dici
317 1578 454 1623 queat,
501 1572 607 1608 cuius
625 1571 710 1608 loco

50 1629 186 1665 Noster
213 1629 259 1675 V,
295 1630 399 1669 122:
451 1627 517 1666 ἐπὶ
554 1629 712 1679 Καρίης

50 1686 138 1750 coll.
151 1685 194 1732 V,
207 1687 300 1733 117,
311 1685 379 1722 ubi
388 1682 710 1736 leghnusq’q'kavve

48 1737 116 1781 τὸν
147 1739 314 1793 στρατὸν
340 1741 406 1781 ἐπὶ
433 1757 507 1792 την
528 1743 702 1794 Καρίην,

50 1804 93 1835 ut
116 1811 211 1834 mox
234 1799 279 1846 V,
313 1801 415 1846 122,
444 1797 509 1837 ἐπὶ
529 1814 600 1837 τον
620 1797 709 1836 Ἑλ-

50 1850 276 1905 λήσποντον
321 1854 394 1905 ἠγε
431 1851 498 1893 τὸν
527 1849 707 1904 στρατόν.

51 1911 108 1946 Αο
128 1911 299 1960 supraV‚
316 1912 392 1950 98:
422 1909 710 1960 στρατεύεσθαι

50 1961 110 2006 ἐπ’
140 1962 359 2018 Αἰγινήτας
372 1995 382 2014 ,
420 1967 487 2002 ubi
506 1967 570 2003 alii
591 1967 708 2018 Αἰγί-

50 2037 137 2073 νης.
194 2022 257 2059 Ad
273 2030 542 2073 argumentum
561 2024 636 2060 loci
658 2023 706 2059 cf.

48 2078 234 2119 Niebuhr.-
261 2081 372 2119 Rom.
405 2078 541 2117 Gesch.
573 2081 591 2116 Ι
619 2092 707 2131 pag.

52 2137 130 2177 188
151 2135 211 2173 ed.
232 2149 305 2175 sec.

105 2187 183 2231 εἷλε
208 2195 310 2231 Κῐον
327 2188 401 2242 τήν
414 2190 603 2242 Μυσίην]
623 2191 708 2230 Cius

49 2261 70 2285 a
88 2250 240 2286 Milesiis
267 2250 362 2286 olim
389 2250 430 2285 in
461 2250 584 2300 Mysia
609 2261 706 2286 con-

48 2304 125 2342 dita
145 2306 192 2342 ad
212 2306 435 2343 orientalem
465 2318 572 2342 oram
602 2307 706 2343 sinus

49 2362 175 2400 Cianei
194 2392 203 2410 ,
262 2364 328 2414 qui
371 2361 462 2399 inde
498 2363 706 2400 vocabatur

48 2420 170 2467 (nunc
200 2420 410 2470 appellatur
439 2418 633 2456 Modam'ae
652 2421 706 2457 si-

47 2476 166 2526 nus),
206 2475 256 2512 ad
284 2477 377 2512 ostia
406 2475 532 2524 fluvii,
573 2477 638 2527 qui
666 2483 706 2514 et

46 2533 126 2583 ipse
165 2533 253 2569 Cius
290 2532 506 2569 vocabatur.
572 2534 704 2583 Ipsum

47 2590 148 2626 urbis
168 2589 399 2626 commercio
434 2589 526 2641 olim
544 2590 703 2626 florente

46 2646 201 2696 insignis
220 2658 363 2682 nomen
384 2646 488 2682 varie
516 2646 703 2694 scribitur,

46 2702 162 2740 modo
184 2705 305 2749 Κῖος,
334 2700 451 2739 modo
473 2702 595 2749 Κίος;
624 2701 700 2740 vid.

48 2759 196 2811 Scylac.
231 2760 267 2805 ξ.
298 2760 352 2799 92
379 2771 466 2809 pag·
499 2757 552 2799 35
581 2758 699 2795 Huds-

48 2815 131 2862 (ubi
153 2816 252 2862 Κίος
272 2822 308 2852 et
328 2816 416 2853 urbs
438 2820 474 2851 et
486 2814 640 2864 fluvius)
663 2822 700 2852 et

775 832 904 884 Apoll.
935 830 1058 870 Rhod.
1094 833 1124 880 I,
1163 834 1286 874 1177.
1330 834 1433 872 1321

774 890 865 942 ibiq.
883 888 1036 937 Schol.3
1066 887 1184 926 modo
1206 888 1319 928 Cium.
1379 888 1436 926 Cf.

774 947 876 983 Mela
895 947 925 994 Ι,
945 948 994 987 19
1009 947 1045 991 §.
1068 945 1094 986 4
1115 944 1438 997 ibiq.Tzschuck.

774 1004 815 1039 in
855 1009 951 1041 nott.
988 1015 1123 1052 exegg.
1159 1003 1241 1039 Vol.
1277 1004 1330 1038 111
1345 1003 1391 1039 P.
1420 1004 1438 1039 1

779 1072 866 1110 pag.
909 1060 993 1100 562
1011 1072 1116 1110 seqq.
1177 1058 1260 1104 Qua
1289 1059 1383 1095 urbe
1414 1072 1436 1096 a

773 1115 955 1167 Philippo
992 1114 1217 1162 Macedone,
1252 1116 1438 1153 Demetrii

772 1172 872 1221 filio,
914 1171 1061 1220 diruta,
1111 1173 1264 1209 Prusias
1295 1171 1436 1224 Bithy-

771 1231 858 1266 niae
876 1242 948 1266 rex
966 1241 1109 1265 novam
1128 1229 1285 1278 urbem,
1317 1242 1435 1281 quam

769 1299 792 1323 a
825 1299 865 1324 se
897 1285 1108 1324 Prusiadam
1145 1287 1274 1323 vocari
1301 1287 1434 1334 voluit,

767 1344 821 1380 ibi
849 1344 1055 1391 exstruxit,
1079 1350 1233 1380 auctore
1255 1343 1434 1381 Strabon.

769 1401 846 1437 ΧΠ
864 1414 903 1451 p.
917 1400 996 1440 563
1017 1413 1044 1438 S.
1067 1413 1104 1450 p.
1126 1398 1207 1440 844
1229 1406 1266 1437 et
1286 1399 1367 1442 845
1382 1401 1432 1438 A.

769 1458 875 1503 Quae
905 1456 1080 1504 Prusias,
1111 1469 1189 1508 quo
1210 1469 1232 1493 a
1253 1456 1434 1496 Prusiade

768 1513 818 1551 ad
838 1514 1048 1565 Olympmn
1068 1519 1243 1549 montem
1264 1513 1334 1550 sita
1355 1520 1393 1551 et
1412 1527 1434 1551 a

768 1570 945 1609 Prusiade
982 1569 1031 1607 ad
1069 1571 1243 1621 Hypium
1270 1570 1434 1608 fluvium

767 1627 922 1665 condita
934 1625 1016 1677 (illa
1035 1640 1140 1664 nunc
1161 1633 1319 1664 vocatur
1329 1626 1433 1665 Bru-

765 1698 819 1732 sa,
841 1683 937 1721 haec
956 1683 1132 1721 Milanin
1151 1696 1252 1735 pago
1272 1683 1431 1734 Uskubi)

768 1741 1085 1792 distingueretur,
1115 1742 1315 1778 maritimae
1335 1753 1432 1790 cog-

764 1811 908 1835 nomen
949 1798 1106 1847 accepit.
1163 1799 1299 1849 Neque
1338 1810 1431 1834 vero

763 1867 916 1905 prorsus
952 1855 1180 1890 exstinctam
1207 1866 1288 1890 esse
1321 1860 1430 1890 vete-

764 1923 848 1946 rem
868 1911 1175 1961 appellationem,
1196 1908 1430 1947 documento

764 1973 820 2004 est
839 1980 982 2003 nomen
996 1966 1156 2015 Kibotos,
1179 1978 1255 2017 quo
1277 1967 1341 2002 illa
1350 1966 1431 2003 fre-

765 2030 927 2075 quenter
956 2029 1279 2060 commemoratur
1297 2024 1338 2059 in
1358 2037 1429 2060 ex-

762 2079 1016 2131 peditionibus
1036 2079 1085 2116 ad
1106 2086 1248 2116 terram
1258 2086 1429 2117 sanctam

763 2135 1069 2188 recuperandam
1095 2136 1277 2187 susceptis
1305 2149 1427 2189 usque

764 2192 858 2230 dum
887 2206 910 2230 a
940 2195 977 2230 T
980 2194 1078 2230 urcis
1109 2199 1220 2244 capta
1249 2199 1304 2230 est
1324 2205 1426 2231 auno

764 2253 871 2291 1332
891 2263 929 2301 p.
940 2248 1030 2287 Chr.
1048 2263 1100 2296 n.,
1122 2263 1144 2286 a
1164 2250 1301 2301 quibus
1320 2263 1425 2288 nunc

760 2313 920 2344 vocatur
938 2306 1088 2344 Kemlz'lc.
1121 2306 1204 2344 Vid.
1224 2308 1424 2345 Hammer.

760 2363 897 2402 Gesch.
926 2363 964 2400 d.
998 2364 1151 2401 osmau.
1187 2364 1205 2400 Ι
1234 2376 1310 2414 pag
1343 2366 1423 2405 109

758 2419 966 2459 Prokesch.
1019 2421 1306 2470 Eriuneruugg.
1354 2433 1422 2458 aus

757 2478 925 2529 Aegypt.
947 2490 982 2513 u.
1004 2478 1237 2516 Kleinasien.
1257 2479 1312 2514 111
1330 2489 1418 2527 pag.

758 2536 839 2574 228
860 2547 966 2585 seqq.
992 2534 1076 2571 coll.
1097 2534 1286 2572 Mannert.
1308 2534 1372 2581 IV,
1394 2535 1419 2572 3

758 2602 844 2640 pag
866 2591 948 2631 562
965 2603 1043 2642 seq

814 2647 986 2693 Αἰολέας
1023 2661 1176 2692 παντας
1213 2641 1299 2684 όσοι
1343 2641 1419 2694 τήν

756 2697 908 2741 Ἰλιάδα
941 2702 1154 2753 νέμονται]
1187 2702 1294 2738 Galei
1325 2713 1419 2737 con-

755 2760 941 2796 iecturam
974 2759 1144 2798 Αἰολίδα
1179 2757 1418 2794 rescribentis

757 2817 805 2852 ob
836 2816 899 2863 VI,
929 2818 954 2855 8
994 2813 1192 2891 (Αἰολέων
1217 2809 1305 2853 ὅσοι
1341 2810 1417 2865 τήν
