1815 3181
383 206 467 246 168
782 203 1247 240 HERODOTI

49 324 326 386 ggssiissigffmfflffm
381 313 508 370 γένος
536 310 585 355 τὸ
611 309 827 365 Ἀττικὸν,
868 310 1110 366 ι’σόῤῥοπον
1139 314 1199 370 τῷ
1229 310 1404 354 ἑωυτῶν
1435 309 1492 353 ἄν
1517 311 1650 365 γίνοι-

50 396 157 420 cantes
384 397 458 435 to,
498 378 789 434 κατεχόμενον
830 379 876 422 δὲ
915 377 1002 421 ὑπό
1043 380 1322 432 τυραννίδος,
1367 376 1548 429 ἀσθενὲς
1577 379 1650 422 καὶ
1706 362 1814 422 418i

384 446 722 503 πειθαρχέεσθαι
744 447 787 489 ἕτ
793 451 942 502 οἷμον·
974 446 1191 502 μαθόντες
1222 447 1268 489 δὲ
1290 445 1458 488 τούτων
1479 446 1649 498 ἕκαστα,

388 515 706 572 μετεπέμποντο
724 513 894 571 Ἱππίην
915 513 992 557 τὸν
1017 512 1333 568 Πεισιστράτου
1364 513 1448 557 ἀπὸ
1474 516 1654 568 Σιγείου
1665 518 1708 555 40

355 586 469 627 Ξτοῦ
508 582 554 625 ἐν
578 580 900 638 Ἑλλησπόντῳ,
953 580 995 632 ἐς
1025 580 1049 625 ὃ
1080 581 1407 637 καταφεύγουσι
1440 584 1482 625 οἱ
1506 586 1652 626 Πεισι-

384 651 620 705 στρατίδαι.
676 647 789 692 Ἐπεί
817 665 860 692 τε
892 648 938 692 δέ
968 660 1046 704 σφι
1071 647 1235 705 Ἱππίης
1273 648 1535 706 καλεόμενος
1564 645 1650 706 ἧκε,

327 829 492 875 τοῖμον,
541 823 747 862 imbecillum
788 837 831 861 ac
872 824 991 869 talem,
1045 824 1287 860 niensiumin
1304 824 1517 861 libertatem
1536 823 1710 861 vindica-

329 895 426 933 quem
467 883 535 919 sibi
562 880 676 932 facile
706 881 801 918 dicto
827 880 992 917 haberent
1046 887 1176 917 torum
1206 881 1316 916 rebus
1339 882 1566 918 enascentia.
1609 883 1710 918 Hinc

327 939 571 976 audientem.“
612 939 670 974 De
691 938 829 988 Sparta
857 944 993 988 tyran-
1048 944 1150 973 recte
1171 938 1287 973 etiam
1307 939 1477 974 statuisse
1497 937 1647 975 videtur
1666 938 1709 975 C.

328 996 387 1032 nis
409 996 566 1032 inimica
587 993 689 1031 conf.
711 994 864 1031 Sosio-lis
879 994 993 1030 verba

329 1053 375 1099 V,
406 1054 460 1092 92
481 1053 518 1097 ξ.
543 1056 563 1091 1
587 1058 624 1088 et
645 1064 743 1102 quae
772 1049 819 1087 de
851 1049 922 1087 hac
954 1063 993 1086 re

330 1107 535 1159 disputavit
552 1106 827 1145 Wachsmuth.
843 1108 994 1143 Hellen.

328 1163 607 1202 Alterthumsk.
642 1165 672 1212 I,
723 1167 743 1204 1
784 1176 871 1214 pag.
913 1164 994 1204 289

330 1222 418 1258 coll.
438 1221 520 1263 274
545 1233 651 1272 seqq.
677 1219 767 1268 135,
790 1222 856 1272 qui
874 1220 993 1270 Spar-

331 1285 440 1315 tanos
475 1278 647 1329 tyranuis
674 1276 842 1313 infensos
879 1276 993 1312 fuisse

331 1335 460 1371 statuit
480 1341 565 1371 tum
586 1334 634 1370 ob
658 1334 805 1383 regiam
826 1332 995 1382 diguita-

332 1398 414 1428 tem
433 1391 670 1441 legitimam,
703 1403 800 1441 quae
836 1390 994 1440 Spartae

335 1448 449 1484 unice
469 1454 617 1484 servata
629 1447 690 1482 vel
710 1445 810 1483 hauc
832 1447 880 1483 ob
902 1459 996 1482 cau-

333 1516 415 1541 sam
426 1504 647 1554 illegitimae
658 1509 909 1553 tyraunorum
923 1515 997 1553 po-

332 1561 473 1597 tentiae
504 1573 548 1596 eo
579 1561 702 1610 magis
743 1561 886 1610 opponi
926 1559 996 1595 de—

334 1617 438 1663 buit,
469 1623 553 1653 tum
582 1617 630 1653 ob
652 1617 868 1666 periculum
896 1617 997 1652 anti-

334 1673 417 1725 quis
438 1674 586 1710 Dorum
604 1674 781 1710 institutis
798 1675 997 1709 aristocra-

332 1730 414 1766 ticis
436 1743 485 1766 ex
502 1730 665 1766 immani
685 1736 938 1781 tyrannorum
960 1730 996 1765 vi

332 1786 553 1823 imminens.
613 1786 696 1830 Quo
748 1787 863 1822 etiam
902 1784 997 1821 illud

335 1841 508 1887 accedit,
539 1841 643 1895 quod
665 1843 861 1893 Spartanis
881 1843 999 1878 Pelo-

334 1900 496 1950 ponnesi
517 1897 790 1949 hegemoniam
811 1898 998 1935 affectan-

334 1956 434 1992 tibus
465 1954 561 1992 nihil
590 1968 681 1992 sane
703 1957 893 2007 antiquius
915 1956 998 2003 fuit,

336 2025 457 2064 quam
477 2019 530 2061 ut,
562 2025 831 2064 quaecmnque
850 2014 998 2049 Doricis

335 2069 512 2105 institutis
559 2071 811 2119 repugnantia
848 2069 998 2106 inveni-

337 2132 491 2171 rentur,
534 2126 712 2162 tollerent
743 2139 865 2176 eoque
882 2126 997 2176 Spar-

336 2188 416 2217 tam
431 2211 439 2226 ,
481 2193 578 2232 quae
600 2183 722 2218 omnis
744 2183 892 2218 Dorum
922 2183 1000 2218 rei-

337 2238 513 2287 publicae
534 2237 647 2274 cardo
664 2239 769 2289 quasi
792 2239 862 2274 fuit
882 2251 925 2274 ac
937 2251 998 2274 se-

339 2293 404 2330 des
425 2294 622 2344 primaria,
654 2293 848 2330 firmarent
869 2302 905 2330 et
929 2307 999 2330 au-

339 2357 485 2400 gerent.
565 2348 674 2386 Unde
710 2352 824 2387 etiam
843 2380 852 2397 ,
901 2363 999 2401 quae

340 2405 414 2443 hoc
434 2407 519 2443 loco
539 2405 760 2454 traduntur,
790 2414 877 2443 suut
899 2406 1000 2443 djiu-

342 2461 525 2500 dicanda:
557 2475 678 2515 quum
711 2464 776 2515 qui
803 2464 881 2499 aliis
910 2464 1001 2499 locis

343 2518 586 2570 tyrannidem
607 2520 713 2555 omui
733 2519 849 2556 modo
871 2520 1002 2555 tollere

338 2574 535 2622 studeant,
583 2574 742 2612 Athenis
772 2589 812 2612 se
841 2575 913 2612 hoc
943 2575 1001 2611 fe-

340 2633 433 2669 cisse
473 2632 636 2682 graviter
673 2632 815 2668 ferant:
857 2632 905 2668 ob
938 2633 1000 2667 iu-

342 2687 547 2726 commoda
567 2689 707 2725 scilicet
722 2689 868 2725 Dorum
889 2689 1000 2725 rebus

342 2745 500 2795 publicis
524 2758 545 2781 e
572 2745 719 2782 sublato
749 2743 1002 2782 Pisistratida-

342 2814 430 2838 rum
469 2802 627 2852 imperio
656 2802 849 2853 auctisque
878 2799 1002 2838 Athe-

1051 994 1096 1030 Ο.
1121 994 1271 1030 Mijller.
1290 995 1382 1031 Dor.
1404 996 1421 1030 Ι
1440 1007 1528 1045 pag.
1553 997 1632 1035 160
1653 1008 1709 1047 sq.
1739 1012 1743 1014 ’

1051 1057 1235 1101 tyrannos
1246 1052 1394 1087 Dorum
1406 1052 1416 1087 i
1422 1052 1582 1088 ·1stitutis
1601 1065 1712 1088 ever-

1051 1108 1098 1144 sis
1137 1121 1289 1158 semper
1327 1115 1476 1145 evectos
1515 1115 1551 1145 et
1582 1115 1713 1145 auctos
1763 1143 1766 1147 ,

1051 1163 1179 1200 fuisse.

1109 1217 1371 1270 κατεχόμενον
1391 1217 1433 1259 δὲ
1462 1216 1542 1258 ὑπὸ
1567 1235 1713 1284 τυραν-

1052 1276 1192 1325 νίδος]
1221 1278 1266 1312 Iu
1298 1276 1489 1313 Saucrofti
1515 1277 1612 1313 lib1o
1631 1291 1711 1315 vno
1744 1316 1749 1321 ,

1050 1347 1121 1371 του
1156 1333 1382 1384 τυραννίδι,
1431 1329 1566 1384 quod
1570 1334 1713 1384 recepit

1051 1387 1218 1436 Schaef„
1248 1388 1588 1441 quemadmodum,
1613 1402 1712 1441 quae

1053 1447 1177 1483 attulit
1205 1447 1450 1496 VVesseling.,
1471 1448 1636 1497 Appian.
1666 1448 1711 1482 B.

1054 1504 1134 1540 Civ.
1155 1503 1207 1539 IV
1230 1504 1332 1554 [cap.
1355 1504 1426 1551 86]
1447 1517 1485 1553 p.
1509 1506 1617 1544 1022
1635 1498 1716 1542 ὑπό

1053 1575 1122 1598 του
1146 1555 1350 1610 δαιμόνων
1372 1567 1408 1596 et
1421 1558 1603 1611 Sophocl.
1618 1558 1714 1596 Oed.

1054 1617 1135 1652 Col.
1147 1618 1227 1656 384
1243 1617 1567 1664 [371E11nsl.336
1579 1615 1712 1665 Both]

1054 1671 1096 1711 ἐκ
1120 1674 1229 1710 θεῶν
1246 1687 1328 1711 του.
1378 1674 1457 1709 Nec
1477 1681 1607 1710 tamen
1624 1672 1714 1709 inde

1053 1730 1263 1765 necessario
1284 1731 1453 1780 sequitur
1466 1759 1477 1778 ,
1521 1728 1595 1766 hoc
1615 1743 1714 1781 quo-

1056 1798 1130 1837 que
1150 1786 1234 1822 loco
1258 1785 1349 1836 quid
1369 1785 1600 1822 mutandum
1621 1799 1712 1824 esse.

1054 1842 1164 1878 Idem
1183 1843 1417 1892 VVesseling.
1438 1850 1539 1879 recte
1569 1841 1715 1880 attendi

1054 1899 1160 1935 iubet
1181 1898 1230 1935 ad
1249 1899 1366 1935 verba
1384 1899 1430 1945 V,
1449 1902 1503 1940 78
1527 1895 1714 1938 ἐθελοκά-

1056 1970 1172 2002 κεον,
1216 1953 1269 2000 ὥς
1302 1951 1472 2009 δεσπότῃ
1503 1951 1717 2007 ἐργ(>ι,ξ,ἰ)ἰ,ιιε-κ

1057 2028 1135 2051 νοι.
1196 2013 1290 2049 Mox
1331 2012 1419 2049 dedi
1449 2010 1642 2060 μαθόντες
1673 2009 1716 2050 δὲ

1053 2065 1227 2116 τούτων,
1257 2082 1326 2119 pro
1352 2068 1543 2117 τουτέων,
1573 2070 1640 2105 ubi
1660 2066 1715 2113 δὲ,

1056 2123 1160 2176 quod
1183 2138 1203 2161 a
1226 2125 1455 2176 quibusdam
1473 2126 1575 2162 libris
1597 2126 1713 2172 abest,

1055 2183 1153 2217 bene
1184 2183 1339 2218 retinuit
1369 2180 1564 2219 Schaefer.
1595 2183 1715 2218 inter-

1054 2244 1150 2287 pret(
1141 2252 1172 2272 ιι·
1177 2251 1205 2273 is
1221 2250 1388 2287 mquam,
1420 2240 1547 2286 vgilur.

1113 2292 1151 2339 ἐς
1181 2290 1202 2332 ὁ
1230 2308 1526 2345 κειτιιφευγυυσι
1559 2294 1601 2333 οἰ
1618 2297 1710 2334 Πει-

1058 2350 1324 2400 σιστοατίὃαι]
1377 2353 1480 2387 Haec
1518 2352 1634 2388 verba
1672 2357 1716 2388 ut

1057 2413 1229 2456 suspecta
1257 2408 1362 2444 uncis
1390 2408 1539 2444 inclusit
1568 2407 1716 2444 Sohae-

1058 2462 1142 2509 fer.‚
1174 2464 1312 2514 quibus
1342 2477 1413 2514 ego
1434 2465 1516 2501 iure
1535 2463 1631 2500 mihi
1652 2464 1715 2500 illa

1058 2519 1233 2556 liberasse
1268 2519 1412 2558 videor.
1490 2522 1590 2557 Nam
1627 2521 1714 2558 satis

1059 2587 1101 2610 ea
1122 2577 1219 2611 tueri
1248 2575 1419 2623 videtur,
1459 2584 1502 2614 ut
1531 2577 1715 2614 librorum

1057 2632 1284 2682 scriptorum
1315 2635 1578 2670 auctoritatem
1599 2634 1715 2670 omit-

1056 2694 1134 2723 tam
1148 2717 1157 2734 ,
1178 2690 1258 2739 ipsa
1278 2689 1461 2727 Herodoti
1480 2688 1715 2726 consuetudo

1057 2745 1144 2780 talia
1164 2745 1364 2783 lectoribus
1393 2747 1433 2783 in
1462 2752 1631 2782 mentem
1652 2759 1715 2782 re-

1058 2814 1193 2837 vocare
1209 2803 1374 2840 solentis.
1430 2803 1550 2853 Magis
1571 2801 1715 2839 arride-
