1870 3249
3 831 68 880 28

533 238 837 274 ERATO.

898 239 927 275 V
942 240 971 275 1.
1318 241 1402 281 259

122 347 306 404 χρόνον,
337 345 489 402 ο’λίγον
517 346 603 402 πρό
635 350 710 404 τῆς
738 345 995 403 ναυμαχίης,
1026 348 1149 391 παισὶ
1168 346 1402 405 γράμματα

124 413 479 470 διδασκομένοισι
516 413 689 459 ἐνέπεσε
728 415 756 472 ἡ
786 413 943 472 στέγη,
988 415 1098 460 ὥστε
1136 414 1213 460 ἀπ’
1244 416 1402 461 ἑκατὸν

94 483 200 529 3καὶ
230 485 368 526 ε’ίκοσι
396 485 568 527 παίδων
601 481 661 535 εἷς
690 487 860 540 μοῦνος
897 481 1109 540 ἀπέφυγε.
1154 488 1295 528 ταῦτα
1319 484 1399 542 μέν
1456 479 1538 520 450

123 563 203 607 σφι
234 549 395 608 σημήϊα
425 550 449 596 ὁ
478 552 580 603 θεὸς
596 553 816 607 προέδεξε·
848 551 956 608 μετὰ
977 551 1023 595 δὲ
1047 556 1208 605 ταῦτα,
1239 552 1267 610 ἡ
1297 561 1457 598 ναν-55

121 621 252 676 μαχίη
288 618 599 676 ὑπολαβοῦσα,
640 621 682 672 ές
717 621 829 677 γόνυ
865 618 946 676 τὴν
974 619 1105 664 πόλιν
1137 620 1282 677 ἔβαλε·

1330 621 1401 666 ἐπὶ

121 688 168 732 δὲ
201 692 256 745 τῇ
274 690 497 746 ναυμαχίῃ
524 688 748 743 ἐπεγένετο
774 687 985 743 Ἱστιαῖος,
1016 691 1234 745 Λεσβίους
1256 690 1397 746 ἄγων·

123 755 442 812 κεκακωμένων
465 757 510 801 δὲ
540 759 631 800 τῶν
659 757 807 809 Χίων,
849 756 1165 814 καταστροφὴν
1191 755 1402 810 εὐπετέως

127 823 275 869 αὐτῶν
305 825 550 882 ἐποιήσατο.

605 822 837 868 Ἐνθεῦτεν
867 825 914 869 δὲ
945 826 969 870 ὁ
1008 825 1210 878 Ἱστιαῖος
1249 826 1401 882 ἐστρα-

122 893 271 938 τεύετο
310 893 381 937 ἐπὶ
423 892 592 947 Θάσον,
638 893 759 950 ἄγων
793 891 957 938 Ἰώνων
995 896 1069 939 καὶ
1099 894 1298 938 Αἰολέων
1327 906 1400 939 συ-

118 961 266 1018 χνούς.
315 961 644 1019 περικατημένῳ
685 962 732 1006 δέ

783 964 828 1006 οἱ
872 960 1023 1006 Θάσον
1062 957 1170 1019 ἦλθε
1210 961 1399 1020 ἀγγελίη,

120 1048 181 1082 ως
220 1047 263 1074 οι
303 1032 508 1082 Φοίνικες
551 1030 836 1075 αναπλῶουσι
884 1033 931 1076 ἐκ
971 1033 1048 1088 τῆς
1087 1029 1291 1088 Μιλήτου
1332 1031 1403 1075 ἐπὶ

85 1099 202 1155 Στήν
239 1098 375 1155 ἄλλην
407 1097 586 1156 Ἰωνίην.
641 1099 898 1156 πυθόμενος
942 1098 988 1142 δὲ
1039 1102 1199 1152 ταῦτα,
1250 1098 1401 1143 Θάσον
1457 1110 1592 1164 {repere
1612 1106 1702 1134 ¹ed1t

117 1168 199 1224 μὲν
248 1166 504 1225 ἀπόρθητον
549 1169 707 1222 λείπει,
758 1167 890 1219 αὐτὸς
932 1167 979 1211 δὲ
1023 1167 1067 1219 ἐς
1104 1166 1187 1224 τὴν
1223 1166 1399 1224 Λέσβον

87 1235 341 1294 ὃήπείγετο,
370 1235 490 1294 ἄγων
517 1240 665 1281 πᾶσαν
684 1252 765 1292 την
792 1235 1011 1290 στρατιήν.
1055 1234 1104 1278 εκ
1134 1235 1310 1291 Λέσβου
1331 1235 1390 1283 δὲ,

1460 831 1535 858 Post
1558 832 1695 862 Phasum

1461 866 1618 894 adoritur:
1648 869 1703 897 sed

1459 900 1565 927 nuntio
1585 902 1692 937 allato,

1460 934 1591 962 classem
1608 925 1722 964 Persa-

1414 972 1527 1007 fiotum
1538 968 1576 995 ad
1585 970 1737 1005 reliquam

1458 1000 1563 1028 Ioniae
1587 1008 1705 1038 partem

1461 1034 1675 1065 debellandam

1460 1069 1591 1097 solvisse
1593 1071 1739 1105 ,Lesbum

1477 1137 1548 1165 Inde
1571 1147 1637 1166 cum
1656 1149 1704 1167 co-

1457 1170 1524 1205 pias
1542 1171 1573 1198 iu
1591 1174 1687 1201 conti-

1456 1208 1581 1232 nentem
1604 1206 1739 1236 frumen—

1449 1240 1547 1266 tatum
1567 1241 1706 1269 traiecis-

1456 1276 1515 1306 set,
1536 1282 1605 1303 cum
1631 1276 1737 1305 Pmsis

117 1305 407 1363 λιμαινούσης
437 1307 482 1349 οἱ
517 1309 593 1362 τῆς
625 1309 848 1362 στρατιῆς,
888 1303 1029 1361 πέρην
1069 1305 1310 1360 διαβαίνει,
1349 1293 1652 1347 5x650011’gresfl11s
1672 1312 1715 1337 iu-

1461 1347 1573 1377 gatur,
1594 1350 1630 1372 ac
1650 1355 1666 1373 ἱ
1670 1353 1738 1373 lvus

117 1378 200 1418 τοῦ
227 1374 458 1430 Ἀταρνέος
487 1392 547 1426 ως
577 1372 759 1430 ἀμήσων
788 1373 868 1417 τόν
900 1378 1045 1426 σῖτον,
1076 1372 1156 1416 τόν
1180 1389 1224 1416 τε
1246 1371 1399 1416 ἐνθεῦ-
1457 1364 1587 1413 capitu}

120 1459 216 1495 τεν,
255 1444 331 1487 καὶ
362 1443 441 1487 τὸν
478 1443 526 1488 ἐκ
565 1445 740 1487 Καϊκου
779 1443 936 1487 πεδίου
974 1441 1054 1485 τόν
1088 1458 1178 1485 των
1207 1444 1399 1485 Μυσων.

62 1605 129 1653 ῙΠ,
156 1608 224 1647 66.
273 1606 339 1655 IV,
367 1604 459 1646 104.
498 1604 660 1643 Siebelis
681 1603 732 1642 ad

62 1662 228 1702 Pausan.
241 1663 337 1711 ΙΠ,6
348 1663 387 1709 §.
402 1665 439 1704 1.
459 1663 505 1699 In
517 1675 625 1715 seqq.
639 1665 732 1702 ’παῖ-

65 1719 137 1767 δας
168 1716 381 1772 γράμματα
416 1718 732 1770 διδασκομένους

62 1789 202 1827 pueros
220 1779 358 1814 Noster
376 1777 582 1822 intellexit,
604 1777 672 1829 qui
690 1777 732 1813 in

63 1831 200 1870 scholis
219 1834 416 1871 literarum
437 1834 635 1871 elementis
654 1834 733 1870 im-

64 1890 248 1927 buuntur.
279 1890 391 1927 Conf.
411 1891 460 1937 ΙΙ,
487 1889 579 1931 154.

122 1945 163 1992 ἐς
193 1943 295 1998 γόνυ
325 1943 400 1997 τήν
440 1941 560 1985 πόλιν
597 1945 729 1997 ἔβαλε]

66 2003 184 2040 mbem
201 2005 237 2040 in
253 2016 346 2052 genu
362 2004 511 2052 proiecit
521 2016 550 2040 s.
565 2006 731 2053 prostra-

65 2061 138 2108 vit,
174 2061 201 2096 i.
224 2074 256 2100 e.
287 2060 444 2097 omnibus
464 2060 586 2110 opibus
600 2061 729 2111 priva-

61 2118 137 2164 vit,
168 2119 320 2154 maxime
340 2119 493 2157 attrivit.
551 2117 625 2162 Qui
645 2116 685 2154 h.
702 2118 731 2156 1.

62 2174 186 2223 tangit
204 2174 375 2226 Etymol.
396 2173 449 2210 M.
471 2186 502 2209 s.
521 2187 558 2210 v.
570 2170 731 2224 πρηνής

57 2238 153 2280 pag.
175 2233 270 2272 687.
292 2234 359 2279 30
386 2230 551 2281 explicat
572 2231 627 2277 εἰς
640 2231 730 2270 δου-

29 2315 38 2324 .
64 2290 103 2325 λε
109 2289 136 2324 ί
134 2302 173 2324 ιν
196 2283 407 2340 ἐπήγαγεν.
465 2288 516 2324 Et
546 2287 649 2325 conf.
681 2288 729 2336 V,

64 2344 131 2391 92,
154 2344 191 2389 ξ·
215 2347 261 2384 2·
293 2346 451 2384 πολλων
472 2339 507 2383 δ’
528 2341 611 2384 υπὸ
630 2340 730 2396 γού-

66 2415 165 2438 νατα
190 2397 625 2440 Mea.Locu11011e1n
654 2415 729 2453 po-

64 2463 186 2493 sterae
207 2459 336 2494 aetatis
351 2459 550 2509 scriptores
561 2460 728 2496 imitatos

65 2525 144 2550 esse
164 2522 395 2562 monstrant,
428 2527 526 2568 quae
553 2515 722 2553 Wessel.

67 2571 191 2607 attulit
214 2585 262 2607 ex
289 2572 455 2622 Appian„
476 2572 635 2610 Punico.
658 2572 726 2612 94.

66 2627 113 2664 Β.
144 2628 225 2665 Civ.
256 2629 304 2677 ΙΙ,
338 2628 431 2669 146.
462 2629 528 2676 ΙΙῙ,
556 2631 611 2670 20
633 2636 730 2667 extr.

68 2686 132 2732 30,
155 2686 240 2723 alia.
311 2686 412 2722 Hinc
440 2684 544 2736 apud
579 2686 730 2723 Aelian.

66 2741 113 2778 V.
134 2743 183 2779 H.
204 2743 270 2789 111,
297 2745 346 2783 17
371 2742 426 2789 εἰς
450 2738 552 2793 γόνυ
582 2746 730 2782 πεσεῖν.

67 2817 123 2825 -—
142 2800 187 2835 In
207 2799 284 2836 fine
305 2812 390 2850 cap.
404 2795 537 2839 αὐτῶν
558 2797 646 2837 dedi
662 2812 731 2850 pro

68 2869 234 2896 αυτεων.

979 1604 1075 1654 Cap.
1096 1601 1277 1641 XXVIII.

846 1657 1113 1712 λιμαινούσης
1135 1660 1270 1712 οἷτῆς
1303 1671 1460 1712 στρατι-

789 1719 865 1770 ῆς]
907 1720 932 1755 i.
965 1732 1000 1757 e.
1033 1730 1111 1755 cum
1142 1717 1246 1769 same
1279 1717 1460 1755 laboraret

789 1778 967 1813 exercitus
1001 1788 1098 1812 suus.
1149 1774 1312 1812 Omnes
1343 1773 1458 1812 codd.

789 1827 1089 1883 δειμαινούσης,
1113 1831 1218 1883 quod
1239 1844 1289 1867 ex
1313 1830 1459 1867 Heriu-

790 1901 862 1939 gae
903 1894 1019 1940 atque
1045 1886 1192 1924 Reiskii
1237 1887 1458 1924 coniectura

788 1943 1067 1982 Valckenaerio
1108 1956 1266 1997 quoque
1296 1944 1458 1996 probata

787 2002 1025 2052 Wesseling.
1057 2002 1223 2039 mutavit
1249 2002 1291 2037 in
1323 2003 1459 2053 λιμαι-

788 2055 941 2109 νούσης
963 2071 984 2095 a
1005 2059 1124 2096 verbo
1145 2058 1357 2109 λιμάίνειν,
1380 2071 1458 2110 quo

784 2117 921 2153 Noster
940 2123 995 2152 est
1014 2127 1103 2152 usus
1114 2115 1196 2163 VII,
1211 2114 1341 2156 25.-—
1362 2115 1459 2152 Mox

786 2186 807 2209 e
841 2167 1062 2210 melioribus
1091 2171 1194 2209 libris
1224 2170 1383 2209 exhibui
1414 2171 1458 2212 ἐκ

784 2231 860 2269 τοῦ
888 2225 1111 2282 Ἀταρνέος.
1169 2231 1228 2266 De
1256 2229 1339 2280 ipso
1367 2229 1456 2267 loco

785 2287 888 2324 conf.
910 2288 940 2335 Ι,
965 2289 1058 2328 160.
1090 2288 1230 2337 Affigit
1248 2284 1290 2323 h.
1311 2287 1338 2324 l.
1362 2285 1455 2324 Ste-

785 2343 904 2396 phau.
926 2345 1022 2396 Byz.
1044 2357 1073 2381 s.
1084 2354 1134 2384 v.
1154 2357 1193 2394 p.
1216 2345 1283 2400 83.
1317 2339 1456 2412 'simp-²:

786 2397 900 2448 νεύς·
933 2396 1144 2451 πολίχνιόν
1157 2400 1198 2440 τί
1212 2393 1455 2453 hamt-&nm

784 2457 949 2510 Λέσβου
976 2458 1174 2508 κείμενον.
1213 2455 1318 2495 Add.
1339 2458 1456 2494 Man-

783 2523 881 2553 nert.
913 2516 1054 2565 Geogr.
1083 2514 1147 2562 VI,
1179 2515 1209 2554 ὃ
1234 2527 1325 2566 pag.
1359 2516 1456 2556 398·

843 2626 915 2668 τόν
946 2627 990 2667 ἐκ
1023 2626 1181 2666 Καΐκου
1211 2626 1354 2666 πεδίου
1384 2621 1455 2665 τόν

788 2700 867 2724 των
880 2684 1064 2732 ΝΙυσῶν]
1079 2683 1302 2720 Indi-namur
1314 2682 1455 2733 campi,

790 2755 884 2794 quos
904 2747 1077 2793 permeat
1091 2740 1220 2778 Caicus
1240 2740 1363 2776 amnis
1367 2736 1455 2791 ,qui

790 2798 839 2836 ad
870 2799 1010 2835 montis
1040 2797 1186 2834 Temni
1214 2795 1384 2834 radicem
1413 2797 1454 2832 in

789 2857 911 2907 Mysia
946 2862 1046 2892 terra
1074 2854 1325 2904 proveniens,
1366 2851 1454 2890 dein

1076 2907 1178 2950 17*
