1789 3213
328 197 596 238 EXCURSUS
617 198 671 236 ΠΙ
689 197 760 235 AD
780 194 1104 234 HERODOTUM
1122 193 1185 241 VI,
1207 194 1275 233 69.
1453 192 1538 234 803

407 648 451 696 Ε
489 649 534 695 Χ
574 646 614 695 C
654 644 703 694 U
737 644 787 694 R
825 642 860 692 S
898 643 946 693 U
986 643 1020 690 S
1090 642 1187 692 ῙῙῙ

502 764 573 800 An
601 761 927 799 HERODOTUM
953 760 1018 808 vi,
1040 761 1107 801 69.

209 865 292 916 (Ex
327 865 558 904 Creuzerz’
587 864 830 904 commentatt.
863 862 1027 902 Herodd.
1050 873 1142 912 pag.
1173 861 1255 901 236
1285 857 1398 910 seqq)

110 1123 166 1131 —
193 1099 242 1143 ἐκ
278 1103 360 1144 τοῦ
387 1099 556 1156 ἡρωΐου
586 1101 668 1143 τοῦ
695 1096 814 1154 παρὰ
850 1101 951 1156 τῇσι
988 1095 1157 1153 θύρῃσι
1200 1095 1302 1151 τῇσι
1340 1091 1538 1149 αὐλείῃσι

222 1168 472 1223 ἱδρυμένου.

165 1262 368 1312 „Agnosce
389 1274 638 1299 communem
656 1261 821 1297 formam
841 1259 1005 1296 Doribus
1025 1257 1183 1309 aliisque
1203 1253 1356 1292 Graecis
1374 1252 1541 1290 familia-

54 1341 157 1366 rem:
193 1326 305 1382 θύρα
334 1325 496 1369 αὕλείαε
537 1330 753 1367 Atticorum
783 1334 863 1365 erat
896 1325 925 1379 ἦ
945 1324 1103 1373 αὔλειος
1119 1320 1232 1374 θύρα
1252 1329 1289 1359 et
1309 1321 1354 1361 αἵ
1377 1319 1543 1360 αὕλειοι.

54 1396 139 1442 Qu&
159 1396 206 1434 de
225 1411 266 1434 re
285 1400 522 1449 praecipiunt
542 1400 778 1435 Graecorum
798 1395 1051 1448 grammatici.
1108 1391 1197 1431 Vid.
1223 1391 1384 1438 Moerin,
1413 1390 1544 1441 ibique

53 1466 225 1502 Pierson.
245 1479 285 1517 p.
306 1469 374 1507 88.
394 1467 552 1503 Dorvill.
575 1465 623 1503 ad
640 1464 835 1503 Chariton.
855 1480 895 1517 Ρ.
925 1467 1006 1507 217
1028 1461 1086 1500 ed.
1106 1462 1207 1512 Lips.
1227 1456 1395 1496 Fischeri
1424 1455 1541 1495 indic.

54 1533 104 1570 ad
133 1532 390 1585 Theophrast.
412 1534 619 1572 character.
639 1536 680 1571 in
700 1533 773 1572 hac
805 1548 889 1572 voc.
909 1534 1060 1569 Platon.
1081 1531 1260 1582 Symp05.
1280 1539 1370 1578 pag.
1393 1527 1475 1565 212
1499 1524 1544 1565 G.

55 1615 140 1653 cap.
167 1604 286 1639 xxx
315 1602 354 1642 11.
384 1604 408 1643 1.
445 1604 575 1655 ibique
604 1604 648 1640 F.
677 1604 725 1645 A,
751 1603 878 1642 Wolf.
910 1602 965 1652 [p.
988 1599 1041 1641 95
1062 1613 1092 1636 s.
1112 1599 1192 1639 106
1209 1594 1269 1637 ed.
1290 1594 1429 1645 Lips·]·
1487 1594 1544 1630 Ita

55 1671 160 1706 enim
178 1668 293 1708 habet
310 1672 481 1708 Lexicon
503 1673 694 1708 Graecum
713 1673 754 1708 in
774 1669 945 1708 Bekkeri
963 1665 1169 1705 Anecdott.
1189 1666 1207 1700 I
1225 1677 1264 1715 Ρ.
1284 1662 1378 1703 463.
1422 1656 1545 1700 adua

55 1733 168 1790 θύρα
193 1741 333 1779 πυλῶν
364 1738 432 1779 καὶ
457 1739 486 1791 ἦ
523 1737 675 1787 αὔλιος.
733 1738 813 1777 Sed
834 1751 920 1776 eam
935 1738 1102 1774 formam
1130 1747 1153 1770 a
1181 1732 1338 1769 librariis
1358 1731 1544 1766 intrusam

57 1804 188 1844 dicunt
217 1808 374 1846 Dorvill.
405 1815 443 1845 et
471 1807 638 1848 Fischer.
695 1810 831 1860 Neque
859 1814 989 1844 tamen
1010 1815 1095 1841 eam
1123 1803 1164 1839 in
1184 1799 1403 1838 Herodiano
1419 1799 1501 1847 VII,
1517 1797 1543 1839 5

55 1887 241 1925 reponere
261 1883 418 1914 conatus
439 1883 493 1914 est
510 1875 684 1917 Irmisch
700 1890 738 1927 p.
755 1878 835 1916 673
850 1888 930 1926 seq.
954 1895 1007 1901 ——-
1051 1871 1277 1909 Graviusest
1296 1867 1404 1916 illud,
1426 1873 1469 1904 ut
1479 1879 1544 1903 re-

55 1951 116 1980 cte
134 1944 342 1994 inteHigasj,
371 1958 447 1997 quo
467 1946 654 1996 pertineat
674 1958 718 1982 ea
737 1957 815 1992 res,
846 1941 951 1995 quod
970 1940 1013 1978 11·
999 1954 1042 1978 ιο
1068 1941 1109 1977 111
1127 1937 1283 1995 historia
1301 1938 1408 1973 iuxta
1428 1934 1544 1973 Iovem

55 2011 229 2051 Herceum
254 2015 361 2050 etiam
392 2014 491 2050 heros
515 2013 706 2051 collocatur
732 2025 823 2049 cum
842 2011 1040 2047 mendone
1068 2007 1188 2045 aulae.
1254 2002 1544 2056 Dispiciendum

55 2080 193 2130 igitur,
223 2082 290 2118 ubi
314 2095 377 2118 ara
394 2083 493 2119 illius
514 2089 551 2119 et
578 2082 691 2119 huius
710 2081 892 2118 sacellum
911 2080 981 2117 sita
1008 2077 1164 2116 fuerint.
1221 2073 1423 2120 Quaeritur
1451 2084 1545 2123 pro·-

57 2148 170 2195 inde,
199 2148 292 2202 quid
311 2151 463 2201 proprie
485 2151 706 2202 cogitaverit
725 2147 960 2196 Herodotus,
999 2158 1090 2184 cum
1114 2143 1294 2181 scriberet
1321 2155 1431 2192 παρα
1452 2141 1543 2194 τῇσι

56 2215 213 2272 ’θύρῃσι
243 2220 337 2274 τῇσι
370 2214 561 2272 αὐλείῃσι
620 2219 726 2264 Quae
753 2231 812 2255 res
842 2215 986 2268 pendet
1024 2226 1046 2250 a
1075 2217 1262 2264 potestate
1290 2209 1393 2246 vocis
1424 2202 1543 2259 αὕλή.

57 2287 187 2338 Apion
208 2287 330 2324 Gloss.
350 2288 508 2326 Homer.
529 2287 602 2324 ita:
653 2281 802 2337 αυλήν,
832 2300 902 2325 τον
924 2278 1101 2334 σταθμὸν
1117 2282 1199 2320 τῶν
1217 2272 1446 2331 προβάτων,
1476 2274 1545 2315 καὶ

60 2353 193 2395 οἰκίαν
218 2354 286 2395 καὶ
315 2351 526 2406 σπήλαιον.
555 2355 612 2392 Ac
641 2355 812 2406 primum
832 2349 962 2404 αὐλην
980 2360 1265 2401 nonnunquam
1284 2359 1363 2383 esse
1384 2343 1546 2381 domum

58 2424 204 2475 ipsam,
231 2424 294 2462 vel
323 2423 460 2461 domus
488 2424 645 2472 atrium,
687 2424 774 2460 satis
805 2421 1104 2473 comprobarunt
1131 2415 1353 2454 Athenaeus
1378 2413 1424 2451 V.
1445 2411 1484 2460 5,
1507 2414 1548 2452 3.

59 2490 99 2545 Ρ.
133 2495 211 2534 196
237 2505 276 2543 p-
307 2495 389 2533 232
410 2489 632 2543 Schweigh.
654 2492 825 2529 Valesius
845 2489 894 2528 ad
913 2489 1056 2540 Euagri
1071 2489 1120 2525 H.
1137 2487 1184 2526 E.
1203 2484 1268 2532 IV,
1294 2485 1312 2523 1
1336 2494 1425 2533 pag.
1446 2478 1543 2521 343-

59 2562 225 2600 Perizon
245 2559 293 2598 ad
311 2561 458 2600 Aelian.
483 2561 531 2599 V.
557 2559 744 2609 H.111‚5
765 2567 803 2597 et
821 2559 1056 2607 Wesseling.
1077 2553 1126 2592 ad
1149 2551 1307 2590 Diodor.
1335 2550 1432 2587 XIX
1461 2547 1549 2586 Vol.

59 2630 98 2667 Π
115 2643 152 2681 p-
180 2631 275 2671 323.
294 2649 351 2657 —
378 2629 524 2666 Verum
542 2627 592 2665 ad
609 2636 783 2666 nostrum
800 2629 932 2666 locum
950 2625 1094 2663 faciunt
1122 2620 1325 2673 praecipue
1345 2618 1409 2654 illa
1427 2614 1552 2653 Athe-

61 2698 149 2735 naei
163 2697 210 2745 V,
234 2696 284 2738 15
304 2711 343 2748 Ρ.
367 2699 445 2738 189
460 2711 497 2748 p.
521 2699 602 2737 232
631 2691 1047 2747 80111νε1811.“ομηρος
1069 2687 1112 2730 δὲ
1131 2703 1206 2739 την
1227 2682 1358 2738 αὐλὴν
1377 2680 1438 2724 αεὶ
1456 2697 1550 2723 τατ-

62 2780 120 2805 τει
138 2764 203 2806 ἐπὶ
223 2779 306 2804 των
327 2763 547 2817 ’ὑπαίθρων
563 2778 714 2813 τοπων,
746 2763 849 2803 ἔνθα
870 2764 924 2814 ἡν
945 2760 969 2801 ὁ
987 2761 1059 2800 τοῦ
1077 2756 1264 2808 Ἑρκείου
1282 2750 1380 2800 Διος
1399 2747 1550 2804 βωμός.

63 2834 177 2873 Vides
205 2833 304 2872 hanc
333 2834 637 2873 observationem
661 2844 741 2869 non
760 2832 884 2869 solum
914 2828 962 2867 ad
982 2827 1206 2865 Homericos
1224 2823 1414 2874 pertinere
1434 2820 1550 2865 locos,

1174 2888 1263 2933 51ᾗ
