1806 3181
431 111 515 152 7⁰4
825 109 1285 147 HERODOTI

100 218 170 247 dam
203 217 372 253 expeditIo-

99 261 148 286 ne,
169 251 297 281 Creticis
315 253 348 279 in

69 291 71 294 ’
98 286 189 314 Italia
213 286 340 313 coloniis

97 320 336 347 Tarentinorum

66 372 72 380 .
98 362 134 381 ac
165 353 375 388 Rheginorum

97 387 230 414 infausto
249 387 358 415 adver-

97 429 149 448 sus
174 421 243 448 illas
262 421 351 452 bello,

98 454 236 490 Micytho
254 455 370 491 Rhegii

100 492 308 526 procuratore,

430 217 711 274 καλευμένην,
742 216 986 261 ἀποθανεῖν
1015 218 1142 274 βιαίῳ
1172 218 1362 276 θανάτῳ.
1403 214 1486 260 ἄνα
1517 216 1563 259 δὲ
1591 213 1690 271 χρό-

431 304 513 332 νον
544 289 731 341 Κρῆτας,
760 289 871 329 θεοῦ
902 296 984 341 σφε
1015 284 1348 341 ἐποτρύναντος,
1377 286 1541 336 πάντας
1577 282 1745 338 πλὴν15

434 353 724 410 Πολιχνιτέων
752 369 795 396 τε
825 354 897 396 καὶ
929 355 1173 408 Πραισίων,
1222 353 1512 411 ἀπικομένους
1549 351 1690 407 στόλῳ

425 422 593 480 μεγάλῳ
615 422 656 472 ἐς
666 423 896 477 Σικανίην,
927 421 1195 476 πολιορκέειν
1211 421 1269 466 ἐπ’
1293 422 1385 465 ἔτεα
1407 421 1531 464 πέντε
1561 417 1691 462 πόλιν

430 487 736 547 Κάμικον,τήν
764 488 854 533 κατ’
887 490 957 545 ἐμὲ
978 489 1303 546 Ἀκραγαντῖνοι
1331 489 1544 546 ἐνέμοντο·
1573 487 1692 538 τέλος

422 559 481 613 δὲ,
513 558 567 602 ού
594 557 866 616 δυναμένους
895 557 995 603 οὔτε
1016 558 1139 613 ἑλεῖν,
1166 557 1265 603 οὔτε
1284 558 1558 615 παραμένειν,
1580 557 1692 614 λιμῷ

376 743 461 786 ἐπεὶ
500 744 567 785 καὶ
601 740 808 798 Ἡρόδοτος
839 745 1036 784 Σικανίαν

378 801 481 842 ἔοικε
499 799 574 853 τήν
596 805 673 842 νῦν
688 803 877 842 Σικελίαν
897 800 1035 853 λέγειν.

378 859 489 897 Conf.
527 858 712 897 Niebuhr.
746 862 842 897 Hist.
874 861 984 896 Rom.
1019 860 1037 894 I

375 930 415 967 p.
440 918 516 957 110
539 918 625 953 coll.
646 929 734 967 pag.
767 920 860 957 100.
890 914 1036 967 Ephori

376 973 513 1023 fragm.
526 987 564 1024 p.
581 972 933 1014 153.Broendsted.
951 973 1039 1009 Rei-

378 1043 458 1068 sen.
480 1031 498 1065 I
518 1044 556 1081 p.
580 1029 682 1072 54.“
705 1052 762 1058 ——

435 1083 541 1138 πλήν
587 1084 854 1138 Πολιχνιτέων
893 1099 934 1124 τε
972 1082 1039 1123 καὶ

382 1143 625 1196 Πραισίων]
700 1143 924 1182 Polichnitas
960 1141 1039 1192 Cy·-

380 1199 541 1236 doniatis
553 1202 747 1251 proximos
760 1200 872 1236 fuisse
887 1212 906 1234 e
924 1196 1039 1234 Thu-

380 1256 507 1308 cydid.
525 1258 573 1304 ΙΙ,
603 1257 654 1298 85
687 1257 882 1306 colligunt.
921 1255 1038 1290 Plura

378 1327 457 1350 non
500 1320 684 1354 constant.
752 1313 863 1349 Conf.
903 1313 1037 1361 Poppo

379 1369 561 1421 Thucyd.
583 1371 612 1417 Ι,
627 1373 653 1410 2
675 1383 763 1420 pag.
777 1371 871 1410 279.
888 1366 1038 1408 Hoeck,

379 1427 481 1464 Cret.
503 1428 538 1462 II
568 1440 606 1476 p.
631 1426 723 1473 185,
754 1427 820 1478 qui
839 1423 1039 1461 Polichni-

379 1491 505 1520 tarum
539 1482 725 1533 oppidum
765 1495 786 1519 a
817 1480 1037 1533 Cydoniatis

379 1539 517 1591 (prope
560 1540 733 1587 Caneam,
764 1545 807 1575 ut
836 1551 938 1574 nunc
966 1550 1039 1574 vo-

379 1598 495 1647 cant)
540 1596 738 1633 conditum
760 1609 838 1632 esse
869 1595 1039 1645 suspica-

378 1661 450 1691 tur.
495 1651 649 1690 Praesus
676 1653 764 1689 urbs
786 1651 833 1688 ad
854 1650 1039 1687 meridio-

328 1731 329 1734 ¹
380 1710 509 1747 nalem
542 1710 688 1747 insulae
709 1722 816 1746 oram
839 1721 918 1744 non
946 1720 1040 1758 pro-

381 1768 443 1805 cu]
474 1768 519 1804 ab
543 1767 778 1818 Hierapytna
800 1764 1040 1802 occidentem

380 1837 509 1862 versus
539 1824 608 1861 sita
629 1824 712 1871 fuit,
735 1836 757 1859 a
785 1823 883 1859 mari
911 1834 1041 1858 remo-

380 1888 420 1918 ta
434 1882 630 1930 sexaginta
651 1879 790 1928 stadiis,
816 1886 909 1916 teste
931 1879 1042 1916 Stra-

381 1938 482 1974 bone
503 1939 541 1974 X
561 1951 600 1988 p.
621 1939 702 1977 728
726 1937 767 1973 C.
788 1950 818 1975 s,
840 1934 922 1976 475
944 1942 981 1972 et
1000 1949 1038 1986 p.

383 1997 464 2035 733
485 1995 533 2033 A.
555 2008 585 2031 s.
605 1992 709 2042 478,
748 1994 812 2045 qui
842 1991 942 2028 hanc
973 2005 1042 2028 ur-

382 2051 485 2098 bem,
497 2052 691 2102 antiquam
711 2049 1041 2087 Eteocretensium

382 2105 527 2154 sedem,
548 2108 647 2144 Iovis
658 2108 806 2144 Dictaei
822 2106 965 2156 templo
979 2107 1042 2141 in—

382 2164 545 2213 signem,
567 2176 740 2200 eversam
761 2177 840 2200 esse
852 2169 979 2199 narrat
995 2163 1041 2198 ab

382 2220 686 2270 Hierapytnaeis.
757 2221 872 2255 Plura
892 2217 1041 2255 Hoeck.

387 2276 488 2315 Cret.
519 2278 536 2312 I
566 2288 654 2327 pag.
680 2277 742 2322 16,
764 2274 845 2314 413
868 2288 972 2325 seqq.
995 2274 1042 2311 de

384 2334 459 2372 situ
490 2333 591 2370 urbis
622 2331 816 2382 disputans
839 2343 882 2366 ac
905 2329 951 2367 de
974 2344 1044 2367 no-

385 2391 502 2438 mine,
524 2391 562 2426 in
586 2402 661 2441 quo
683 2386 883 2425 scribendo
919 2388 1044 2423 Hero-

387 2445 497 2484 dotus
527 2447 725 2496 vulgarem
757 2446 944 2481 rationem
982 2457 1044 2480 se-

387 2510 495 2540 cutus
517 2516 595 2540 esse
619 2501 769 2540 videtur
798 2501 924 2537 numis
945 2513 1044 2551 quo-

388 2573 462 2612 que
474 2561 685 2610 probatam,
708 2572 797 2595 culn
828 2559 930 2609 prius
951 2557 1042 2593 scri-

391 2618 507 2668 psisse
551 2616 750 2654 videantur
794 2609 958 2666 Πρᾶσος
997 2626 1039 2649 ac

387 2668 585 2725 Πράσιος.
627 2671 738 2718 Quod
757 2684 846 2710 vero
857 2669 928 2707 hae
942 2669 1039 2706 duae

386 2731 552 2769 civitates
573 2728 805 2781 expeditioni
830 2741 851 2766 a
882 2728 1040 2764 Creten—

1092 745 1192 782 sibus
1223 745 1401 781 omnibus
1432 742 1480 780 ad
1509 742 1647 780 Minois
1676 754 1749 778 ne-

1093 815 1179 839 cem
1189 801 1446 838 ulciscendam
1464 806 1657 850 susceptae
1668 811 1748 836 non

1093 859 1345 906 interfuerint,
1366 859 1503 894 Minois
1518 857 1678 907 imperio
1698 856 1749 892 il-

1092 917 1146 953 las
1167 914 1270 951 haud
1293 916 1458 966 paruisse
1473 921 1538 951 aut
1548 914 1641 950 alius
1653 912 1748 950 adeo

1089 973 1211 1023 stirpis
1251 985 1294 1008 ac
1339 973 1504 1023 reliquos
1553 971 1750 1007 Cretenses

1089 1030 1204 1066 fuisse
1218 1057 1228 1076 ‚
1259 1042 1348 1065 cum
1388 1026 1536 1066 Hoeck.
1557 1028 1583 1064 l.
1606 1028 1631 1065 l.
1652 1028 1689 1063 Π
1707 1040 1748 1078 p.

1092 1085 1170 1126 185
1193 1098 1273 1137 seq.
1295 1088 1376 1126 377
1396 1085 1590 1136 suspiceris
1609 1084 1712 1120 licet.

1147 1139 1417 1192 ἀπικομένους
1429 1137 1548 1193 στόλῳ
1572 1136 1750 1193 μεγάλῳ]

1094 1198 1313 1247 Cretenses,
1351 1212 1391 1235 re
1426 1199 1553 1235 navali
1582 1197 1749 1247 insigues

1094 1257 1287 1306 marisque
1326 1256 1532 1305 imperium
1573 1253 1753 1290 obtinen-

1094 1319 1149 1349 tes
1181 1311 1346 1349 vidimus
1377 1311 1426 1348 ad
1454 1313 1483 1359 I,
1515 1313 1554 1351 2.
1574 1311 1640 1359 III,
1660 1313 1753 1352 122,

1094 1368 1196 1406 Add.
1217 1367 1368 1410 Hoeck.
1391 1369 1493 1406 Cret.
1513 1368 1549 1404 II
1563 1380 1652 1419 pag.
1669 1368 1748 1408 201

1095 1439 1201 1478 seqq.

1153 1477 1272 1522 πόλιν
1317 1476 1516 1532 Κάμικον,
1558 1478 1634 1532 τήν
1671 1475 1756 1520 κατ’

1096 1536 1163 1588 ἐμὲ
1193 1534 1502 1590 Ἀκραγαντῖνοι
1548 1537 1754 1590 ἐνέμοντο]

1097 1596 1481 1642 Cocalo‚Sicanorum
1500 1596 1594 1645 regi,
1615 1601 1757 1632 utnar-

1095 1658 1154 1688 rat
1182 1651 1339 1688 Diodor.
1368 1652 1432 1699 IV,
1466 1654 1532 1699 70,
1565 1649 1756 1688 Daedalus

1097 1710 1282 1745 exstruxit
1312 1708 1491 1746 Carnicum
1517 1709 1558 1744 in
1587 1709 1672 1745 loco
1692 1708 1757 1744 in-

1098 1778 1260 1813 accesso,
1283 1777 1379 1817 quae
1389 1766 1491 1802 urbis
1509 1771 1640 1816 postea
1659 1776 1757 1801 con-

1098 1821 1198 1859 ditae
1247 1835 1269 1858 a
1309 1822 1436 1859 Gelois
1475 1828 1630 1858 centum
1669 1827 1754 1858 octo

1096 1886 1182 1930 post
1220 1880 1344 1929 ipsam
1392 1879 1529 1916 Gelam
1560 1877 1756 1915 conditam

1097 1937 1206 1973 annis
1240 1936 1312 1972 fuit
1342 1949 1410 1972 arx
1438 1948 1530 1972 saxo
1550 1941 1756 1986 praerupto

1097 1998 1363 2043 superstructa,
1404 1993 1473 2029 sub
1514 1991 1618 2044 quod
1655 2003 1757 2028 nova

1096 2051 1187 2086 urbs
1207 2050 1443 2098 Agrigentum
1464 2062 1493 2086 s.
1508 2049 1672 2098 Acragas
1686 2059 1757 2084 ex-

1097 2106 1337 2143 tendebatur.
1370 2107 1481 2142 Nunc
1502 2106 1543 2141 in
1563 2117 1655 2142 saxo
1675 2104 1755 2151 illo,

1099 2164 1165 2200 ubi
1208 2170 1316 2200 vetus
1358 2163 1534 2199 Camicus
1575 2161 1758 2209 Girganti

1100 2233 1178 2256 esse
1222 2218 1357 2255 dicitur
1385 2216 1582 2269 oppidum.
1639 2217 1756 2253 Plura

1099 2277 1290 2312 Manuert.
1310 2275 1379 2323 IX,
1400 2278 1427 2316 2
1455 2287 1545 2325 pag.
1575 2273 1654 2315 353
1675 2286 1757 2326 seq.

1101 2334 1196 2373 360.
1217 2353 1274 2357 —

1157 2389 1260 2439 λιμῷ
1281 2385 1562 2434 συνεστεῶτας]
1585 2386 1610 2426 i.
1631 2398 1664 2422 e.
1690 2383 1757 2435 fa-

1099 2457 1150 2480 me
1175 2443 1362 2493 confectos,
1393 2446 1603 2490 contractos,
1633 2449 1676 2479 ut
1686 2441 1756 2490 IX,

1100 2503 1167 2541 89.
1188 2502 1286 2548 Vffl,
1301 2498 1367 2540 74.
1399 2500 1504 2544 Quae
1521 2505 1755 2551 sequuntur:

1101 2555 1155 2603 (ὅς
1172 2554 1213 2596 δὲ
1231 2552 1329 2596 κατα
1341 2550 1555 2608 Ἰηπυγίην
1567 2553 1756 2607 γενέσθαι

1098 2610 1328 2661 πλώοντας,
1351 2611 1487 2649 eadem
1506 2612 1585 2649 fere
1607 2617 1754 2648 exstant

1096 2670 1160 2717 IV,
1183 2672 1275 2710 179.
1334 2670 1392 2706 De
1412 2667 1572 2720 Iapygia
1595 2668 1644 2705 cf.
1657 2674 1752 2707 nott.

1098 2725 1146 2764 ad
1161 2727 1226 2774 111,
1251 2728 1344 2767 138.
1377 2725 1440 2773 IV,
1463 2727 1527 2766 99.
1584 2722 1647 2760 Ad
1667 2736 1755 2761 ver-
