1789 3213
466 197 874 235 POLYMNIA.
931 197 1038 233 V11.

1291 197 1375 237 763

109 308 303 363 Ἕλλησι,
332 303 460 351 οὐδὲν
488 306 620 350 πλέον
640 305 849 362 ἐφέροντο
869 307 945 361 τῆς
962 306 1164 360 στρατιῆς
1190 305 1266 359 τῆς
1278 306 1375 359 Μη-

122 378 266 432 δικῆς,
305 372 409 417 ἄλλα
438 373 490 418 τοὶ
521 372 655 418 αὐτοὶ·
698 372 772 417 ἅτε
809 373 856 416 έν
885 372 1149 429 στεινοπόρῳ
1177 388 1222 415 τε
1250 373 1374 431 χώρῳ
1387 378 1430 412 25

120 442 365 499 μαχόμενοι,
395 442 468 485 καὶ
498 441 654 496 δόρασι
681 441 982 498 βραχυτέροισι
1004 439 1237 496 χρεώμενοι
1265 437 1374 496 ἤπερ

89 510 386 566 δοίἝλληνες,
417 510 491 553 καὶ
522 508 604 554 οὐκ
621 510 786 565 ἔχοντες
816 509 973 563 πλήθεϊ
1001 507 1259 563 χρήσασθαι.
1289 509 1376 549 Λα-

117 576 386 632 κεδαιμόνιοι
416 578 462 622 δὲ
493 577 700 635 ἐμάχοντο
731 575 859 628 ἀξίως
888 576 1036 631 λόγου,
1059 575 1165 618 ἄλλα
1197 589 1241 617 τε
1271 573 1374 617 ἄπο-

118 644 393 700 δεικνύμενοι
422 645 467 689 ἐν
489 645 571 689 οὐκ
591 644 908 700 ἐπισταμένοισι
926 641 1139 699 μάχεσθαι
1167 640 1377 694 ἐξεπιστά·

119 728 256 769 μενοι,
285 712 358 756 καὶ
388 712 501 765 ὅκως
523 712 772 768 ἐντρέψειαν
791 710 844 755 τοὶ
877 715 1016 759 νῶτα,
1066 708 1183 761 ἁλέες
1222 707 1431 765 φεύγε-30

119 790 228 823 σκον
268 781 421 836 δῆθεν·
463 781 580 825 οἶδὲ
620 781 839 837 βάρβαροι
869 778 1078 833 ὁρέωντες
1118 776 1375 833 φεύγοντας,

117 850 205 904 βοῇ
231 863 276 891 τε
309 847 383 892 καὶ
410 847 587 906 πατάγῳ
617 849 821 905 ἐπήισαν·
853 849 896 891 οἱ
926 844 968 890 δ’
1001 845 1072 898 ἂν,
1103 847 1375 900 καταλαμβα-

118 915 323 971 νόμενοι,
352 914 626 973 ὑπέστρεφον
655 917 796 961 ἀντίοι
825 914 937 960 εἶναι
964 918 1076 957 τοῖσι
1105 911 1378 968 βαρβάροισι·

121 982 514 1039 μεταστρεφόμενοι
556 986 622 1038 δὲ,
659 987 926 1041 κατέβαλλον
955 985 1112 1038 πλήθεϊ
1140 978 1382 1036 ἀναριθμή-

92 1051 231 1101 4τους
265 1055 354 1096 τῶν
389 1053 608 1108 Περσέων.
667 1053 846 1097 ἔπιπτον
898 1050 945 1095 δὲ
983 1049 1058 1094 καὶ
1097 1047 1242 1093 αὐτῶν
1284 1050 1372 1091 τῶν
1387 1053 1432 1088 35

119 1231 240 1275 οὐδὲν
258 1234 380 1276 πλέον
405 1234 614 1288 ἐφέροντο]
646 1236 671 1275 i.
686 1249 720 1276 e.

63 1291 156 1329 nihil
187 1293 340 1343 amplius
377 1293 621 1343 profecerunt,
668 1293 721 1330 m‘l

65 1348 257 1399 quidquam
275 1349 398 1386 melius
435 1351 523 1399 ipsis
542 1352 718 1387 successit.

47 1405 142 1441 ⁷Ubi
168 1406 254 1442 satis
285 1418 382 1457 quae
415 1405 533 1442 medii
552 1407 657 1443 verbi
677 1407 724 1442 sit

67 1461 123 1499 vis
152 1469 328 1511 apparet,
357 1468 400 1498 ut
430 1463 512 1509 VH,
533 1464 635 1503 213:
669 1460 724 1508 (ὅς

67 1515 166 1569 μέγα
184 1516 446 1557 ’τι-δοκέων
465 1518 724 1557 οἴσεσθαι.

65 1575 116 1610 Et
136 1573 238 1610 conf.
259 1587 413 1627 quoque
431 1575 495 1623 IV,
511 1577 605 1615 129.
624 1575 724 1622 VIII,

124 1680 262 1736 δόρασι
302 1683 604 1738 βραχυτέροισι]
666 1687 725 1722 De

66 1742 314 1792 comparativi
346 1742 470 1779 forma
500 1743 602 1780 conf.
627 1744 725 1780 Mat-

65 1797 168 1835 thiae
195 1799 262 1838 Gr.
293 1799 361 1837 Gr.
390 1801 426 1844 §.
461 1801 561 1847 1303
592 1802 607 1838 1
635 1812 724 1849 pag·

66 1854 161 1895 253.
199 1857 258 1890 De
276 1856 481 1891 Persarum
503 1854 616 1891 hastis
636 1856 726 1891 bre-

68 1911 232 1948 vioribus
254 1909 334 1947 dixi
354 1910 402 1947 ad
412 1912 457 1958 V,
475 1910 636 1958 49.V11,
658 1914 724 1951 61.

67 1966 258 2004 Diodorus
278 1968 429 2005 Siculus
449 1969 518 2015 XI,
530 1970 569 2016 7,
590 1966 664 2004 hoc
678 1967 726 2004 de

68 2024 212 2074 proelio
234 2037 423 2072 enarrans,
436 2025 642 2061 Persarum
652 2024 728 2060 bre-

68 2092 128 2117 ves
156 2079 314 2131 quidem
345 2081 498 2132 clypeos
532 2081 729 2132 peltasque

67 2137 409 2186 commemoravit,
437 2135 504 2174 sed
540 2138 730 2175 breviores

67 2191 192 2229 hastas
212 2194 396 2244 neglexit.

125 2245 224 2287 ἅλλα
244 2264 285 2289 τε
320 2245 659 2299 ἀποδεικνύμενοι
688 2264 725 2288 κ.

69 2317 104 2343 τ.
123 2305 180 2354 λ.]
227 2305 253 2344 i.
283 2318 318 2343 e.
352 2318 457 2357 quum
507 2306 592 2343 aliis
627 2306 726 2343 rebus

71 2361 294 2409 ostendentes,
311 2374 346 2399 se
361 2374 508 2413 pugnae
519 2364 652 2414 peritos
660 2375 730 2399 esse

73 2429 189 2454 coram
206 2419 397 2468 imperitis,
426 2423 501 2456 tum
527 2432 606 2456 vero
625 2421 730 2457 etiam

73 2485 123 2520 eo,
144 2473 234 2523 quod
251 2475 396 2512 subinde
415 2478 525 2524 tergis
545 2478 729 2524 conversis,

76 2529 254 2580 confertim
273 2543 383 2568 omnes
404 2534 507 2582 quasi
513 2531 646 2582 fugam
666 2547 731 2570 ca-

71 2587 265 2636 pessebant.
306 2587 404 2623 cum
422 2589 544 2625 verbis
565 2585 664 2627 ἅλλα
682 2603 730 2628 τε

77 2637 412 2693 ἀποδεικνύμενοι
446 2656 498 2680 sc.
526 2640 729 2694 ἐμάχοντο,

76 2700 254 2736 convenit
282 2697 367 2738 καὶ
406 2695 625 2752 φεύγεσκον
656 2701 731 2752 δῆ-

74 2758 163 2803 θεν,
208 2754 256 2792 de
275 2767 352 2807 qua
379 2755 591 2807 imperfecti
609 2756 733 2794 forma

75 2810 153 2851 vid.
172 2813 238 2861 III,
250 2813 344 2853 117.
362 2812 427 2861 IV,
441 2815 520 2854 130
539 2818 576 2850 et
595 2811 642 2850 de
662 2826 734 2852 vo·

779 1236 866 1272 cula
893 1234 1023 1285 δῆθεν
1052 1239 1147 1271 nott.
1168 1230 1216 1269 ad
1234 1232 1298 1280 VI,
1323 1235 1359 1271 1.
1379 1252 1435 1258 —

777 1294 823 1329 Iu
853 1304 958 1342 seqq.
986 1289 1035 1327 ad
1066 1303 1179 1327 voces
1210 1289 1288 1340 βοῇ
1315 1303 1355 1326 τε
1369 1286 1437 1326 καὶ
1495 1320 1500 1324 ρ

778 1344 940 1399 πατάγῳ
960 1346 1058 1384 conf.
1079 1348 1145 1394 111,
1166 1347 1219 1385 79
1244 1346 1335 1395 ibiq.
1355 1351 1437 1383 not.

780 1412 817 1441 et
855 1402 953 1441 adde
982 1404 1030 1441 sis
1059 1403 1122 1450 VI,
1153 1403 1221 1443 58.
1270 1402 1338 1449 IX,
1367 1399 1436 1440 24.

778 1462 880 1509 VIII,
901 1463 967 1508 99,
1005 1460 1099 1508 (ubi
1126 1459 1204 1511 βοῇ
1227 1471 1266 1497 τε
1288 1456 1356 1496 καὶ
1377 1456 1438 1495 οἰ-

781 1519 895 1569 μωγῇ
935 1513 1089 1568 οἷπλέτῳ
1106 1515 1138 1564 ).
1202 1514 1330 1565 Atque
1366 1514 1436 1560 IX,

782 1574 835 1614 59
858 1574 938 1623 βοῆ
958 1586 997 1610 τε
1017 1571 1084 1610 καὶ
1104 1569 1239 1622 ὁμίλῳ.

838 1628 879 1668 οἵ
896 1620 929 1667 δ”
948 1624 998 1667 ἂν
1019 1621 1440 1677 καταλαμβανόμενοι]

778 1685 835 1721 De
847 1685 981 1722 vocula
994 1679 1043 1723 ἂν
1056 1683 1202 1721 adiecta
1213 1682 1290 1721 vid.
1302 1681 1439 1720 Matth.

781 1743 848 1782 Gr.
883 1743 949 1778 Gr.
980 1742 1018 1786 §0
1038 1740 1119 1782 599
1140 1753 1174 1777 a.
1207 1753 1295 1790 pag.
1320 1741 1440 1780 1198.

779 1798 949 1835 Verbum
970 1794 1287 1848 καταλαμβάνειν
1317 1796 1436 1846 depre-

781 1853 960 1901 hendendi,
974 1854 1179 1904 assequendi
1188 1854 1342 1890 notione
1354 1866 1438 1889 cre-

780 1911 883 1948 brius
905 1917 979 1961 'per
1005 1908 1074 1947 hos
1094 1912 1290 1947 Musarum
1308 1910 1436 1947 libros.

782 1966 845 2004 Ad
874 1968 1034 2004 verbum
1068 1964 1315 2017 ὑπέστρεφον
1338 1965 1441 2003 conf.

783 2024 847 2071 IV,
872 2026 963 2070 120,
987 2030 1074 2059 ante
1099 2024 1214 2060 verba
1236 2019 1361 2062 α’ντίοι
1386 2018 1439 2061 εἶ-

785 2095 854 2119 ναι
880 2079 1081 2117 subaudire
1100 2081 1188 2117 licet
1215 2080 1441 2131 particulam

787 2132 899 2175 ὥστε.

843 2191 1007 2231 ἔπιπτον
1023 2214 1079 2219 -—
1099 2187 1255 2243 ὀλίγοι]
1296 2192 1341 2228 In
1363 2204 1439 2243 quo

784 2251 970 2286 consentit
990 2249 1129 2286 Ctesias
1147 2251 1347 2286 Laconum
1359 2249 1443 2284 exi-

784 2318 902 2356 guam
922 2305 1034 2342 fuisse
1066 2319 1223 2343 narrans
1243 2308 1441 2342 iacturam.

784 2364 860 2399 Pro
909 2358 1060 2401 αὕτέων
1100 2361 1189 2399 dedi
1218 2358 1365 2401 αὐτῶν.
1388 2383 1439 2388 --

784 2421 946 2471 Inseqq.
969 2422 1041 2467 τῆς
1061 2417 1206 2459 ἐσόδου
1227 2414 1442 2470 πειρεώμε-

786 2491 850 2516 νοι
881 2476 1080 2527 (tentantes
1116 2476 1324 2525 introitum)
1363 2474 1443 2511 noli

786 2533 998 2584 genitivum
1031 2527 1174 2572 ἐσόδου
1212 2531 1361 2569 trahere
1394 2528 1442 2567 ad

786 2589 1051 2639 παραλαβεῖν,
1085 2588 1134 2625 ad
1156 2589 1259 2640 quod
1279 2588 1443 2639 pertinet

786 2646 1018 2683 accusativus
1053 2640 1184 2684 ου’δέν.
1209 2667 1265 2672 —
1293 2646 1338 2680 In
1367 2644 1443 2679 fine

787 2715 870 2753 cap.
890 2696 1127 2751 ἐπήλαυνον
1144 2696 1270 2741 όπίσω
1294 2708 1348 2738 est
1368 2701 1442 2737 dis-

788 2761 973 2805 cesserunt,
994 2758 1146 2806 regressi
1161 2761 1253 2805 sunt,
1284 2764 1328 2795 ut
1359 2757 1440 2804 VII,

787 2817 884 2857 212.
