1870 3249
566 187 870 226 ERATO.
932 189 1003 224 Vl.

1339 185 1420 226 ‘251

122 298 460 354 Ξέξεινσόθησαν.
523 297 666 342 Ου’δὲν
697 296 861 352 ὁμοίως
899 296 971 339 καὶ
1002 294 1241 351 Ἀθηναῖοι.
1298 291 1418 350 Ἀθη-

149 371 268 411 ναῖοι
314 366 393 421 μὲν
430 365 514 421 γὰρ
564 367 700 421 δῆλον
751 365 961 419 ἐποίησαν
1017 360 1417 417 ὑπεραχθεσθέντες

147 438 201 492 τῇ
237 432 441 489 Μιλήτου
481 432 662 486 ἁλώσει,
708 436 761 490 τῇ
791 447 835 475 τε
864 429 974 487 ἄλλῃ
1003 432 1218 485 πολλαχῆ,
1256 430 1329 474 καὶ
1358 428 1412 485 δὴ

145 500 218 546 καὶ
245 499 479 556 ποιήσαντι
500 503 703 558 Φρυνίχῳ
735 503 878 556 δρᾶμα
898 497 1106 554 Μιλήτου
1132 496 1309 551 ἅλωσιν,
1339 498 1471 541 mmo

89 709 299 746 Timaeum
317 707 412 745 fides
424 736 435 756 ,
474 720 524 745 ex
545 709 656 745 lanae
674 709 752 745 Mi-

88 766 202 803 lesiae
221 765 413 818 frequenti
433 764 538 816 apud
557 758 752 817 Sybaritas

88 836 160 859 usu
171 829 284 875 atque
297 823 527 860 commercio
543 824 664 873 repeti
683 822 754 861 de-

87 879 166 917 bet.
222 878 310 917 Vid.
349 878 493 917 Athen.
522 875 609 927 XII,
634 882 684 920 17
711 893 752 930 p.

88 935 171 977 519
193 935 237 977 C.
266 932 755 987 ConfiUllrichDeproxe-

87 993 152 1029 nia
173 991 372 1041 (Berolin.
397 994 531 1043 1832)
562 1005 651 1044 pag.
681 993 749 1039 25,

87 1050 154 1101 qui
185 1050 282 1087 bene
309 1048 384 1086 hoc
412 1050 498 1086 loco
528 1051 667 1096 utitur,
706 1056 750 1086 ut

87 1118 138 1142 ex
158 1118 235 1157 quo
255 1112 404 1157 pateat,
434 1106 603 1143 civitates
634 1107 750 1142 etiam

89 1175 180 1200 cum
191 1162 404 1201 civitatibus
415 1162 512 1212 (non
522 1164 647 1200 solum
660 1175 750 1200 cum

86 1220 244 1270 singulis
272 1218 521 1270 hominibus)
557 1219 754 1257 interdum

86 1275 386 1328 hospitalitatem
404 1284 584 1314 mutuam
612 1278 751 1313 iniisse.

36 1369 43 1374 „
86 1333 146 1370 De
189 1334 278 1371 lana
314 1334 462 1371 Milesia
507 1334 753 1386 vestibusque

87 1390 256 1439 Milesiis,
279 1403 379 1443 quae
399 1392 567 1442 optimae
596 1404 640 1428 ac
659 1404 751 1442 pre-

87 1447 310 1484 tiosissimae
331 1446 583 1496 habebantur,
607 1449 654 1485 ab
676 1446 751 1485 ho-

87 1505 255 1542 minibus
283 1505 463 1542 mollibus
500 1512 539 1542 et
576 1505 752 1542 luxuriae

89 1559 223 1598 deditis
242 1564 381 1612 gestari
400 1562 551 1610 solitae,
572 1563 683 1614 plura
702 1561 751 1599 ad

87 1618 284 1655 Plutarchi
302 1618 491 1657 Alcibiad.
511 1633 551 1671 p.
576 1618 655 1661 194
669 1632 749 1672 seq.

89 1674 291 1726 disputavi.

143 1727 357 1784 Ἀθηναῖοι
396 1728 470 1783 μὲν
505 1728 581 1784 γὰρ
625 1732 752 1784 δῆλον

88 1786 283 1839 ἐποίησαν
301 1803 336 1827 κ.
355 1803 392 1827 τ.
419 1789 473 1837 λ.]
503 1787 644 1826 Incidit
674 1787 751 1826 hoc

89 1851 184 1881 teste
203 1843 383 1883 Larcher.
403 1840 447 1881 in
465 1844 751 1883 Tab.chrouol.

88 1913 177 1951 pag.
197 1903 279 1942 638
292 1908 329 1938 et
347 1901 565 1938 Blomfield.
576 1903 621 1941 in
631 1904 754 1938 Prae-

88 1957 156 1995 fat.
179 1956 227 1994 ad
247 1956 427 2010 Aeschyl.
447 1960 555 1995 Pers.
575 1971 665 2010 pag.
685 1959 752 2007 VI,

87 2013 128 2050 in
150 2014 303 2066 Olymp.
323 2016 448 2063 LXX,
476 2014 504 2056 4
537 2028 569 2052 s.
588 2013 752 2055 497.⁴a.

97 2069 186 2108 Chr.
207 2084 248 2108 n.
306 2073 436 2124 Atque
464 2071 601 2109 eadem
632 2072 754 2109 eea]-

88 2126 254 2164 listhene
281 2129 410 2166 retujit
440 2129 580 2167 Strabo
600 2129 691 2166 XIV
711 2143 751 2180 p.

88 2181 171 2224 942
191 2185 237 2222 B.
258 2197 288 2221 s.
307 2199 346 2237 p.
368 2188 449 2227 636
481 2186 569 2223 mll.
598 2186 752 2225 Aelian.

88 2239 134 2278 V.
155 2242 206 2279 H.
226 2243 330 2290 xm,
355 2245 419 2290 17,
448 2243 515 2280 ubi
540 2241 619 2280 vid.
639 2243 753 2279 Peri·-

89 2309 191 2346 zon.‚
212 2300 319 2337 cuius
339 2306 454 2336 notae
474 2300 641 2337 Wessel.
660 2298 752 2338 addi

88 2355 171 2392 vult
209 2357 373 2393 Bentlei.
400 2358 579 2408 Epistoll.
605 2355 752 2394 Phala-

88 2409 160 2448 rid.
189 2424 230 2462 p.
265 2412 360 2454 255.
392 2412 458 2451 Gr.
480 2414 629 2451 confert
647 2414 750 2451 Am-

87 2469 208 2505 mian.
246 2469 416 2508 Marcell.
449 2472 628 2519 XXVIII,
662 2474 705 2516 1,
725 2469 753 2512 4

89 2531 128 2561 et
147 2524 196 2562 ad
216 2537 308 2562 eum
327 2526 590 2578 Lindenbrog.
610 2540 650 2579 p.
668 2530 753 2569 212

89 2580 151 2618 ed.
180 2583 329 2633 Wagn.
375 2600 427 2612 -ι
496 2583 560 2622 Ad
596 2584 754 2635 partici-

89 2639 199 2689 pium
233 2638 607 2690 ὑπεραχθεσθέντες
649 2640 754 2678 conf.

89 2694 225 2732 Matth.
247 2697 314 2733 Gr.
335 2697 403 2734 Gr.
423 2709 512 2748 pag.
536 2699 644 2738 1077
657 2725 667 2744 ‚
689 2698 756 2749 qui

90 2751 194 2789 idem
226 2765 315 2804 pag.
350 2756 454 2795 1301
498 2753 756 2792 consulendus

93 2809 142 2845 ob
161 2816 350 2848 mutatam
369 2811 576 2849 verborum
591 2817 757 2849 structu-

807 720 891 744 ram
910 708 951 743 in
970 718 1078 757 seqq.
1110 712 1146 741 et
1173 717 1264 755 pag.
1294 706 1402 745 1109
1422 702 1469 740 de

806 765 1005 815 participio
1025 758 1252 813 ποιήσαντι.
1302 759 1365 797 Ad
1382 773 1471 798 ver-

807 822 904 859 bum
925 815 1128 860 διδᾶσκειν
1145 817 1247 855 conf.
1262 823 1359 854 nott.
1380 816 1429 854 ad
1439 818 1469 866 1,

809 881 863 919 23
878 885 915 914 et
926 876 973 914 de
986 876 1113 914 dativo
1127 876 1323 927 δραχμῇσι
1332 873 1471 911 Matth.

810 933 877 972 Gr.
899 935 965 971 Gr.
985 946 1074 985 pag.
1092 935 1187 973 731.
1214 931 1389 969 Wurmii
1408 944 1472 967 ra-

806 993 929 1028 tiones
938 992 969 1028 si
978 989 1186 1041 sequimur,
1205 989 1311 1024 mille
1332 986 1473 1024 drach-

806 1061 894 1084 mae
921 1047 1153 1084 constituent
1171 1057 1366 1082 summam
1388 1043 1467 1084 241

805 1103 982 1142 Thalerr.
1003 1106 1028 1143 7
1041 1104 1168 1139 Gross.
1188 1102 1266 1138 sive
1287 1099 1369 1141 434
1380 1102 1473 1137 Flo-

807 1173 919 1199 renu.
953 1162 1003 1201 18
1030 1159 1239 1208 Cruciger„
1270 1159 1358 1195 satis
1385 1169 1474 1194 ma-

808 1230 930 1269 gnam
956 1217 1065 1257 illam
1095 1214 1254 1269 quidem
1291 1227 1361 1266 pro
1399 1215 1472 1251 inis

808 1274 1060 1326 temporibus.

865 1330 934 1371 καὶ
944 1326 1161 1382 ποιήσαντι
1179 1327 1387 1382 Φρυνίχῳ]
1399 1327 1474 1372 Qui

807 1386 1053 1440 Phrynichus
1061 1387 1226 1437 tragicus
1238 1391 1353 1436 poeta
1373 1385 1474 1422 circa

808 1458 957 1483 annum
985 1445 1068 1487 512
1095 1457 1130 1481 a.
1162 1442 1252 1480 Chr.
1271 1456 1312 1480 n.
1332 1441 1473 1479 florens

807 1503 907 1540 bene
941 1499 1214 1540 discernendus
1247 1506 1304 1537 est
1329 1500 1376 1536 ab
1398 1499 1473 1536 alio

807 1558 1032 1612 Phrynicho
1061 1559 1230 1605 comico,
1280 1557 1347 1609 qui
1384 1562 1475 1592 ante

807 1615 1108 1668 Aristophanem
1155 1615 1303 1651 fabulas
1345 1611 1473 1649 Athe-

806 1674 865 1711 nis
894 1673 1071 1715 docuisse
1098 1673 1231 1710 fertur.
1297 1671 1364 1708 Tu
1394 1669 1475 1707 vid.

806 1732 1050 1782 potissimum
1068 1731 1238 1766 Passow.
1257 1728 1298 1765 iu
1327 1727 1474 1764 Melett.

808 1789 906 1825 critt.
926 1789 967 1825 in
993 1785 1176 1838 Aeschyli
1200 1787 1335 1822 Persas
1358 1783 1476 1832 (Vra-

808 1845 883 1882 tisl.
899 1845 1025 1894 1828)
1037 1847 1126 1895 pag.
1148 1845 1174 1884 7
1195 1849 1232 1879 et
1253 1842 1296 1878 C.
1317 1839 1474 1879 LHoff-

808 1913 944 1941 mann.
963 1899 1137 1937 inIahnii
1162 1905 1198 1935 et
1211 1897 1475 1936 Seebod.An-

808 1958 887 1994 nal.
918 1957 1056 2008 Suppl.
1082 1957 1132 2004 ΙΙ,
1163 1958 1183 1995 1
1206 1968 1296 2005 pag.
1316 1953 1383 1994 40.
1405 1951 1473 1994 41.

809 2014 955 2059 Quibus
993 2013 1090 2051 haec
1126 2012 1289 2050 Greuzer.
1323 2010 1472 2048 adiicit:

807 2072 867 2108 De
909 2068 1132 2123 Phrynicho
1179 2069 1326 2119 tragico
1374 2066 1476 2104 adde

808 2126 980 2166 Schoell.
1008 2128 1050 2168 iu
1081 2127 1177 2167 Hist.
1201 2124 1249 2163 de
1268 2126 1306 2162 la
1324 2125 1475 2162 Litera-

807 2191 893 2222 ture
922 2186 1101 2236 Grecque
1125 2184 1162 2220 II
1189 2195 1279 2233 pag.
1307 2184 1414 2222 1619
1436 2188 1475 2219 et

809 2242 995 2279 Clintonis
1026 2242 1129 2278 Fasti
1167 2240 1358 2276 Hellenici
1381 2251 1473 2289 pag.

807 2299 945 2336 XXXI
963 2305 1045 2336 not.
1071 2305 1100 2346 t,
1121 2298 1189 2334 ubi
1209 2297 1324 2334 etiam
1338 2294 1384 2332 de
1394 2296 1474 2332 eius

808 2362 931 2393 aetate
969 2362 1083 2408 atque
1115 2354 1222 2392 obitu
1253 2355 1293 2390 in
1319 2353 1474 2399 Sicilia3

808 2412 1031 2465 ibidemque
1066 2425 1088 2448 a
1118 2413 1293 2461 Kriigero
1312 2408 1473 2447 laudatt.

807 2468 995 2507 Meinekii
1023 2469 1178 2515 Quaest.
1214 2480 1345 2506 scenn.
1377 2467 1413 2503 II
1433 2480 1473 2516 p.

810 2529 836 2568 6
855 2539 935 2579 seq.
1001 2527 1060 2562 Ac
1100 2525 1289 2576 tragicum
1318 2532 1474 2574 poetam

809 2596 879 2621 cur
891 2582 1146 2620 Athenienses
1162 2588 1360 2632 tantopere
1370 2579 1476 2616 mul-

813 2641 950 2678 ctarint
970 2641 1001 2677 si
1021 2641 1106 2692 quis
1126 2645 1303 2691 quaerat,
1333 2643 1472 2673 tenen-

813 2696 909 2735 dum
936 2698 1096 2748 opinor,
1136 2694 1389 2732 Athenienses
1410 2693 1472 2729 lu-

814 2753 870 2791 dis
889 2755 1047 2791 scenicis
1067 2753 1280 2804 fabulisque
1301 2750 1473 2787 maxime

815 2811 988 2863 quamvis
1020 2808 1186 2857 deditos,
1225 2806 1387 2846 modum
1414 2814 1474 2843 ta-
