1806 3181
236 468 334 512 212
395 466 647 520 ἀπήλαυνον
686 464 835 510 ὀπίσω.

399 157 482 196 764

792 156 1248 194 HERODOTI

401 262 705 319 Σπαρτιητέων
745 263 934 307 ἐνθαῦτα
962 261 1114 319 ὀλίγοι.
1165 263 1279 310 Ἐπεὶ
1313 266 1357 309 δὲ
1395 263 1525 308 οὐδὲν
1553 265 1644 309 ἐδυ-

399 332 526 374 νέατο
567 334 832 386 παραλαβεῖν
878 334 922 375 οἱ
963 331 1129 387 Πέρσαι
1157 336 1232 388 τῆς
1278 332 1435 377 ἐσόδου
1473 333 1644 389 πειρεώ-

399 415 534 454 μενοι,
563 399 635 442 καὶ
667 398 774 442 κατα
803 399 922 443 τέλεα
950 401 1023 443 καὶ
1049 403 1264 451 παντοίως
1293 399 1645 456 προσβάλλοντες,

901 465 977 511 Ἐν
1024 466 1205 522 ταύτῃσι
1248 471 1347 524 τῇσι
1389 467 1646 523 προσόδοισι

396 538 471 589 τῆς
507 532 641 589 μάχης
678 533 841 588 λέγεται
878 535 1077 590 βασιλέα,
1116 533 1381 590 θηεύμενον,
1423 537 1515 590 τρὶς
1544 535 1645 580 άνα-

388 603 567 656 δραμεῖν
602 602 648 644 ἐκ
677 605 758 645 τοῦ
791 600 982 657 θρόνου,
1023 604 1223 646 δείσαντα
1251 603 1346 656 περὶ
1372 607 1426 660 τῇ
1455 607 1642 661 στρατιῇ.
1658 607 1704 644 4ο

367 667 494 711 Ξτότε
522 668 600 724 μὲν
629 667 744 712 οὕτω
776 668 1056 725 ἠγωνίσαντο.
1092 674 1155 727 Τῇ
1183 668 1216 713 ‹3’
1246 667 1449 726 ὑστεραίῃ
1475 671 1518 713 οἱ
1546 669 1646 726 βάρ-

396 738 526 791 βαροι
556 734 685 779 οὐδὲν
714 737 896 793 ἄμεινον
916 736 1107 780 ἀέθλεον.
1158 735 1230 780 ἅτε
1258 736 1340 793 γάρ
1370 737 1528 792 ὀλίγων
1556 737 1645 784 έόν-

395 819 503 855 των,
543 804 787 856 ἐλπίσαντές
825 816 959 862 σφεας
996 805 1447 861 κατατετρωματίσθαι
1492 820 1536 847 τε
1573 805 1646 848 καὶ
1703 799 1800 849 605]

368 869 484 913 soon
515 871 638 922 οἴους
665 888 709 915 τε
739 873 916 917 ἔσεσθαι
946 873 1004 917 ἔτι
1031 878 1175 929 χεῖρας
1195 872 1513 927 ἀνταείρασθαι,
1545 883 1650 915 συν-

397 939 591 994 έβαλλον.
642 941 686 983 οἱ
712 940 976 997 δὲ”Ελληνες
1005 943 1113 985 κατὰ
1140 939 1256 992 τάξις
1285 955 1328 983 τε
1356 939 1430 982 καὶ
1457 939 1567 984 κατὰ
1606 939 1648 982 ἔ-
1660 942 1705 981 45

394 1010 505 1048 θνεα
535 1007 848 1064 κεκοσμημένοι
874 1005 1002 1066 ἦσαν,
1032 1009 1105 1053 καὶ
1135 1009 1180 1052 ἐν
1208 1008 1328 1065 μέρεϊ
1355 1006 1527 1050 ἕκαστοι
1553 1004 1649 1062 ἐμά-

394 1088 536 1128 χοντο,
565 1074 678 1131 πλὴν
711 1075 922 1120 Φωκέων·
949 1072 1074 1120 οὗτοι
1104 1077 1149 1120 δὲ
1178 1076 1220 1127 ές
1248 1075 1297 1120 τό
1320 1069 1451 1128 οὖρος
1470 1072 1650 1130 ἐτάχθη-

367 1146 494 1193 4σαν,
523 1142 787 1197 φυλάξοντες
815 1144 895 1200 τὴν
924 1143 1134 1200 ἀτραπόν.
1187 1143 1265 1194 Ὡς
1295 1143 1341 1186 δὲ
1371 1140 1501 1186 οὐδὲν
1530 1139 1649 1195 εὕρι-

397 1222 504 1252 σκον
543 1208 820 1264 ἀλλοιότερον
859 1213 904 1255 οἱ
933 1213 1098 1267 Πέρσαι
1132 1211 1160 1268 ἢ
1187 1215 1238 1268 τῇ
1281 1210 1515 1266 προτεραίῃ
1548 1206 1648 1252 ἐνώ-

395 1294 496 1332 ρων,
530 1275 798 1334 ἀπήλαυνον.

534 1499 625 1549 Cap.
648 1498 797 1535 ooxn.

389 1571 453 1614 Ἐν
465 1572 629 1630 ταύτῃσι
639 1579 731 1631 τῇσι
742 1574 992 1628 προσόδοισι]

340 1634 364 1671 i.
396 1645 426 1668 e.
467 1633 528 1669 hoc
567 1636 606 1670 in
645 1646 854 1682 congressu5
901 1648 993 1671 nam

340 1685 533 1740 πρόσοδος
551 1689 697 1737 dicitur,
727 1691 792 1727 ubi
812 1691 860 1727 ad
870 1703 994 1728 manus

339 1747 484 1782 veniunt
511 1750 733 1795 pzcgtzanteS‚
757 1748 994 1797 proeliumque

340 1804 557 1847 znstz'tuz'tur,
596 1809 637 1839 ut
677 1803 756 1850 VII,
796 1806 890 1843 223.
922 1805 991 1851 IX,

343 1861 432 1897 101.
461 1860 536 1895 Pro
556 1860 728 1910 βασιλῆα
743 1860 992 1912 ΓΘεοΓίΡείβα-

339 1914 458 1953 σιλέα.

395 1969 479 2021 τρὶς
491 1966 733 2021 ἀναδραμεῖν
746 1970 788 2010 ἐκ
806 1973 878 2010 τοῦ
890 1967 993 2023 θρό-

342 2028 439 2075 νου]
473 2027 728 2077 Cogitandum
760 2035 825 2076 est,
857 2029 993 2065 Persa-

340 2096 426 2117 rum
447 2085 542 2132 regis
563 2085 693 2120 sellam
708 2092 871 2120 erectam
883 2085 995 2121 fuisse

340 2139 424 2174 loco
443 2139 617 2187 editiore,
639 2140 741 2177 unde
762 2142 802 2176 iu
823 2154 995 2192 pugnam

339 2195 457 2231 facilis
488 2203 580 2231 esset
600 2204 837 2246 prospectus,
872 2197 998 2233 unde-

341 2264 415 2302 que
444 2259 655 2301 pugnantes
683 2253 792 2288 facile
822 2261 998 2290 contem-

340 2308 517 2357 plaretur.
554 2307 703 2345 Eodem
722 2307 839 2344 modo
859 2311 995 2346 Darius

342 2364 469 2413 copias
496 2377 579 2401 suas
610 2371 765 2415 pontem
801 2371 993 2414 transgre-

343 2419 487 2456 dientes
528 2428 581 2457 est
612 2421 887 2471 contemplatus
926 2421 990 2468 IV,

342 2477 408 2522 88,
421 2489 492 2513 nec
509 2479 614 2513 aliter
628 2478 717 2513 fecit
727 2479 872 2514 Xerxes
884 2478 993 2527 Aby-

343 2531 381 2568 di
402 2532 499 2580 (Vll,
520 2532 592 2577 44)
613 2547 655 2570 ac
671 2534 863 2571 Salamine
875 2534 991 2584 (VIII,

342 2589 396 2628 90
417 2590 502 2626 coll.
524 2592 611 2639 88).

400 2641 467 2684 ἅτε
507 2643 581 2697 γάρ
631 2641 775 2698 ὀλίγων
816 2641 989 2692 ἐόντων]

341 2700 419 2739 scil.
451 2704 532 2740 τῶν
556 2699 778 2752 Ἑλλήνων,
816 2701 864 2739 ad
899 2714 993 2753 quos

341 2756 495 2794 eosdem
515 2759 554 2794 in
575 2771 680 2811 seqq-
693 2765 836 2810 spectat
857 2756 992 2809 σφέας,

1661 1281 1707 1315 50

1052 1513 1141 1537 cum
1161 1498 1209 1537 ad
1229 1498 1457 1545 ἐλπίσαντες
1473 1494 1631 1534 subaud.
1667 1494 1708 1534 οἱ

1049 1552 1258 1608 βάρβαροι.
1291 1555 1354 1591 Ad
1372 1555 1604 1591 locutionem
1628 1555 1705 1604 χεῖ·

1051 1628 1121 1664 ρας
1154 1609 1440 1663 ἀνταείρασθαι
1461 1610 1508 1647 cf.
1546 1610 1607 1656 VI,
1637 1607 1704 1654 44,

1051 1676 1087 1705 et
1103 1668 1149 1705 de
1160 1670 1274 1705 verbo
1287 1664 1524 1717 συμβάλλειν
1533 1666 1597 1714 IV,
1613 1664 1704 1704 159.

1048 1747 1104 1751 —
1123 1726 1196 1760 Pro
1220 1723 1312 1762 ἕσαν
1332 1722 1419 1760 dedi
1438 1716 1556 1772 ἦσαν.

1105 1792 1148 1831 ἐν
1176 1790 1310 1843 μέρεϊ]
1352 1791 1378 1828 i.
1409 1803 1442 1828 e.
1479 1803 1545 1826 sua
1562 1790 1705 1838 quisque

1047 1850 1132 1895 vice,
1157 1861 1220 1898 per
1240 1849 1328 1884 vices
1341 1876 1350 1893 ,
1380 1853 1422 1882 ut
1441 1848 1705 1895 interpretatur

1047 1905 1292 1953 VVesseling„
1306 1904 1422 1939 citans
1435 1901 1606 1952 Euripid.
1628 1902 1707 1952 Cy-

1050 1962 1147 2010 clop.
1186 1962 1263 2000 179
1307 1966 1343 1995 et
1378 1961 1408 1998 Ι.
1450 1960 1616 1996 Gronov.
1657 1956 1706 1993 ad

1049 2019 1198 2055 Arri-(111.
1230 2016 1353 2052 Auab.
1382 2017 1448 2063 III⁷
1479 2017 1545 2055 26.
1602 2012 1704 2050 Add-

1051 2072 1193 2110 Herod.
1215 2073 1244 2118 Ι,
1267 2072 1398 2127 Ξὸιν,
1415 2074 1481 2112 70.
1525 2073 1569 2107 In
1597 2083 1705 2121 seqq.

1053 2143 1184 2166 omnes
1200 2129 1283 2164 libri
1305 2128 1435 2178 οὖρος7
1454 2140 1585 2178 quum,
1607 2128 1704 2163 bene

1053 2192 1235 2222 monente
1257 2183 1304 2220 ad
1324 2183 1366 2232 h,
1385 2185 1410 2222 l.
1437 2185 1616 2232 Apetzio,
1657 2183 1703 2218 ab

1053 2241 1247 2278 Herodoto
1296 2241 1385 2276 alias
1430 2239 1540 2275 scribi
1588 2239 1705 2274 soleat

1050 2296 1141 2350 ὅρος
1153 2299 1192 2333 in
1212 2293 1436 2332 nominandi
1456 2301 1493 2331 et
1504 2293 1705 2331 accusandi

1051 2367 1152 2401 casu,
1195 2350 1261 2389 sed
1290 2352 1329 2387 in
1371 2352 1523 2402 reliquis
1559 2351 1704 2388 casibus

1051 2407 1203 2458 οὔρεος,
1225 2404 1346 2459 οὔρεϊ.
1376 2407 1438 2444 Ad
1456 2419 1589 2444 voces:
1623 2422 1702 2454 φυ-

1048 2462 1229 2512 λάξοντες
1244 2462 1318 2515 τὴν
1337 2459 1510 2515 άτραπὸν
1529 2463 1603 2501 vid.
1620 2464 1700 2510 VH,

1047 2524 1140 2562 216.
1162 2524 1256 2561 217.

1092 2587 1159 2635 Ὡς
1173 2586 1215 2627 δὲ
1237 2584 1355 2627 οὐδὲν
1368 2583 1552 2638 εὕρισκον
1567 2582 1700 2625 α’λλοι-

1050 2642 1208 2697 ότερον]
1248 2646 1273 2681 i.
1304 2658 1336 2683 e.
1367 2645 1429 2681 ubi
1447 2643 1558 2681 nihilo
1578 2642 1699 2680 melius

1048 2703 1117 2739 sibi
1132 2714 1202 2738 rem
1219 2701 1392 2738 succedere
1419 2700 1594 2738 viderunt.
1643 2699 1699 2734 Ita

1049 2765 1149 2796 recte
1179 2755 1527 2808 Schweighaeuser.
1546 2756 1586 2792 in
1603 2755 1697 2791 Lex.
