1834 3258
467 266 945 312 POLYMNIA.
1004 278 1106 317 VII.

1337 287 1420 327 499

149 367 333 425 μήκεας,
363 371 440 423 τοὶς
469 373 550 428 μὲν
569 376 679 431 πρὸς
707 383 790 424 τοῦ
825 381 1002 428 Πόντου
1035 390 1110 443 τῆς
1140 388 1304 447 ἑτέρης,
1329 397 1420 437 τῶν

151 433 326 493 οἷνέμων
356 440 518 485 εἵνεκεν
538 447 626 486 τῶν
649 445 816 492 ἔσωθεν
838 449 1130 507 ἐκπνεόντων,
1163 461 1237 513 τῆς
1258 459 1303 503 δὲ
1329 459 1417 506 ἑτέ-

147 518 226 559 ρης
253 509 328 562 τῆς
357 507 469 564 πρὸς
498 510 680 571 ἑσπέρης
708 532 752 559 τε
781 517 853 561 καὶ
882 523 963 563 τοῦ
974 523 1175 578 Αἰγαίου,
1206 524 1343 581 εὔρου
1373 547 1417 574 τε

122 571 230 614 [ικαὶ
267 572 405 619 νότου
434 579 588 623 εἵνεκα.
650 582 884 630 διέκπλοον
908 587 954 631 δὲ
972 586 1230 645 ὑπόφαυσιν
1258 596 1471 641 κατέλι-15

144 654 233 682 πον
283 645 374 686 τῶν
431 650 787 706 πεντηκοντέρων
825 654 898 698 καὶ
929 661 1100 713 τριχοῦ,
1162 661 1236 704 ἴνα
1264 664 1338 708 καὶ
1373 666 1417 718 ἐς

84 832 234 871 efficere
244 834 444 877 debuerint
464 845 748 884 contentionem

83 902 201 942 quam
211 894 379 933 minores
392 898 526 947 prioris
537 904 663 950 pontis
674 916 747 940 na-

81 959 146 984 ves
159 976 169 996 ,
201 962 366 1001 quarum
391 953 572 994 rudentes
589 959 663 996 iuis
683 962 744 996 in·

80 1003 342 1045 tenderentur.
395 1011 609 1066 Utrumque
640 1018 744 1054 enim

77 1068 262 1111 pontem,
283 1066 446 1103 alterum
467 1072 663 1121 exercitui,
685 1075 742 1110 al-

78 1123 204 1154 terum
223 1120 403 1160 iumentis
429 1123 660 1165 destinatum
679 1143 742 1167 sa-

76 1174 124 1210 tis
153 1187 297 1226 magno
324 1179 524 1220 intervallo
555 1191 741 1223 structum

74 1229 189 1268 fuisse
216 1234 396 1272 credibile
421 1245 498 1287 est,
535 1247 579 1277 ut
597 1256 647 1279 ne
666 1257 740 1280 na-

39 1333 46 1338 ,
74 1299 140 1325 ves
159 1301 200 1325 se
224 1290 390 1329 invicem
404 1296 598 1345 pulsantes
620 1312 663 1336 ac
683 1300 739 1337 fe-

73 1344 212 1382 rientes
254 1347 386 1386 damni
413 1352 507 1403 quid
544 1364 736 1406 caperent,

73 1399 171 1437 bene
189 1413 372 1443 monente
400 1409 523 1447 Kruse
556 1412 583 1449 l.
598 1414 624 1450 l.
645 1427 735 1464 pag.

73 1455 166 1506 104,
181 1461 243 1496 cui
255 1464 413 1501 omnino
431 1465 506 1503 duo
524 1477 659 1518 pontes
671 1469 734 1509 hic

70 1515 230 1553 consilio
252 1523 432 1558 exstructi
460 1523 574 1561 fuisse
595 1526 733 1564 viden-

68 1575 131 1606 tur
153 1571 217 1623 (p.
252 1577 304 1615 96
316 1573 347 1628 );
369 1590 445 1629 quo
460 1586 733 1632 tempestatum

66 1637 90 1662 a
117 1629 277 1667 meridie
303 1638 653 1684 supervenientium
675 1643 731 1679 vis

63 1695 371 1738 praecaveretur,
403 1705 446 1729 ac
466 1695 580 1732 simul
599 1697 730 1734 flumi-

63 1740 122 1777 nis
142 1743 196 1779 vis
219 1757 294 1796 quo
315 1748 442 1786 miuus
462 1750 650 1791 damnum
665 1756 729 1791 in-

62 1796 178 1836 ferret
198 1803 357 1840 navibus
367 1806 627 1858 impediretur,
638 1825 727 1849 cum

68 1852 146 1891 duo
179 1869 220 1892 se
245 1859 410 1898 invicem
443 1867 550 1915 quasi
588 1875 725 1906 mutuo

62 1911 290 1951 sustinerent
304 1925 438 1966 pontes
451 1949 461 1967 ,
480 1934 647 1972 quorum
659 1926 726 1976 qui

60 1965 218 2016 Aegaeo
253 1973 352 2008 mari
389 1975 567 2016 obversus
615 1989 723 2030 esset,

60 2025 267 2064 maioribus
287 2027 377 2066 hinc
406 2035 566 2084 navigiis
587 2037 725 2075 confici

61 2077 235 2119 debuisse
254 2092 363 2135 putat
383 2101 501 2139 quam
529 2094 596 2144 qui
615 2095 724 2131 Pon-

57 2141 143 2173 tum
162 2147 360 2189 spectaret.

113 2196 198 2234 τῶν
218 2195 372 2238 ἔσωθεν
385 2198 656 2255 ἐκπνεόντων]
679 2220 722 2244 ex

56 2250 218 2290 interiori
243 2257 337 2292 mari
366 2258 418 2305 (i.
452 2273 485 2296 e.
514 2261 638 2299 Ponto
659 2265 721 2301 vel

53 2307 178 2356 potius
210 2323 231 2346 e
259 2312 520 2367 Propontide)
532 2319 719 2368 flantium.

53 2364 100 2398 In
126 2365 208 2414 ipso
229 2369 433 2407 verborum
455 2381 636 2412 contextu
658 2380 720 2414 ni—

54 2416 109 2455 hil
127 2424 358 2463 mutandum
378 2428 541 2469 videtur.
596 2435 718 2471 Nam-

54 2487 129 2527 que
149 2474 217 2525 τοὶς
229 2478 302 2530 μὲν
323 2481 428 2533 πρός
451 2490 524 2526 τοῦ
553 2487 715 2530 Πόντου

52 2534 125 2583 τῆς
145 2532 277 2586 ἑτέρης
299 2551 448 2578 ancoras
468 2544 643 2596 intelligit
656 2549 713 2584 al·-

51 2590 167 2627 terius
186 2595 311 2642 pontis
332 2596 456 2635 Ponto
476 2601 630 2639 Euxino
645 2606 711 2641 ob-

50 2647 148 2683 versi
162 2675 171 2692 ,
203 2651 276 2700 τῆς
298 2648 340 2690 δὲ
369 2651 502 2706 ἑτέρης
520 2661 592 2708 τῆς
613 2658 714 2709 πρός

51 2698 218 2755 ἑσπέρης
236 2721 270 2744 κ.
292 2722 326 2746 τ.
350 2711 384 2748 λ.
406 2724 556 2751 ancoras
575 2719 711 2765 pontis,

51 2759 117 2809 qui
136 2761 375 2801 occidentem
395 2780 522 2806 versus
543 2770 591 2807 ad
607 2785 713 2811 mare

49 2815 249 2866 Aegaeum
277 2824 480 2872 spectabat.
545 2827 590 2863 lu
620 2842 713 2880 pro-

48 2872 151 2911 xime
183 2888 291 2930 seqq.
316 2892 385 2930 pro
417 2878 537 2935 εὔρου
567 2885 624 2923 vir
640 2885 712 2924 do·

805 856 886 887 ctus
915 849 955 886 in
985 851 1151 902 Aflgem.
1182 858 1338 898 Literat.
1368 864 1467 903 Zeit.

805 908 912 948 1802
931 920 990 945 ur.
1014 912 1093 951 186
1114 924 1202 963 pag·
1222 918 1318 965 226,
1349 932 1467 971 quem

801 963 890 1000 citat
921 964 1002 1013 Cr„
1023 966 1100 1017 legi
1121 971 1203 1007 vult
1229 970 1404 1027 ζεφύρου
1425 993 1466 1019 τε

799 1017 866 1058 καὶ
893 1016 1014 1060 νότον
1043 1024 1186 1064 εἵνεκα.

855 1075 1066 1118 διέκπλοον
1128 1080 1171 1121 δὲ
1220 1081 1461 1136 ὑπόφαυσιν

796 1131 1025 1184 κατέλιπον]
1064 1137 1210 1177 Vocem
1230 1140 1464 1194 ’ὑπόφαυσιν

797 1201 847 1224 ex
865 1190 1008 1228 Ezech.
1031 1194 1133 1243 XLI,
1160 1199 1209 1237 16
1236 1201 1364 1251 citant,
1395 1206 1462 1242 ubi

788 1244 970 1295 fenestrae
1003 1249 1113 1287 lucem
1139 1254 1361 1296 admittentis
1386 1274 1461 1299 no-

794 1302 940 1341 tionem
960 1303 1097 1356 habet3
1117 1309 1246 1362 itaque
1263 1311 1339 1352 h.l.
1354 1317 1461 1358 διέκ-

792 1361 915 1407 πλοος
943 1357 1175 1413 ’ὑπόφαυσις
1200 1369 1270 1406 erit
1293 1372 1459 1411 interce-

790 1422 902 1465 ptum
935 1421 1103 1469 spatium
1133 1429 1171 1460 et
1189 1438 1368 1477 vacuum,
1389 1445 1458 1482 per

790 1473 896 1523 quod
922 1473 1194 1526 ’ὑποφαίνεται
1224 1482 1457 1539 adparetque

787 1529 868 1577 lux,
889 1539 1044 1570 auctore
1072 1535 1242 1576 petavio.
1300 1543 1456 1583 Reiskio

789 1585 997 1636 διέκπλοος
1029 1590 1205 1631 adiectivi
1233 1596 1320 1635 loco
1351 1604 1456 1651 posi-

786 1649 872 1679 tum
895 1645 1059 1685 videtur.
1108 1651 1302 1702 Equidem
1320 1659 1453 1697 malim

787 1713 879 1737 cum
900 1701 1216 1755 Schweighaeus.
1242 1711 1453 1756 διέκπλοον

784 1770 854 1807 pro
884 1760 1119 1799 substantivo
1149 1763 1313 1818 habere,
1347 1773 1451 1822 quod

782 1827 852 1863 per
880 1819 1178 1868 appositionem,
1219 1831 1260 1860 ut
1298 1837 1449 1877 vocant,

783 1871 891 1907 alteri
919 1876 1068 1911 nomini
1084 1877 1259 1916 iunctum
1281 1883 1338 1930 sit,
1358 1898 1448 1922 eum

780 1927 860 1963 fere
898 1929 937 1964 in
976 1931 1158 1970 modum:
1215 1937 1444 1992 ,.senestram,

781 1987 984 2032 aperturam
1012 1989 1241 2041 reliquerunt,
1264 2007 1363 2046 quae
1384 2012 1445 2036 es-

756 2080 758 2085 ,
779 2045 836 2076 set
861 2039 1080 2093 διέκπλοος,
1101 2046 1141 2083 id
1163 2055 1229 2096 est,
1265 2065 1364 2102 quae
1384 2056 1446 2092 in-

780 2097 936 2135 serviret
952 2098 1136 2154 διέκπλῳ,
1162 2117 1261 2156 quae
1280 2111 1444 2149 minori-

779 2152 850 2189 bus
888 2157 1049 2207 navigiis
1084 2162 1283 2209 praeberet
1320 2173 1445 2207 traus-

776 2209 1108 2252 itumffflarchero
1123 2217 1146 2255 δ
1148 2216 1329 2269 ιέκπλοος
1338 2222 1444 2266 ὑπό-

779 2281 927 2315 φαυσις
962 2278 1017 2308 est
1053 2286 1142 2320 „un
1179 2289 1336 2329 passage
1377 2284 1443 2334 qui

777 2322 906 2361 donne
932 2338 1010 2364 aux
1027 2331 1224 2370 vaisseaux
1251 2335 1288 2372 la
1307 2337 1443 2377 liberte

776 2378 823 2416 de
842 2394 972 2432 passer
992 2392 1029 2421 et
1049 2385 1097 2423 de
1125 2395 1336 2440 repasser.“

828 2437 896 2477 καὶ
926 2443 1094 2491 τριχοῦ]
1136 2445 1162 2481 i.
1185 2460 1218 2484 e.
1249 2462 1293 2486 ac
1325 2452 1436 2490 tribus

772 2495 909 2543 quidem
945 2497 1030 2535 locis
1057 2503 1224 2550 spatium
1246 2507 1325 2545 scil.
1348 2508 1437 2545 reli-

770 2559 936 2601 querunt
979 2568 1158 2596 vacuum.
1218 2561 1291 2598 Ubi
1332 2566 1435 2615 quod

769 2609 1007 2659 suspicantur
1041 2617 1177 2664 τριχοῦ
1204 2619 1435 2658 mutandum

768 2663 808 2699 in
839 2665 1032 2718 τριηρέων
1054 2671 1185 2722 (quod
1215 2675 1330 2711 etiam
1350 2678 1435 2727 pla—

769 2727 828 2757 cet
857 2724 938 2760 viro
973 2723 1087 2762 docto
1124 2728 1164 2763 in
1199 2729 1432 2781 Angemein.

766 2777 923 2816 Literat.
954 2782 1050 2820 Zeit.
1075 2783 1102 2818 1.
1129 2783 1174 2832 l.)
1205 2788 1264 2822 vel
1292 2788 1428 2839 legen—

768 2832 863 2870 dum
884 2835 950 2874 καὶ
971 2837 1165 2890 τριηρέων
1192 2846 1350 2893 τριχοῦ,
1386 2857 1425 2886 ut

765 2902 895 2929 seusus
913 2893 987 2930 sit:
1028 2897 1187 2944 spatium
1214 2900 1426 2951 reliquerunt

1044 2953 1098 2991 32
1120 2949 1145 2973 '³²'
