1851 3181
422 223 505 262 412
819 222 1288 262 HERODOTI

421 329 574 382 ἐοῦσα,
605 326 690 372 εἶδε
723 328 829 380 ὄψιν
858 330 904 373 ἐν
933 335 994 388 τῷ
1022 330 1171 391 ὕπνῳ,
1202 331 1346 377 ἐδόκεε
1374 333 1420 377 δὲ
1449 333 1606 377 λέοντα
1627 351 1692 379 τε-

421 401 538 440 κεῖν·
569 396 642 439 καὶ
668 396 761 452 μετ’
791 397 941 454 ὀλίγας
972 399 1134 457 ἡμέρας
1162 402 1293 445 τίκτει
1328 400 1545 456 Περικλέα
1573 403 1690 452 Ξαν-

419 465 584 522 θίππῳ.

260 532 358 576 132
503 529 630 573 Μετὰ
681 531 727 576 δὲ
777 533 827 576 τὸ
866 533 913 576 έν
952 537 1208 589 Μαραθῶνι
1245 538 1397 591 τρῶμα
1436 535 1688 593 γενόμενον,

86 594 317 656 ᾖθξῐζξέξξίζζ
395 645 403 659 X
422 597 667 654 Μιλτιάδης
719 601 793 643 καὶ
841 600 1057 656 πρότερον
1098 602 1364 659 εὐδοκιμέων
1412 606 1532 658 παρὰ
1565 602 1689 662 Ἀθη-

85 663 246 690 Miltiades
257 685 265 698 ⁷
286 663 346 690 iam

86 696 249 732 plurimum
271 698 362 724 Athe-

85 729 132 757 nis
148 731 277 765 pollens!⁷
297 739 345 758 ac·

84 768 177 826 ἱελῃῐΧει
195 764 294 803 classe

184 806 319 833 navium,

397 668 613 719 Ξναίοισι,
645 667 740 711 τότε
770 671 935 723 μᾶλλον
966 670 1129 723 αὔξετο.
1171 671 1348 726 αἰτήσας
1379 670 1425 714 δὲ
1444 672 1545 722 νέας
1575 671 1745 728 ἓβδο-45

420 734 615 792 μήκοντα
645 735 718 778 καὶ
761 737 969 793 στρατιήν
1007 754 1052 781 τε
1086 739 1160 781 καὶ
1199 737 1393 794 χρήματα
1420 738 1525 788 τοὺς
1561 737 1688 794 Ἀθη-

417 805 592 854 ναίους,
630 801 684 846 οὐ
716 803 891 858 φράσας
921 817 1000 861 σφι
1038 803 1104 848 ἐπ’
1145 805 1201 862 ἢν
1232 805 1580 860 ἐπιστρατεύεται
1607 806 1687 863 χώ-

417 887 521 927 ρην,
553 869 662 914 ἄλλα
694 872 779 927 φὰς
810 870 971 924 αὐτούς
1000 876 1352 927 καταπλουτιεῖν,
1392 873 1449 931 ἤν
1481 875 1525 918 οἱ
1553 874 1687 918 ἕπων-

414 954 506 982 ται·
545 939 613 982 ἐπὶ
643 938 727 995 γάρ
765 939 913 995 χώρην
947 940 1154 996 τοιαύτην
1188 941 1240 996 δή
1270 957 1367 983 τινα
1397 941 1536 995 ἄξειν,
1578 940 1686 985 ὅθεν

414 1007 581 1063 χρυσόν
611 1005 819 1059 εὐπετέως
849 1007 1055 1063 ἄφθονον
1086 1009 1303 1051 οἴσονται·
1335 1008 1472 1064 λέγων
1491 1014 1686 1063 τοιαῦτα,

386 1078 533 1119 δαῖτεε
571 1077 647 1126 τας
680 1076 796 1127 νέας.
853 1075 1079 1131 Ἀθηναῖοι
1110 1076 1156 1119 δὲ
1185 1075 1378 1120 τούτοισι
1412 1076 1743 1130 ἐπαρθέντες-,50

255 1150 353 1194 133
412 1144 674 1199 παρέδοσαν.
734 1144 1016 1199 Παραλαβὼν
1045 1144 1091 1187 δὲ
1120 1144 1144 1188 ὁ
1171 1144 1419 1201 Μιλτιάδης
1446 1145 1528 1202 τήν
1558 1157 1686 1201 στρα-

79 1213 192 1242 Pafum
205 1215 352 1242 ³d¹¹fi¹¹ffi
411 1211 532 1268 τιήν,
563 1211 683 1255 ἔπλεε
713 1210 782 1254 ἐπὶ
816 1210 996 1265 Πάρον,
1027 1212 1256 1267 πρόφασιν
1286 1212 1396 1267 ἔχων
1427 1210 1487 1263 ὥς
1517 1215 1561 1256 οἱ
1591 1211 1684 1256 Πά-

81 1248 180 1276 Pariis
190 1248 314 1275 fortis-si·

79 1257 354 1319 resistentibus,³¹e
414 1296 502 1335 ριοι
551 1280 753 1335 ὑπῆρξαν
794 1278 1000 1334 πρότεροι
1047 1278 1383 1335 στρατευόμενοι
1428 1280 1594 1336 τριήρεϊ
1640 1279 1684 1331 ἐς

354 1480 549 1528 Fragmm.
578 1491 616 1529 p.
642 1480 688 1518 11
715 1485 751 1515 et
770 1476 1019 1514 Friedeman-

355 1537 395 1571 ni
424 1534 663 1572 Additamm.
696 1536 735 1570 in
756 1536 913 1574 Miscell.
944 1537 1019 1572 cri-

354 1593 440 1629 tico.
461 1593 509 1640 ΙΙ,
530 1593 555 1631 4
575 1605 661 1643 pag.
685 1592 780 1632 755.

413 1645 492 1687 εἶδε
508 1644 606 1698 ὄψιν
627 1649 669 1688 ἐν
687 1650 742 1701 τῷ
770 1643 914 1701 ὕπνῳ]
958 1648 1016 1686 Cf.

352 1706 415 1752 VI,
429 1708 523 1746 107.
552 1704 736 1742 Eiusdem
756 1706 894 1741 somnii
905 1718 1018 1741 men-

351 1763 404 1798 tio
445 1761 548 1812 apud
586 1759 781 1798 Plutarch.
811 1762 948 1798 Pericl.
989 1765 1013 1802 3

349 1819 520 1870 itemque
542 1820 581 1854 in
603 1817 784 1865 scholio,
818 1817 921 1868 quod
944 1831 1014 1854 ex-

350 1873 461 1912 hibui
482 1877 521 1912 in
543 1882 713 1912 annotat.
750 1874 799 1911 ad
819 1873 1013 1911 Plutarch.

350 1931 537 1969 Alcibiad.
567 1945 656 1982 pag.
690 1931 783 1979 151,
813 1931 877 1967 ubi
905 1932 1014 1981 plura

352 1988 400 2025 de
430 1989 536 2026 leonis
573 1990 741 2039 imagine
771 2001 790 2024 a
824 1989 1015 2025 veteribus

350 2059 463 2096 saepe
512 2044 680 2082 adhibita
718 2046 759 2081 in
799 2045 1011 2082 sublimiori

349 2103 421 2138 viri
442 2102 639 2139 cuiusdam
659 2101 790 2138 indole
803 2103 1010 2154 animoque

349 2158 575 2205 indicando,
605 2166 648 2196 ut
677 2171 791 2209 supra
817 2160 846 2205 Ι,
868 2160 934 2198 84.
964 2159 1009 2207 V,

348 2217 404 2256 92
425 2216 460 2262 §,
477 2218 503 2254 2
523 2214 700 2252 vidimus.
743 2217 801 2250 De
831 2216 1011 2265 Megaclis

350 2278 464 2323 atque
477 2272 673 2322 Agaristae
684 2272 812 2322 stirpe,
834 2270 881 2307 ad
895 2285 1011 2323 quam

348 2329 529 2378 pertinuit
567 2329 752 2374 Pericles,
801 2326 878 2366 vid.
914 2335 1011 2365 nott.

350 2383 399 2421 ad
430 2383 627 2421 Plutarch.
665 2385 790 2420 Alcib.
821 2397 859 2434 p.
894 2384 946 2424 57
975 2390 1011 2420 et

348 2440 521 2478 Boeckh.
540 2442 747 2492 Explicatt.
777 2439 826 2476 ad
854 2439 1009 2477 Pindar.

347 2497 462 2549 Pyth.
483 2498 564 2545 VII,
586 2499 714 2548 9302
735 2509 838 2548 seqq.
872 2496 940 2533 Cr.
962 2496 1011 2533 ad

349 2553 442 2592 haec
472 2555 603 2591 referri
631 2555 711 2591 vult
742 2555 791 2589 H.
826 2554 948 2590 Vales.
969 2555 1009 2589 in

345 2619 442 2650 nott.
477 2611 664 2648 Maussaci
698 2609 747 2647 ad
784 2611 1007 2660 Harpocrat.

346 2682 383 2719 p.
401 2671 481 2709 213
502 2681 580 2720 seq.

517 2725 610 2775 Cap.
640 2723 836 2760 CXXXII.

404 2778 522 2820 Μετοέ
550 2779 592 2820 δὲ
622 2778 908 2832 τό-τρῶμα]
949 2781 1006 2817 De

347 2836 416 2875 hac
435 2851 529 2876 voce
558 2838 658 2874 conf.
690 2839 720 2884 1,
747 2839 808 2877 18.
840 2837 904 2882 lV,
929 2840 1007 2878 160

1074 1476 1204 1529 ibique
1237 1483 1334 1513 nott.
1364 1476 1447 1525 VH,
1476 1479 1573 1518 233.
1631 1476 1737 1522 Quae

1073 1535 1152 1570 iam
1173 1540 1398 1585 sequuntur,
1417 1535 1532 1584 paulo
1543 1535 1651 1570 aliter
1658 1541 1738 1570 tra-

1076 1590 1219 1627 duntur
1257 1604 1279 1627 a
1318 1591 1495 1627 Cornelio
1525 1592 1673 1641 Nepote
1695 1591 1736 1626 in

1073 1646 1235 1683 Miltiad.
1271 1649 1308 1694 7,
1350 1660 1468 1698 quem
1498 1660 1547 1683 ex
1577 1646 1735 1698 Ephoro

1073 1717 1142 1740 sua
1161 1705 1337 1740 sumsisse
1357 1704 1597 1741 arbitrantur.
1646 1702 1734 1742 Vid.

1069 1758 1217 1810 Ephori
1252 1760 1432 1810 fraglmn.
1470 1773 1508 1810 p.
1539 1762 1621 1800 212
1653 1773 1734 1812 seq.

1070 1818 1194 1853 Marx.
1253 1818 1299 1852 Iu
1333 1817 1399 1852 tali
1431 1829 1522 1853 vero
1563 1815 1733 1853 dissensu

1072 1873 1239 1910 Cornelii
1259 1874 1414 1923 Nepotis
1423 1874 1517 1909 vitas
1528 1885 1618 1909 cum
1637 1885 1734 1910 cau—

1070 1931 1174 1967 tione
1195 1928 1362 1981 quadam
1388 1927 1622 1966 adhibendas
1654 1942 1733 1966 esse
1779 1923 1781 1925 i

1070 1994 1172 2023 recte
1192 1987 1344 2023 monuit
1366 1985 1605 2023 Broendsted
1631 1987 1732 2025 Reis.

1066 2057 1106 2082 u.
1139 2041 1367 2081 Untersuch.
1394 2044 1414 2078 Ι
1440 2057 1479 2093 p.
1501 2045 1552 2082 71
1568 2071 1578 2091 ‚
1599 2043 1666 2079 ubi
1686 2055 1731 2080 ea

1066 2102 1168 2151 ipsa,
1200 2112 1298 2152 quae
1317 2098 1358 2136 h.
1378 2100 1404 2136 l.
1428 2106 1630 2136 narrantur
1659 2100 1731 2136 ali-

1067 2164 1124 2194 ter
1144 2164 1258 2209 atque
1278 2155 1380 2206 apud
1402 2156 1623 2192 Cornelium
1642 2163 1729 2192 tan-

1067 2215 1133 2264 git.
1176 2235 1233 2240 -—
1297 2214 1373 2249 Pro
1413 2208 1730 2264 ἐπιστρατεύεται

1066 2268 1203 2306 Matth.
1234 2267 1337 2305 dedit
1375 2264 1727 2319 ἐπιστρατεύσεται,

1068 2339 1158 2363 cum
1179 2327 1216 2361 in
1232 2324 1423 2362 Saucrofti
1442 2326 1537 2362 libro
1551 2326 1727 2362 invenia-

1066 2390 1129 2419 tur
1150 2377 1437 2433 στρατεύσεται,
1457 2382 1498 2418 in
1518 2394 1596 2419 uno
1616 2383 1728 2418 Pari-

1065 2440 1148 2475 sino
1188 2434 1546 2490 ἐπιστρατεύσηται.
1630 2437 1726 2475 Mihi

1066 2508 1143 2532 non
1184 2508 1278 2546 opus
1326 2494 1477 2532 videtur
1513 2494 1726 2547 quidquam

1065 2558 1227 2588 mutare.
1249 2574 1305 2578 —
1340 2550 1404 2588 Ad
1424 2552 1588 2589 formam
1607 2552 1724 2588 futuri

1066 2611 1389 2655 καταπλουτιεῖν,
1421 2609 1469 2645 cf.
1498 2607 1634 2645 Matth.
1656 2609 1723 2645 Gr.

1066 2667 1132 2702 Gr.
1153 2678 1241 2716 pag.
1263 2664 1344 2706 324
1365 2671 1401 2701 et
1421 2664 1469 2702 ad
1484 2663 1724 2717 ἐπαρθέντες

1067 2722 1197 2769 (elati,
1229 2723 1410 2773 commoti)
1443 2724 1472 2765 1,
1494 2724 1560 2762 87.
1586 2722 1630 2768 V,
1652 2723 1719 2761 91.

1064 2780 1151 2815 Alia
1182 2777 1286 2816 dabit
1298 2777 1409 2819 Held.
1438 2777 1487 2815 ad
1524 2777 1719 2816 Plutarch.

1063 2836 1208 2873 Timol.
1234 2838 1282 2876 16
1302 2849 1387 2887 pag.
1398 2834 1492 2876 421-
