1834 3258
559 206 863 244 ERATO.
920 207 995 245 VI.

1327 209 1408 249 391

0 323 82 369 [17
145 316 214 361 'Ev
250 314 384 371 ταύτῃ
423 316 477 371 τῇ
514 314 562 358 ἐν
599 317 855 369 [Μαραθῶνι
896 314 1012 374 μάχῃ
1053 313 1284 360 ἀπέθανον
1322 319 1412 360 τῶν

145 381 382 442 βαρβάρων
411 382 521 424 κατὰ
549 381 860 438 ἑξακισχιλίους
888 384 963 428 καὶ
992 385 1301 439 τετρακοσίους
1334 384 1408 427 ἄν·

145 454 272 506 δρας·
298 447 544 505 Ἀθηναίων
576 450 644 499 δὲ,
686 451 843 494 ἑκατόν
882 452 1171 510 ἐννενήκοντα
1211 453 1286 496 καὶ
1315 451 1410 496 δύο.

117 518 304 563 2ἔπεσον
334 518 412 572 μὲν
443 519 705 574 ἀμφοτέρων
722 522 938 563 τοσοῦτοι.
996 519 1239 576 Συνήνεικε
1260 521 1306 564 δὲ
1331 518 1438 564 oni-9
1467 519 1626 547 acssidffl'lt·

141 584 240 630 τόθι
261 588 422 641 θῶυμα
440 585 645 640 γενέσθαι
666 587 838 632 τοιόνδε
851 603 860 612 ·
886 585 1121 644 Ἀθηναῖον
1139 587 1280 644 ἄνδρα
1298 587 1409 631 Ἐπί·
1465 589 1547 633 493

140 657 271 710 ζηλον
298 653 377 696 τὸν
405 653 710 710 Κουφαγόρεω
740 655 787 698 έν
822 658 876 712 τῇ
919 655 1124 700 συστάσει
1161 651 1410 712 μαχόμενόν

139 737 184 765 τε
212 721 285 765 καὶ
315 721 457 776 ἄνδρα
484 722 720 778 γινόμενον
750 722 923 779 ἀγαθόν
959 728 1049 767 τῶν
1080 722 1288 779 ὀμμάτων
1319 735 1408 768 στε-

138 794 352 845 ρηθῆναι,
386 789 487 833 οὕτε
516 792 733 847 πληγέντα
774 790 906 835 ου’δὲν
935 794 1018 835 τοῦ
1048 791 1269 846 σώματος,
1308 792 1410 835 οὔτε

138 858 379 914 βληθέντα·
416 858 491 901 καὶ
530 857 580 902 τό
621 858 778 903 λοιπόν
814 863 891 915 τῆς
931 859 1030 915 ζόης
1060 860 1291 904 διατελέειν
1319 858 1407 903 ἀπὸ

108 925 304 970 3τούτου
333 929 416 970 τοῦ
444 927 611 982 χρόνου
640 925 767 972 ἐόντα
795 926 976 984 τυφλόν.
1024 930 1164 982 λέγειν
1195 928 1242 972 δὲ
1272 926 1408 971 αὐτὸν
1420 932 1462 967 15

136 995 237 1050 περὶ
268 997 348 1037 τοῦ
375 994 541 1046 πάθεος
567 993 736 1052 ἤκουσα
765 994 937 1039 τοιόνδε
966 995 1064 1038 τινα
1081 997 1227 1051 λόγον.
1265 995 1407 1049 ἄνδρα

137 1064 181 1107 οἱ
219 1061 390 1106 δοκέειν
433 1062 616 1119 ὁπλίτην
656 1061 908 1119 ἀντιστῆναι
952 1063 1110 1120 μέγαν,
1147 1066 1229 1107 τοῦ
1259 1064 1309 1106 τὸ
1338 1063 1406 1119 γέ-

75 1227 228 1264 inhibere
244 1239 353 1265 naves
372 1240 402 1264 ε.
415 1227 560 1264 navium
577 1237 738 1271 cursum3

73 1283 123 1322 cf.
143 1284 225 1333 VII,
248 1286 341 1324 100.
373 1286 466 1324 168.

275 1374 369 1425 Cap.
392 1372 545 1411 CXVII.

131 1450 231 1493 κατοὲ
267 1451 587 1504 ἑξακισχιλίους]
647 1449 733 1491 vid.

74 1509 210 1548 Matth.
233 1511 299 1548 Gr.
322 1512 386 1549 Gr.
409 1523 496 1561 pag.
523 1507 642 1557 1154,
665 1509 733 1560 qui

72 1566 177 1604 idem
212 1580 301 1618 pag.
333 1570 439 1608 1293
480 1565 735 1603 consulendus

73 1623 123 1661 ad
159 1631 387 1662 structuram
416 1625 520 1661 vocis
548 1625 734 1662 τοσοῦτοι

70 1682 112 1718 in
127 1682 384 1733 sequentibus,
404 1681 490 1728 ubi,
522 1680 571 1717 cf.
593 1682 733 1717 Sti-uve

72 1738 188 1789 Spec.
208 1739 263 1775 III
291 1752 331 1789 p.
350 1740 414 1787 10,
436 1739 586 1787 θῶυμα
617 1749 733 1787 repo—

72 1796 131 1832 sui
150 1808 218 1846 pro
239 1798 376 1846 θῶμα.
434 1795 627 1831 Obtrectat
651 1795 734 1829 He-

73 1850 208 1889 rodoto
219 1849 446 1888 Plutarchus
465 1852 502 1886 II
521 1864 560 1901 p.
574 1853 657 1891 862
669 1851 733 1899 D.,

72 1907 179 1959 quod
206 1915 287 1945 tam
315 1909 502 1956 exiguum
537 1919 734 1943 caesorum

71 1965 278 2001 Persarum
291 1963 499 2015 prodiderit
514 1976 734 2010 numerum²

73 2020 122 2058 de
142 2020 435 2058 Atheniensium
459 2021 579 2071 gloria
607 2018 735 2056 detra-

72 2085 212 2116 cturus.
269 2080 445 2129 Namque
475 2084 641 2113 oratores
660 2077 735 2112 At-

72 2135 166 2172 ticos
185 2133 388 2186 postmodo
407 2134 572 2170 nimium
585 2134 734 2169 auxisse

70 2204 279 2229 numerum
289 2193 492 2228 Persarum
511 2191 553 2226 in
574 2188 647 2226 hac
658 2203 734 2240 pu·-

71 2261 149 2299 gna
178 2261 396 2295 caesorum,
427 2248 556 2284 multis
584 2252 732 2284 constat

72 2306 305 2342 testimoniis.
363 2304 448 2342 vid.
476 2303 614 2341 Suidas
641 2317 670 2342 s.
692 2317 731 2341 v.

73 2362 246 2412 Ποικίλη
267 2362 318 2399 Τ.
338 2364 391 2398 ΙΙΙ
420 2375 458 2412 p.
480 2364 575 2402 228.
596 2361 730 2398 lustin.

70 2419 118 2466 ΙΙ,
160 2421 185 2459 9
227 2419 264 2465 ξ.
304 2421 358 2458 20
397 2419 526 2470 ibique
558 2418 731 2454 D‘ubner.

71 2476 199 2525 Ipsam
219 2487 394 2525 pugnam
405 2473 565 2512 Athenis
577 2476 618 2511 in
638 2487 731 2524 por-

72 2533 162 2579 ticu,
185 2533 246 2568 cui
266 2544 411 2568 nomen
431 2533 598 2580 Poecile,
621 2530 731 2581 depi-

76 2595 176 2625 ctam
212 2588 345 2636 fuisse,
393 2601 506 2638 supra
551 2587 732 2636 diximus,

76 2651 170 2682 teste
190 2645 396 2692 Pausan.I‚
415 2644 480 2690 15,
495 2643 531 2689 4,
553 2646 614 2682 cui
634 2643 733 2681 adde

76 2702 124 2739 sis
151 2703 251 2739 Plin.
273 2703 322 2738 H.
343 2703 389 2740 N.
412 2702 576 2749 XXXV,
597 2704 622 2742 8
646 2702 734 2739 coll.

75 2758 180 2796 Pers.
209 2759 320 2797 Satir.
349 2759 416 2795 llI.
447 2758 513 2799 53.
570 2755 735 2794 Atheni-

78 2816 226 2854 ensibus
246 2828 348 2865 νει-ο,
371 2815 437 2869 qui
457 2816 498 2852 in
516 2827 648 2867 pugna
668 2827 735 2853 oc-

796 1226 964 1264 cubuere
981 1254 991 1274 ,
1011 1225 1206 1262 tumulum
1227 1236 1463 1261 monumen—

795 1289 958 1335 tumque
997 1289 1168 1318 erectum
1199 1283 1314 1318 fuisse
1344 1280 1460 1317 tradit

793 1339 900 1377 idem
928 1340 1032 1377 testis
1059 1339 1267 1376 Pausanias
1294 1339 1324 1385 Ι,
1347 1340 1400 1378 32
1423 1339 1461 1383 ξ.

793 1399 820 1438 3
840 1396 881 1434 id
901 1395 1006 1449 quod
1035 1397 1264 1433 recentiores
1292 1395 1462 1445 peregri-

791 1460 966 1502 natm-es,
997 1453 1039 1489 iu
1060 1453 1199 1505 quibus
1233 1453 1307 1488 cito
1334 1463 1460 1487 unum

793 1509 1054 1548 Chandlerum
1074 1511 1202 1555 (Reise
1226 1506 1324 1545 nach
1346 1509 1458 1544 Grie-

791 1567 984 1605 chenland
1012 1579 1096 1617 cap.
1131 1566 1283 1603 XXXV
1313 1579 1351 1616 p.
1375 1567 1454 1604 231

790 1638 911 1677 seqq„
933 1626 998 1661 ubi
1018 1622 1280 1661 Marathonius
1297 1633 1456 1670 campus

791 1681 1028 1728 describitur,
1043 1695 1082 1731 p.
1094 1681 1203 1730 235)
1226 1681 1274 1717 G.
1287 1677 1335 1715 de
1349 1678 1457 1715 Vau-

790 1737 978 1776 doncourt
999 1736 1277 1786 (Schilderung
1298 1734 1336 1771 d.
1357 1733 1456 1770 heu-

790 1797 858 1845 tig.
890 1793 1191 1832 Griechenlands
1212 1806 1289 1830 von
1309 1789 1454 1840 Bergk.

789 1865 878 1902 pag.
899 1850 981 1892 224
1002 1864 1109 1902 seqq.
1129 1849 1176 1887 de
1196 1848 1331 1886 iisdem
1347 1860 1455 1884 cam-

789 1910 847 1958 pis
877 1908 1157 1944 accuratissime
1186 1912 1385 1956 agentem,
1418 1910 1455 1940 et

789 1977 879 2015 pag.
923 1966 1004 2003 226
1035 1962 1082 2000 de
1123 1962 1299 2010 tumulis)
1337 1967 1453 2011 atque

791 2019 1149 2070 Stackelbergium‚
1202 2018 1451 2055 affirmarunt.

791 2078 946 2115 Confer.
974 2083 1072 2113 nott.
1095 2076 1145 2113 ad
1166 2077 1228 2124 vl,
1254 2077 1347 2114 102.
1407 2074 1453 2109 In

791 2135 959 2171 clausula
980 2132 1134 2181 addam,
1154 2133 1336 2183 Hippiam
1357 2143 1451 2183 quo-

789 2204 866 2243 que
885 2192 925 2226 in
936 2188 1007 2226 hac
1028 2203 1159 2241 pugna
1182 2187 1371 2235 cecidisse,
1392 2194 1452 2224 te-

787 2256 843 2286 ste
862 2248 1006 2284 Iustino
1027 2248 1053 2283 l.
1074 2248 1101 2284 l.
1131 2254 1246 2299 atque
1267 2246 1451 2282 Cicerone

787 2304 836 2342 ad
855 2305 971 2342 Attio.
991 2305 1060 2352 IX,
1085 2306 1148 2351 10,
1165 2317 1186 2340 a
1208 2315 1283 2355 quo
1305 2301 1452 2338 dissen-

786 2363 832 2400 tit
853 2360 991 2399 Suidas
1023 2374 1053 2398 s.
1085 2374 1123 2398 v.
1150 2359 1259 2399 Ἱππ.
1280 2359 1331 2396 Τ.
1351 2359 1386 2393 II
1412 2370 1451 2408 p.

790 2417 882 2460 142.
903 2440 959 2446 —-—
989 2418 1034 2454 In
1055 2430 1161 2469 seqq.
1184 2429 1301 2468 quem
1322 2416 1448 2451 Hero-

787 2474 899 2512 dotus
937 2475 1141 2525 Epizelum
1187 2473 1353 2524 appellat
1369 2500 1378 2518 ‚
1408 2471 1448 2506 in

786 2529 995 2569 Plutarcho
1016 2533 1051 2567 II
1067 2545 1106 2582 p.
1128 2530 1210 2572 305
1233 2531 1275 2567 C.
1290 2533 1449 2567 vocatur

789 2589 1006 2640 Polyzelus‚

847 2644 975 2696 ἄνδρα
1000 2638 1215 2696 γινόμενον
1260 2636 1446 2691 ιῖγαθὸν]

792 2702 900 2739 Cous.
922 2707 1016 2738 nott.
1039 2699 1087 2736 ad
1110 2700 1155 2745 V,
1178 2703 1216 2739 2.
1266 2696 1327 2733 Ad
1349 2703 1449 2732 tem—

790 2772 930 2810 porum
950 2759 1111 2794 rationes
1132 2756 1169 2791 in
1191 2767 1297 2806 seqq.
1321 2752 1450 2789 inlini-

792 2816 877 2855 tivis
900 2807 1451 2868 (στερηθῆναι-διατελέειν)

1469 316 1551 350 Quot
1570 316 1711 350 utrinque

1468 351 1498 378 ἰιι
1518 359 1620 386 pugna
1639 351 1745 378 Mara-

1464 384 1574 412 thonia
1583 384 1744 412 interfecti

1466 418 1542 445 sint:
1571 419 1638 453 quid
1666 427 1702 445 ue

1469 453 1596 486 Epizelo
1620 454 1653 479 Αῐ
1669 461 1710 479 ιε-

1468 486 1566 513 niensi
1587 485 1617 512 in
1637 486 1744 515 eadem
