1851 3181
141 1185 207 1219 Quo
226 1182 331 1212 ordine

463 259 546 300 53⁰

878 246 1343 286 HERODOTI

437 363 727 421 Ξστορνύντες
775 358 856 415 τήν
897 356 1017 402 ὁδόν.
1078 353 1138 406 ὥς
1176 352 1218 398 δ’
1253 353 1500 398 ἐπανέτελλε
1541 353 1564 397 ὁ
1595 352 1728 408 ἣλιος,

466 435 664 479 σπένδων
694 429 740 472 ἐκ
769 427 954 484 χρυσέης
985 423 1145 480 φιάλης
1184 423 1346 480 Ξέρξης
1377 422 1422 473 ἐς
1449 421 1530 478 τήν
1558 420 1730 465 θάλασ-

467 514 548 546 σαν
567 534 577 552 ,
629 497 774 552 εὔχετο
815 493 928 549 πρὸς
957 492 1037 536 τόν
1066 493 1216 549 ἥλιον,
1246 492 1459 548 μηδεμίαν
1489 492 1532 533 οἷ
1569 493 1758 533 συντυ-5

466 572 562 627 χίην
591 563 798 620 τοιαύτην
827 561 1054 618 γενέσθαι,
1084 561 1113 616 ἥ
1144 576 1221 616 μιν
1250 559 1408 603 παύσει
1437 555 1734 610 καταστρέψα-

467 643 572 681 σθαι
609 633 690 690 τήν
727 630 950 686 Εὐρώπην
991 625 1207 683 πρότερον
1252 627 1373 683 ἢέπὶ
1410 627 1589 680 τέρμασι
1619 628 1734 667 τοῖσι

445 704 644 757 3ἐκείνης
681 700 868 756 γένηται.
931 695 1164 752 εὐξάμενος
1194 697 1264 748 δὲ,
1309 694 1483 750 ἐσέβαλε
1522 692 1602 748 τήν
1632 689 1735 747 φιά-

467 777 547 828 λην
577 770 619 820 ἐς
639 767 715 812 τόν
741 765 1084 823 Ἑλλήσποντον,
1117 765 1190 808 καὶ
1210 761 1399 820 χρύσεον
1422 766 1631 817 κρητῆρα,
1661 758 1735 802 καὶ

438 835 687 893 4Περσικὸν
717 837 854 892 ξίφος,
885 835 964 878 τόν
994 830 1210 888 ἀκινάκην
1239 831 1457 875 καλέουσι.
1486 832 1625 871 ταῦτα
1654 823 1793 870 obulo

470 908 549 963 ἔχω
581 904 793 961 ἀτρεκέως
834 906 1055 957 διακρῖναι
1067 933 1078 953 ,

1131 899 1233 944 οὔτε
1270 901 1307 943 εἰ
1344 901 1406 956 τῷ
1445 893 1553 955 ἡλίῳ
1594 893 1737 938 ἀνατι-

468 976 561 1026 θεὶς
589 977 749 1029 κατῆκε
780 972 822 1023 ἐς
851 971 901 1015 τὸ
931 963 1141 1025 πέλαγοὲ,
1200 967 1301 1012 οὔτε
1339 968 1374 1010 εἰ
1413 961 1666 1022 με’τεμέλησέ
1695 962 1739 1004 οἱ

469 1044 547 1087 τὸν
582 1041 904 1097 Ἑλλήσποντον
943 1037 1286 1095 μαστιγώσαντι,
1326 1034 1400 1078 καὶ
1442 1032 1540 1076 ἀντὶ
1569 1028 1740 1074 τούτων

343 1117 408 1163 55
465 1110 547 1167 τήν
561 1110 791 1154 θάλασσαν
807 1105 1026 1162 ἐδωρέετο.
1072 1105 1149 1156 Ὡς
1180 1104 1225 1148 δὲ
1254 1100 1392 1147 ταῦτα’
1419 1102 1464 1144 οἷ
1492 1099 1738 1154 ἐπεποίητο,
1752 1101 1794 1134 15

472 1178 696 1236 διέβαινον
724 1175 833 1221 κατὰ
863 1174 944 1232 μὲν
974 1173 1055 1230 τήν
1084 1173 1237 1229 ἑτέρην
1273 1174 1363 1214 τῶν
1392 1167 1623 1225 γεφυρέων
1658 1163 1740 1219 τὴν

412 1396 541 1450 phiala
562 1401 617 1432 est
628 1407 750 1441 aurea,
771 1391 921 1430 videtur
931 1404 1082 1429 sacrum

416 1453 512 1491 illud
532 1465 610 1489 esse
630 1453 833 1488 Persarum
862 1462 945 1496 vas,
976 1447 1082 1500 quod

419 1524 488 1548 rex
507 1509 682 1546 manibus
702 1515 834 1543 tenens
855 1518 960 1542 sacra
978 1506 1081 1552 facit,

422 1579 576 1620 quoque
609 1562 793 1602 Ormuzdi
822 1563 994 1599 minister
1029 1562 1082 1598 si-

420 1623 632 1675 gnificatur.
690 1622 841 1657 Nomen
860 1620 915 1655 illi
934 1618 1080 1667 Ηαυαη,

418 1684 444 1717 i.
467 1694 498 1716 e.
529 1679 734 1730 poculum,
783 1682 877 1712 teste
916 1676 1081 1712 Heeren.

418 1736 476 1775 Id.
499 1738 534 1781 Ι,
563 1738 581 1775 1
599 1748 639 1786 p.
658 1735 753 1779 233,
776 1733 841 1784 qui
851 1730 951 1768 hanc
971 1729 1083 1781 phia-

420 1795 499 1831 lam
519 1804 587 1843 pro
608 1790 756 1842 piaculo
777 1790 817 1825 in
846 1802 952 1825 mare
971 1789 1085 1824 fuisse

423 1850 635 1888 coniectam
665 1847 866 1883 arbitratur
897 1858 918 1881 a
941 1846 1084 1891 Xerxe,

425 1906 666 1944 dissentiente
687 1901 880 1938 Kleukero
912 1902 936 1938 l.
959 1902 998 1949 l.,
1021 1901 1087 1952 qui

423 1962 528 2016 quod
556 1962 653 1998 mari
682 1958 898 1996 sacrificarit
925 1959 1087 2005 Xerxes,

424 2032 574 2057 sacrum
590 2018 706 2054 etiam
726 2016 898 2052 oblatum
921 2015 976 2051 illi
993 2027 1089 2051 con-

425 2082 613 2114 secratum
624 2074 736 2110 fuisse
746 2070 981 2122 proiieiendo
1004 2072 1089 2107 exi-

426 2134 577 2177 stimat,
607 2132 658 2167 ita
679 2136 721 2165 ut
742 2128 788 2164 de
808 2128 980 2179 piaculo,
1013 2140 1088 2179 quo

427 2189 490 2224 ille
520 2200 626 2224 mare
657 2187 797 2221 iratum
827 2185 898 2221 sibi
931 2185 1093 2221 voluerit

426 2245 634 2296 propitium
652 2240 809 2278 reddere
822 2241 1093 2290 ,'cogitari11e—

429 2307 565 2353 queat,
609 2306 722 2349 atque
752 2298 955 2333 Persarum
984 2309 1052 2332 rex
1073 2309 1094 2331 e

429 2368 632 2408 magorum
662 2353 833 2391 doctriua
853 2365 895 2389 ao
926 2351 1094 2402 discipli-

429 2427 479 2451 ua
499 2425 567 2465 pro
587 2424 694 2448 more
724 2411 776 2445 ita
806 2409 924 2458 egisse
953 2415 1095 2459 putan-

431 2470 500 2508 dus
540 2470 597 2507 sit.
665 2467 925 2516 Quaecunque
963 2471 1092 2501 autem

431 2527 527 2564 mari
566 2526 691 2562 oblata
720 2520 873 2559 tradidit
910 2534 996 2568 rex,
1049 2534 1094 2557 ea

433 2584 563 2620 omnia
595 2593 705 2618 aurea
727 2579 838 2616 fuisse
858 2590 907 2614 ne
927 2578 1093 2623 mireris3

433 2640 563 2677 omnia
590 2639 793 2674 Persarum
830 2647 964 2685 regum
1003 2635 1096 2670 insi-

434 2697 536 2747 gnia,
569 2694 691 2741 dona,
721 2692 988 2743 supellectilia,
1019 2691 1091 2727 alia

435 2766 545 2790 aurea
575 2753 615 2788 in
635 2750 797 2800 antiquis
826 2760 978 2800 quoque
997 2747 1094 2784 Per-

1135 1391 1360 1427 Viennenss.
1391 1386 1449 1422 IX
1479 1399 1517 1436 p.
1539 1386 1593 1425 62
1612 1394 1704 1434 seq„
1731 1379 1800 1416 ubi

1137 1448 1245 1498 plura
1266 1445 1490 1481 afferuntur.
1529 1443 1662 1492 Itaque
1685 1438 1800 1474 etiam

1137 1517 1207 1540 rex
1234 1505 1439 1539 Persarum
1458 1499 1527 1536 sub
1549 1509 1654 1535 aureo
1672 1500 1802 1532 tento-

1138 1561 1194 1597 r10
1226 1564 1483 1597 commoratus
1513 1568 1592 1592 esse
1627 1557 1803 1589 narratur

1137 1618 1218 1663 VII,
1252 1619 1345 1656 100.
1403 1615 1454 1649 Et
1485 1611 1585 1648 conf.
1605 1615 1800 1661 praeterea

1138 1670 1320 1722 Xenoph.
1341 1671 1465 1707 Anah.
1486 1671 1515 1716 I,
1533 1671 1557 1708 2
1580 1668 1697 1712 §.272
1718 1665 1800 1701 He-

1139 1730 1220 1767 rod.
1242 1730 1307 1774 111,
1328 1730 1394 1767 ρο.
1415 1727 1514 1772 vm,
1541 1726 1631 1764 120.

1199 1784 1251 1832 ὥς
1281 1780 1312 1823 δ’
1349 1781 1574 1821 ἐπανέτελλε
1602 1777 1627 1819 o‘
1654 1774 1799 1829 ἥλιος]

1141 1844 1312 1880 Verbum
1341 1837 1615 1878 ἐπαιάτέλλειν
1646 1835 1694 1872 de
1722 1834 1801 1870 sole

1142 1902 1271 1937 oriente
1291 1897 1508 1934 invenimus
1537 1895 1584 1940 II,
1618 1890 1711 1932 142.
1737 1890 1806 1938 111,

1145 1955 1210 2005 84,
1233 1969 1309 2008 quo
1331 1952 1469 1990 eodem
1489 1963 1600 1989 sensu
1631 1944 1806 1998 ἀνίσχειν

1145 2020 1181 2050 et
1203 2009 1359 2052 α’νιέναι
1381 2011 1446 2057 Ill,
1461 2008 1528 2050 85.
1541 2030 1591 2036 -
1608 2005 1671 2042 Ad
1691 2005 1806 2041 verba

1145 2066 1292 2109 παύσει
1325 2064 1679 2117 καταστρέψασθαι
1701 2060 1806 2098 conf.

1146 2127 1191 2174 V,
1213 2129 1266 2167 92
1288 2127 1325 2171 §.
1338 2127 1375 2171 3,
1397 2123 1463 2160 ubi
1481 2121 1595 2158 simili
1614 2117 1730 2156 modo
1744 2129 1807 2154 ar-

1146 2183 1282 2220 ticulus
1319 2182 1392 2219 τοῦ
1439 2185 1527 2215 ante
1575 2175 1807 2212 infinitivum

1149 2240 1347 2276 omittitur.
1405 2237 1463 2271 De
1493 2235 1636 2271 acinace
1657 2231 1737 2268 dixi
1757 2229 1806 2266 ad

1147 2297 1212 2341 III,
1241 2295 1331 2334 118.
1388 2291 1451 2328 Ad
1482 2296 1709 2327 structuram
1734 2299 1808 2324 vo-

1150 2362 1259 2389 cum:
1309 2349 1437 2397 ξίφος,
1484 2343 1572 2385 τόν
1611 2340 1809 2394 οἷκινοῖκην

1149 2406 1345 2453 καλέουσι,
1367 2404 1444 2441 vid.
1465 2404 1513 2440 G.
1532 2404 1742 2439 Hermann.
1759 2398 1808 2436 ad

1149 2466 1276 2514 Viger.
1299 2462 1345 2499 de
1366 2461 1591 2498 Idiotismm.
1612 2470 1700 2509 pag.
1712 2459 1805 2498 708.

1150 2544 1201 2550 -—
1244 2521 1287 2556 In
1317 2519 1393 2555 fine
1423 2530 1507 2568 cap.
1534 2511 1685 2556 τούτων
1719 2511 1810 2550 dedi

1149 2590 1218 2629 pro
1238 2575 1420 2616 τουτέων.

1377 2664 1468 2714 Cap.
1493 2661 1574 2699 LV.

1206 2743 1408 2797 διέβαινον
1442 2736 1541 2781 nocto?
1569 2735 1641 2791 μὲν
1669 2732 1745 2788 τήν
1765 2733 1807 2774 ἒ-

433 2821 561 2845 sarum
581 2807 810 2846 carminibus
843 2805 1090 2851 celebrantur,
1147 2801 1263 2854 τέρην
1287 2817 1322 2841 κ.
1340 2816 1374 2840 τ.
1394 2800 1448 2848 λ.]
1479 2795 1563 2835 vid.
1586 2805 1697 2845 supra
1717 2793 1800 2840 VII,

435 2871 527 2902 teste
547 2866 578 2904 1.
600 2864 648 2902 de
668 2866 863 2902 Hammer.
884 2862 924 2898 in
936 2861 1090 2899 Annall.
1148 2862 1200 2900 36
1231 2871 1310 2910 seq.
1368 2855 1430 2894 Ad
1470 2865 1581 2893 voces
1608 2847 1708 2904 πρὸς
1734 2851 1811 2890 τοῦ
