1789 3213
407 152 875 193 POLYMNIA.
933 152 1036 192 Vll.

1260 153 1347 194 719

89 281 149 323 μη
189 262 236 308 δέ
264 262 353 308 ἐστι
381 258 603 319 ἀγχοτάτω
631 266 706 320 τῆς
735 262 846 309 ὁδοῦ
870 262 1070 320 Ἀλπηνοὶ
1089 259 1272 318 οὕνομα·
1302 261 1352 306 ἐκ
1410 264 1492 306 589

89 330 250 389 ταύτης
279 332 326 376 δὲ
355 331 657 376 ἐπισιτιεῖσθαι
686 331 925 388 ἐλογίζοντο
957 333 1002 376 οἷ
1015 331 1349 387 Έλληνες.οἱ

89 399 169 457 μέν
195 416 280 444 ννν
307 403 445 457 χῶροι
474 394 594 443 οὗτοι
622 404 734 444 τοῖσι
760 399 938 457 Έλλησι
966 397 1079 444 εἶναι
1108 399 1342 454 ἐφαίνοντο

91 467 316 525 ἐπιτήδεοι.
375 467 546 511 ἅπαντα
574 468 658 524 γάρ
688 467 1062 524 προσκεψάμενοι,
1102 467 1177 511 καὶ
1206 466 1349 510 ἐπιλο-

88 535 323 594 γισθέντες,
354 534 420 580 ὅτι
452 535 552 580 οὔτε
588 537 745 592 πλήθει
772 536 917 589 ε’ξουσι
955 541 1146 593 χρᾶσθαι
1176 536 1220 578 οἷ
1243 533 1351 591 βάρ-
1363 531 1576 601 50‘102112‘12‘³

91 608 232 662 βαροι,
281 602 383 649 οὔτε
419 604 557 661 ἵππῳ,
598 604 734 662 ταύτῃ
766 616 846 661 σφι
876 605 992 657 ε’δοξε
1022 604 1224 648 δέκεσθαι
1271 602 1319 648 τὸ

61 680 84 714 2
96 671 307 718 ἐπιόντα’
291 672 359 716 επὶ
376 670 456 728 τὴν
464 671 668 718 Ελλάδα.
707 690 766 724 ως
787 672 832 716 δὲ
847 671 1067 716 επύθοντο
1087 672 1164 715 τὸν
1179 672 1352 728 Πέρσην

90 739 220 785 ἐόντα
252 741 298 784 ἐν
327 742 496 798 Πιερίῃ,
520 742 797 793 διαλυθέντες
814 741 860 785 ἐκ
879 744 959 785 τοῦ
975 739 1170 797 Ἰσθμοῦ,
1200 741 1354 795 ἐστρα-

89 807 267 853 τεύοντο
316 805 465 852 αὐτῶν
505 810 548 852 οἱ
577 810 656 865 μὲν
693 810 736 862 ἐς
772 809 1057 865 Θερμοπύλας
1085 812 1201 866 πεζῇ,
1231 808 1355 853 ἄλλοι

91 877 139 920 δὲ
167 876 279 920 κατὰ
306 875 537 920 θάλασσαν
562 875 624 921 ἐπ’
652 876 928 934 Ἀρτεμίσιον.

0 951 26 997 Β

84 1183 284 1240 Ἀλπηνοὶ
320 1184 504 1240 οὕνομα]
585 1188 695 1240 Alope

33 1242 227 1296 (Al-own)
259 1245 396 1283 dicitur
420 1258 442 1282 a
464 1244 567 1281 Mela
588 1247 693 1293 11‚3

33 1305 72 1350 ξ.
96 1306 135 1345 6.
157 1301 344 1353 Stephan.
358 1304 454 1355 Byz.
471 1309 508 1339 et
519 1301 692 1341 Eustath.

33 1360 84 1398 ad
101 1359 211 1397 Iliad.
233 1361 282 1407 H,
304 1362 397 1401 682.
445 1358 558 1396 Unde
579 1360 695 1396 etiam

32 1413 249 1467 Ἀλοπίτης
291 1422 328 1453 et
364 1411 579 1462 Ἀλοπεύς.
636 1415 699 1452 Ad

36 1475 251 1511 Locrorum
261 1472 617 1524 Epicnemidiorum
638 1471 699 1509 di-

37 1532 184 1568 tionem
203 1529 307 1566 hunc
320 1529 462 1577 vicum,
489 1542 605 1582 quem
615 1530 696 1580 pri—

36 1600 149 1625 mum
167 1588 381 1623 Locrorum
391 1599 520 1623 versus
531 1587 694 1622 Melien--

36 1658 96 1683 ses
122 1645 260 1681 Noster
288 1642 380 1680 dicit
399 1644 480 1690 VH,
503 1646 586 1684 216
607 1643 695 1682 coll.

37 1703 134 1748 229,
163 1700 334 1738 retuleris
355 1713 445 1737 cum
465 1698 696 1737 Tzschucke

39 1756 90 1795 ad
107 1758 198 1795 Mel.
218 1758 282 1794 l.l.
300 1771 340 1807 p.
361 1760 457 1797 270.
515 1758 565 1793 Et
594 1756 697 1793 conf.

40 1827 196 1867 quoque
214 1813 414 1860 {Mannern
441 1812 515 1850 VH
546 1826 586 1863 p.
617 1811 697 1853 625

39 1883 121 1922 seq.
178 1871 299 1907 Kruse
328 1870 456 1906 Hellas
484 1870 532 1917 ΙΙ,
555 1872 581 1910 2
608 1881 697 1919 pag.

43 1929 125 1967 120
143 1939 236 1978 seq„
257 1926 324 1978 qui
337 1926 472 1962 urbem
491 1926 699 1976 probabili-

41 1989 100 2020 ter
129 1995 174 2020 eo
202 1984 286 2020 loco
315 1983 426 2019 sitam
462 1996 542 2019 esse
575 1983 697 2032 ponit,

42 2051 120 2090 quo
132 2040 275 2076 Gellius
295 2052 336 2076 se
356 2039 595 2090 conspexisse
605 2040 700 2076 scri-

41 2095 97 2133 bit
126 2095 280 2133 aedium
307 2095 492 2148 quasdam
522 2097 699 2148 reliquias

41 2152 84 2189 in
103 2153 199 2189 colle
219 2153 333 2204 sylvis
353 2159 464 2201 tecta,
493 2153 699 2190 laetissima

42 2209 83 2245 in
108 2210 266 2260 regione
298 2208 444 2246 duabus
464 2208 567 2247 horis
589 2222 610 2246 a
630 2210 699 2246 Li-

43 2265 212 2303 banitide
245 2280 275 2304 s.
305 2266 413 2318 Cyno
442 2265 604 2304 remota.
642 2288 699 2294 —

45 2322 152 2368 Quae
167 2330 379 2374 sequuntur
388 2324 526 2361 verba:
551 2323 594 2363 ἐκ
605 2318 700 2362 ταύ-

44 2393 115 2430 της
141 2376 184 2417 δὲ
203 2377 481 2419 ἐπισιτιεῖσθαι
502 2379 698 2432 ἐλογίζον-

45 2449 90 2474 το
118 2434 160 2475 oi
180 2430 391 2485 Έλληνες,
423 2435 616 2474 indicant:
649 2450 698 2475 ex

45 2489 121 2529 hoc
149 2491 235 2529 vico
262 2491 498 2530 frumentum
524 2507 554 2531 s.
587 2506 698 2531 com-

46 2554 219 2585 meatum
238 2561 278 2584 se
298 2555 517 2599 accepturos
538 2563 637 2598 esse,
656 2564 697 2588 se

47 2605 103 2642 rei
132 2605 403 2642 frumentariae
432 2613 697 2657 prospectui-os

46 2674 127 2700 esse
145 2662 342 2713 putabant.
400 2661 511 2699 Conf.
541 2664 609 2711 IX,
631 2663 699 2704 50.

48 2718 168 2815 gilot
187 2720 284 2761 Lex.
295 2717 545 2771 Xenophont.
563 2720 599 2757 11
610 2731 700 2771 pag.

176 956 231 998 Οἱ
266 954 346 1011 μὲν
375 955 429 1012 δή
448 955 650 1013 Ἕλληνες
679 957 788 1001 κατά
810 957 938 1014 τάχος
960 955 1173 1015 ἐβοήθεον
1202 957 1349 1001 διατα-

1364 882 1408 918 55

906 1191 998 1243 Cap.
1020 1191 1245 1230 CLXXVII.

806 1268 1163 1324 προσκεψάμενοι]
1193 1269 1302 1307 Idem
1320 1281 1410 1307 Vel·-

749 1326 845 1364 bum
879 1328 960 1377 Vll,
996 1332 1048 1369 10
1078 1330 1116 1375 ξ.
1137 1327 1175 1368 4.
1232 1326 1295 1364 Ad
1309 1332 1411 1363 stru-

757 1391 905 1420 cturam
948 1387 1023 1423 loci
1064 1379 1410 1435 (προσκεψάμενοι

755 1439 823 1479 καὶ
858 1440 1178 1493 ἐπιλογισθέντες
1198 1462 1254 1468 -—
1277 1452 1351 1490 σφι
1372 1439 1412 1479 ἕ-

754 1497 872 1547 δοξε)
895 1499 996 1536 conf.
1017 1499 1144 1549 Vigor.
1165 1497 1350 1534 Idiotism.
1371 1510 1412 1548 p.

752 1553 819 1595 55·
842 1554 935 1595 345.
953 1554 1037 1596 714
1062 1562 1099 1592 et
1120 1553 1208 1592 add.
1228 1553 1412 1605 Xenoph.

751 1611 875 1650 Anab.
897 1612 963 1660 ΙΙΙ,
985 1615 1024 1659 2,
1049 1615 1114 1653 12.
1137 1613 1277 1664 Cyrop.
1288 1611 1354 1658 IV,
1372 1613 1412 1661 2,

753 1671 793 1709 3.
819 1669 882 1715 w,
908 1672 942 1715 1,
976 1672 1042 1709 31.
1063 1670 1144 1716 vn,
1161 1669 1198 1717 5,
1223 1669 1412 1718 57.v111‚

755 1728 793 1771 2,
815 1722 882 1763 24.
899 1724 1046 1762 Duker.
1068 1724 1116 1762 ad
1127 1724 1308 1777 Thucyd.
1330 1726 1413 1774 VII,

755 1779 822 1820 42.
855 1783 922 1821 70.
979 1783 1115 1833 Neque
1145 1781 1222 1819 huc
1242 1795 1322 1819 non
1349 1782 1411 1818 fa-

756 1837 807 1873 cit
843 1836 987 1875 Hero.d
1022 1838 1121 1886 VIII,
1161 1841 1229 1879 87.
1299 1836 1413 1884 Quod

754 1895 924 1945 sequitur
934 1890 1005 1943 ότι,
1026 1894 1213 1936 Valcken.
1228 1908 1304 1948 quo
1317 1908 1414 1932 con-

754 1951 882 1988 veniat
902 1954 1077 2002 sequenti
1105 1948 1249 2005 ταύτῃ,
1281 1959 1412 1990 muta-

754 2013 839 2044 tum
860 2009 1009 2046 voluit
999 2022 1040 2045 111
1060 2010 1110 2064 ᾗ·
1101 2038 1112 2058 ‚
1151 2010 1232 2046 sine
1257 2008 1412 2059 idonea,

755 2064 903 2115 opinor,
938 2079 1064 2104 causa.
1121 2065 1183 2103 Ad
1203 2079 1315 2103 voces
1345 2063 1413 2106 τὸν

755 2117 918 2161 ἐπιόντα
939 2120 1004 2162 ἐπὶ
1020 2138 1093 2174 την
1111 2119 1288 2163 Ἓλλοιδα
1307 2123 1412 2161 conf.

754 2178 835 2226 VII,
861 2179 940 2221 157
968 2186 1006 2217 et
1026 2179 1074 2217 de
1094 2179 1220 2219 Pieria
1244 2187 1343 2223 nott.
1362 2179 1413 2218 ad

754 2235 836 2284 VII,
860 2238 953 2276 131.

809 2324 1096 2373 διαλυθέντες’
1078 2342 1121 2367 εκ
1134 2329 1208 2366 τοῦ
1216 2323 1408 2395 Ἰσθμοῦ]

752 2381 941 2431 Vid.V11‚
966 2386 1059 2423 172.
1115 2385 1210 2421 Mox
1235 2397 1305 2436 pro
1336 2379 1411 2424 αὕ-

752 2437 852 2480 τὲων
873 2439 962 2477 dedi
982 2434 1033 2478 αὖ
1037 2441 1131 2482 τῶν.

907 2529 1265 2580 eap.cnxxvn1.

809 2604 1008 2660 ἐβοήθεον
1038 2607 1340 2659 διαταχθέντες]
1381 2609 1408 2647 i.

755 2678 790 2702 e.
821 2678 910 2701 eum
942 2665 981 2700 in
1020 2664 1181 2702 modum
1213 2666 1407 2714 distributi,

757 2721 930 2772 dispositi,
939 2722 969 2758 si
980 2721 1135 2774 quidem
1146 2723 1207 2759 alii
1221 2722 1270 2760 ad
1282 2722 1411 2760 Ther-

756 2779 953 2831 mopylas,
995 2779 1059 2816 alii
1085 2777 1135 2816 ad
1160 2780 1408 2819 Artemisium

1404 327 1521 356 Nuntio
1537 326 1644 362 allato,

1404 363 1464 390 Per

1467 347 1682 423 tzaasldsinum

1401 397 1486 424 'Iher
1454 404 1538 423 eram
1569 403 1681 422 u-mca

1404 434 1470 458 stra
1488 436 1626 469 posuisse
1637 429 1679 464 [c.

1479 574 1497 600 y
1512 573 1558 600 as,
1587 538 1682 591 1183,νὸ-

1323 619 1349 647 v
1403 601 1450 628 les
1471 598 1662 627 Aretmisium

1405 636 1522 671 petunt.
