1851 3181
416 255 502 293 486

389 363 566 415 3,,κῶν,
599 356 854 410 ἐπιδεούσας
880 357 986 401 ἔπτὰ
1015 360 1255 413 χιλιαδὲων.

812 249 1277 288 HERODOTI

1315 357 1387 399 καὶ
1417 354 1613 399 τούτοισί
1637 367 1684 399 σε

1161 427 1171 441 ἱ
1220 425 1230 440 2
1278 424 1288 439 ἱ
1336 424 1346 439 2

419 429 529 485 „syc-fi
572 427 811 484 δωρέομαι·
862 425 983 483 αὐτῷ
1011 423 1048 468 δ’
1081 426 1176 480 ἔμοι
1207 442 1293 469 απο
1318 423 1613 479 ανδραπόδων
1639 439 1685 467 τε

293 502 359 547 29
416 497 517 550 ,,καὶ
552 497 800 551 γεωπεδίων
839 493 1012 549 ἀρκέων
1050 494 1139 537 ἐστὶ
1172 497 1310 551 βίος.“
1362 493 1413 537 ‘0
1442 493 1521 550 μὲν
1549 495 1742 535 ταῦτα25

421 566 557 620 ἔλεγε·
617 563 780 618 Ξέρξης
810 563 855 605 δὲ
895 562 1045 618 ἡσθεὶς
1085 568 1201 606 τοῖσι
1238 563 1526 618 εἰρημένοισι,
1572 557 1684 604 εἶπ’

421 635 574 686 ,,Ξεῖνε
603 631 745 683 Λυδὲ,
775 631 860 686 ἐγώ
891 631 980 674 ἐπεί
1007 647 1052 674 τε
1082 630 1264 687 ἐξῆλθον
1283 631 1365 687 τήν
1386 630 1581 685 Περσίδα
1607 627 1687 682 χώ-

421 716 558 756 ,,ρην,
597 697 748 742 οὐδενὶ
790 697 921 754 ἀνδρὶ
949 698 1157 754 συνέμιξα
1186 700 1230 751 ἐς
1259 699 1383 751 τόδε,
1430 698 1549 748 ὅστις
1581 694 1687 751 ἠθέ-

420 773 550 824 ,,λησε
591 768 724 818 ξείνια
752 772 986 821 προθεῖναι
1015 772 1185 827 στρατῷ
1213 773 1276 827 τῷ
1305 770 1406 826 ἐμῷ,
1438 766 1542 811 οὐδὲ
1571 766 1688 813 ὅστις

421 836 492 888 ,,ἓς
529 835 634 886 ὄψιν
673 833 755 890 τήν
803 834 910 891 ἐμὴν
947 835 1183 888 καταστὰς,

365 1039 600 1087 ἐπιδεούσας
608 1039 706 1082 {nto}
717 1041 1023 1093 χιλιαδὲων]Ρι-ο

363 1099 528 1150 χρυσίου
560 1098 637 1136 duo
679 1099 791 1139 codd.
823 1113 914 1137 cum
942 1102 1026 1137 Eu-

363 1154 475 1193 stath.
497 1155 544 1192 ad
565 1156 609 1196 11,
630 1158 665 1193 Π
679 1170 768 1208 pag.
789 1158 884 1206 366,
915 1160 969 1198 22
997 1171 1027 1194 s.

364 1215 460 1261 277,
492 1216 545 1253 30
576 1219 612 1249 et
640 1227 679 1264 p.
711 1216 804 1261 339,
835 1217 859 1255 3
880 1227 910 1251 S.
932 1213 1028 1262 256,

366 1271 420 1309 32
457 1268 621 1306 afferunt
652 1272 821 1321 χρυσοῦς
872 1269 920 1306 ad
948 1271 1028 1307 for-

365 1338 472 1361 mam
508 1325 715 1376 χιλιαδέων
746 1327 848 1363 conf.
892 1325 1029 1364 Matth.

366 1383 433 1419 Gr.
455 1383 520 1418 Gr.
538 1384 575 1428 ξ.
590 1381 657 1431 74,
679 1381 704 1423 5
724 1395 812 1433 pag.
827 1386 905 1424 166
927 1391 964 1420 et
983 1383 1030 1420 de

366 1438 550 1490 loquendi
571 1452 712 1489 genere
732 1446 828 1476 nott.
845 1439 894 1476 ad
913 1442 942 1488 l,
963 1439 1031 1480 94.

369 1496 495 1532 Stater
525 1509 660 1533 aureus
689 1510 718 1533 s.
749 1494 944 1547 Δαρεικός
970 1497 1032 1532 vi-

367 1553 464 1602 ginti
499 1551 689 1590 drachmis
723 1554 909 1603 argenteis
937 1566 1032 1590 con-

366 1616 467 1646 stans
496 1610 646 1646 valebat
675 1616 760 1646 octo
790 1610 954 1647 florenos
995 1616 1034 1646 et

369 1665 474 1716 quod
503 1667 691 1714 excurrit3
740 1666 819 1703 vid.
848 1674 945 1704 nott.
983 1666 1033 1703 ad

369 1724 435 1770 ΠΙ,
473 1725 566 1762 130.
605 1721 817 1760 Drachmas
845 1736 938 1760 vero
965 1736 1034 1760 sex

369 1779 474 1815 mille
505 1779 694 1816 talentum
725 1781 897 1816 Atticum
938 1792 1034 1816 con-

370 1837 492 1874 tinuit.
524 1836 587 1873 Ad
604 1837 681 1873 loci
700 1835 812 1873 huius
825 1849 1035 1887 argumen-

370 1901 454 1929 tum
482 1893 580 1930 bene
613 1894 667 1930 sio
705 1892 1032 1930 Valckenaerius:

368 1948 558 1997 „Athenis
596 1950 757 1987 florente
802 1963 843 1986 re
882 1951 1035 2000 publica

371 2006 537 2043 ducenta
557 2007 701 2043 talenta
720 2007 885 2058 pecnnia
900 2020 1036 2043 cense-

370 2064 481 2099 batur
509 2064 704 2100 maxima:
746 2063 950 2101 ditissimus
972 2064 1036 2099 in—

370 2127 428 2156 ter
456 2118 710 2157 Athenienses
740 2120 876 2157 Callias
898 2121 1036 2159 διακο-

374 2176 471 2214 σίων
491 2171 696 2215 ταλάντων
714 2173 923 2226 ἐτιμήσατο
941 2183 1036 2213 teste

371 2233 486 2282 Lysia
515 2232 578 2269 Or.
599 2234 696 2269 XIX
715 2246 754 2283 p.
776 2231 856 2273 349
880 2233 1036 2281 [§.50]·

373 2287 534 2339 Pythius
566 2288 750 2325 Herodoti
788 2289 931 2325 talenta
965 2288 1037 2325 ha-

372 2346 454 2382 buit
483 2346 629 2395 argenti
660 2344 737 2382 duo
756 2345 875 2381 millia
890 2375 900 2392 ,
920 2358 1038 2381 num—

374 2414 528 2439 morum
563 2413 768 2438 aureorum
806 2414 1038 2438 immensam

374 2470 578 2496 summam.
637 2459 810 2495 Tantum
831 2459 912 2494 auri
933 2457 1037 2494 fece-

375 2522 432 2552 rat
452 2528 501 2551 ex
529 2514 771 2562 aurifodinis3
813 2520 851 2550 et
883 2514 1036 2550 metalla

374 2579 481 2609 tanto
501 2570 625 2609 studio
637 2571 713 2609 coli
730 2571 850 2608 voluit
870 2583 890 2606 a
906 2572 1034 2617 servis,

374 2635 417 2665 ut
444 2640 625 2679 agrorum
659 2627 868 2664 necessaria
889 2628 1035 2663 cultura

375 2686 655 2735 negligeretur,
697 2684 852 2722 testibus
883 2684 1035 2720 Plutar-

379 2741 450 2778 cho
472 2743 734 2793 etPolyaenot,
755 2739 957 2791 prudentia
977 2748 1036 2777 ta-

379 2812 468 2834 men
490 2799 617 2835 uxoris
638 2799 718 2834 auri
748 2795 1035 2848 cupidissimum

379 2856 424 2891 ab
446 2856 513 2892 ista
534 2857 611 2892 iam
640 2861 726 2892 ante
747 2860 953 2891 retraxerat
974 2854 1036 2890 in-

1253 835 1602 892 αὐτεποίγγελτος
1647 831 1690 884 ἐς
1700 838 1744 872 30

1082 1043 1199 1091 sauia,
1222 1055 1339 1095 quam
1359 1043 1557 1080 evenirent
1584 1039 1646 1078 hic
1665 1042 1747 1077 He-

1084 1099 1221 1137 rodoto
1241 1107 1416 1146 narrata3
1445 1106 1488 1136 ut
1507 1098 1597 1136 ideo
1625 1098 1748 1135 Xerxi

1085 1156 1211 1194 dicere
1241 1158 1429 1208 potuerit:
1468 1151 1578 1208 αὐτῷ
1606 1153 1650 1194 δέ
1681 1170 1748 1206 μοι

1087 1210 1170 1253 α’πὸ
1203 1209 1469 1265 ἅνδραπόδων
1497 1227 1538 1251 τε
1566 1210 1634 1250 καὶ
1650 1226 1748 1262 γεω-

1084 1270 1236 1310 πεδίων
1252 1265 1405 1320 ἀρκέων
1432 1267 1511 1309 ἐστὶ
1529 1269 1665 1319 βίοςέ(
1704 1270 1749 1304 Iu

1087 1328 1223 1379 quibus
1243 1328 1331 1377 ipsis
1353 1325 1553 1378 (equidem
1573 1326 1622 1362 ob
1634 1324 1748 1362 codd.

1089 1383 1370 1430 auctoritatem)
1388 1396 1479 1418 cum
1511 1380 1747 1432 Schweigh.,

1090 1441 1222 1487 Gaisf.⁷
1242 1439 1379 1476 Matth.
1402 1445 1439 1475 et
1457 1437 1628 1476 Bekker.
1661 1438 1750 1475 dedi

1086 1497 1335 1549 γεωπεδίων;
1372 1509 1471 1532 unus
1500 1496 1605 1532 euim
1648 1495 1750 1532 San-

1088 1553 1199 1590 crofti
1226 1554 1321 1589 liber
1343 1552 1499 1589 exhibet
1525 1551 1750 1604 γεωπέδων,

1089 1609 1194 1662 quod
1215 1623 1236 1646 e
1255 1610 1504 1660 Wesselingii
1524 1608 1691 1646 editione
1710 1611 1751 1646 in

1089 1668 1180 1703 alias
1227 1667 1373 1702 transiit
1417 1666 1623 1713 editiones,
1662 1679 1754 1703 cum

1089 1724 1193 1775 prius
1211 1722 1443 1759 mendosum
1472 1730 1637 1759 exstaret
1669 1737 1753 1774 γεο-

1089 1778 1164 1818 πέδ
1169 1794 1237 1818 ων.
1284 1777 1475 1831 Aeschylo
1494 1780 1536 1815 in
1555 1778 1753 1816 Prometh⁴

1092 1835 1174 1877 854
1186 1835 1339 1889 γάπεδα
1358 1849 1462 1872 nunc
1473 1842 1587 1883 recte,
1603 1837 1752 1886 opinor,

1091 1893 1254 1930 restituit
1302 1891 1537 1938 Blomfield.‚
1579 1899 1755 1930 veterum

1091 1950 1432 2000 grammaticorum
1459 1949 1677 1986 testimonia
1706 1948 1755 1986 de

1092 2005 1164 2044 hac
1185 2019 1291 2053 voce,
1319 2019 1395 2057 qua
1407 2005 1561 2056 fundus,
1590 2018 1678 2054 ager
1699 2018 1753 2043 se-

1089 2066 1173 2113 ptus
1210 2061 1419 2110 indicatur,
1479 2062 1655 2099 afferens.
1698 2084 1754 2090 ——

1092 2121 1215 2156 Usum
1228 2120 1514 2170 praepositionis
1529 2115 1608 2160 ἀπὸ
1626 2117 1753 2156 inhis-

1093 2190 1136 2213 ce
1157 2177 1264 2227 attigi
1284 2176 1332 2213 ad
1352 2176 1416 2224 IV⁷
1438 2179 1505 2217 22.

1292 2299 1383 2350 Cap.
1417 2300 1564 2335 XXIX.

1149 2399 1324 2450 ἐξῆλθον
1363 2397 1439 2450 τήν
1481 2401 1654 2453 Περσίδα
1679 2398 1756 2452 χώ-

1094 2458 1198 2508 ρην]
1240 2458 1297 2493 De
1328 2457 1530 2494 accusativi
1561 2471 1632 2494 usu
1660 2471 1754 2495 con-

1092 2515 1163 2550 sul.
1186 2512 1320 2550 Matth.
1333 2514 1400 2551 Gr.
1416 2514 1483 2550 Gr.
1514 2515 1552 2559 §.
1573 2517 1655 2555 379
1675 2522 1754 2552 not.

1098 2574 1115 2610 1
1141 2583 1228 2621 pag.
1250 2573 1346 2611 697.
1404 2569 1467 2607 Ad
1497 2569 1686 2621 συνέμιξα
1706 2571 1752 2607 cf.

1092 2634 1190 2664 nott.
1225 2625 1275 2663 ad
1300 2627 1363 2675 VI,
1395 2629 1461 2674 23,
1491 2634 1529 2664 et
1561 2626 1610 2665 ad
1630 2627 1754 2675 ξείνια

1095 2697 1192 2735 quae
1212 2690 1299 2720 sunt
1319 2683 1443 2734 epulae
1464 2682 1672 2734 hospitales,
1695 2682 1751 2718 ai-

1093 2741 1168 2777 lata
1198 2739 1246 2776 ad
1271 2740 1315 2786 V,
1341 2743 1403 2780 18.
1424 2760 1479 2766 ——
1508 2739 1547 2786 ἐς
1567 2735 1654 2778 τόδε
1683 2751 1751 2776 va-

1094 2798 1146 2833 let
1167 2797 1306 2843 adltuc3
1327 2795 1374 2833 de
1399 2809 1475 2848 quo
1492 2796 1598 2846 plura
1618 2794 1752 2832 afferre

1095 2866 1174 2890 non
1195 2866 1301 2904 opus.
