1806 3181
419 131 503 171 680

827 125 1292 164 HERODOTI

423 249 514 290 σας,
544 236 679 290 Γέλης
707 233 786 289 μὲν
814 231 1077 288 ἐπικρατέων
1113 231 1245 288 λόγον
1281 231 1445 277 ἐλάσσω
1475 231 1679 284 ἐποιέετο,

423 303 652 358 ἐπιτρέψας
681 299 816 357 αὐτὴν
841 300 1004 356 Ἱέρωνι
1033 299 1230 358 ἀδελφεῷ
1261 301 1448 345 ἑωυτοῦ·
1479 298 1503 343 ὁ
1529 299 1574 343 δὲ
1602 298 1680 351 τοὶς

423 369 715 428 Συρηκούσας
749 368 980 424 ἐκράτυνε,
1017 369 1091 412 καὶ
1120 363 1233 424 ἦσαν
1262 368 1433 413 ἅπαντα
1463 370 1509 412 αἱ
1537 365 1681 422 Συρή-

398 448 421 481 2
433 451 602 483 κουσαι.

423 511 624 565 βλαστον.

662 439 707 481 αἱ
736 436 782 481 δὲ
812 437 1058 492 παραυτίκα
1086 435 1171 480 οἶνοί
1200 435 1234 480 τ’
1265 437 1454 492 ἔδραμον
1482 436 1555 481 καὶ
1585 433 1679 479 ἀνέ-

683 507 813 548 τοῦτο
851 504 930 561 μὲν
960 504 1067 561 γάρ,
1117 507 1448 560 Καμαριναίους
1487 503 1736 555 ἅπαντας70

424 576 468 627 ἐς
487 574 565 626 τὰς
594 571 885 629 Συρηκούσας
905 572 1093 629 ἀγαγών,
1123 572 1330 629 πολιήτας
1347 573 1521 627 ἐποίησε
1537 603 1548 622 ,
1591 573 1680 613 Κα-

424 643 609 698 μαρίνης
639 641 685 684 δὲ
713 640 762 683 τὸ
793 640 901 684 ἄστυ
929 641 1194 692 κατέσκαψε·
1234 646 1363 685 τοῦτο
1394 640 1466 689 δὲ,
1497 635 1681 682 Γελώων

423 709 714 765 ὑπερημίσεας
741 712 830 752 τῶν
859 709 1003 753 ἀστῶν
1031 708 1172 752 τωύτὸ
1202 713 1314 753 τοῖσι
1344 707 1683 764 Καμαριναίοισι
1738 707 1806 750 577

395 779 615 834 3ἐποίησε.
674 776 909 834 Μεγαρέας
935 794 980 822 τε
1008 777 1112 829 τούς
1130 779 1176 822 ἐν
1197 778 1388 834 Σικελίῃ,
1420 773 1478 827 ὥς
1507 779 1683 830 πολιορ-

580 965 671 1017 Cap.
694 964 821 1003 CLVI.

428 1043 549 1095 Γέλης
587 1042 658 1095 μὲν
686 1042 929 1097 ἐπικρατέων
959 1040 1029 1084 λό-

370 1116 444 1153 γον
463 1098 613 1141 ἐλάσσω
634 1100 825 1150 ἐποιέετο]
847 1103 873 1138 i.
895 1115 930 1138 e.
954 1102 1029 1139 Ge-

371 1158 454 1206 lam,
485 1170 589 1208 quam
609 1159 748 1195 tenebat
765 1158 930 1195 Hieronis
939 1157 1030 1208 sra-

371 1216 437 1252 tris
461 1228 566 1251 curae
589 1216 805 1264 permissam.
865 1214 939 1259 Qui
966 1215 1028 1251 lo-

371 1284 438 1308 cus
465 1284 529 1307 me
549 1272 734 1307 sentiente
753 1284 831 1307 non
844 1278 930 1321 eget
940 1283 1028 1307 cor-

376 1328 558 1364 rectione.
587 1328 866 1377 Wesselingius
878 1328 1030 1364 malue-

371 1391 431 1421 rat
447 1383 501 1423 ἔτι
525 1382 712 1434 κρατέων,
728 1383 832 1435 quod
848 1385 1029 1421 continuo

370 1441 413 1476 iu
440 1447 592 1477 textum
620 1442 762 1491 recepit
791 1439 1028 1479 Schaeferus.

371 1496 435 1533 Ad
454 1503 680 1534 structuram
699 1498 774 1533 loci
789 1497 837 1534 cf.
855 1499 969 1534 etiam
983 1498 1031 1534 G.

376 1555 587 1590 Hermann.
604 1552 652 1589 ad
671 1554 797 1603 Viger.
819 1567 856 1603 p.
874 1557 1032 1594 771.—

372 1611 419 1647 In
439 1623 544 1662 seqq.
565 1606 754 1660 ἐκράτυνε
784 1616 838 1646 est
854 1611 1029 1660 firmavit,

373 1668 500 1714 auxit,
539 1666 737 1716 ampliavit.
807 1666 863 1704 cf.
892 1668 921 1714 Ι,
952 1669 1030 1707 100

375 1723 461 1760 coll.
486 1724 550 1762 13.
571 1724 639 1764 98.
676 1724 754 1760 Pro
775 1721 868 1762 ἔσαν
896 1724 1032 1760 rescri-

373 1780 433 1832 psi
453 1772 572 1829 ἦσαν.

431 1833 499 1874 καὶ
533 1829 639 1885 ἦσαν
682 1831 840 1874 ἅπαντα
866 1835 911 1875 αί
951 1838 1035 1874 Συ-

377 1888 602 1944 ρήκουσαι]
643 1892 669 1928 i.
701 1905 734 1929 e.
765 1891 820 1929 Et
854 1893 972 1930 omnia
1003 1894 1037 1929 ei

377 1951 477 1986 erant
499 1947 716 1998 Syracusae,
747 1956 791 1985 ut
809 1950 943 1986 Latine
964 1962 1035 1985 ex-

376 2005 509 2056 pressit
540 2005 710 2055 Bergler.
743 2004 791 2042 ad
810 2004 1033 2056 Alciphron.

377 2073 466 2111 pag.
488 2063 584 2100 237.
642 2062 708 2097 Tu
729 2060 816 2098 vide
835 2064 883 2099 sis
905 2061 1036 2099 dehac

377 2117 570 2154 locutione
590 2124 685 2153 nott.
712 2117 761 2154 ad
787 2120 816 2165 Ι,
845 2122 937 2159 122.
969 2119 1034 2166 111,

382 2172 475 2212 157.
504 2172 631 2221 Viger.
658 2185 743 2223 pag.
775 2177 869 2214 727.
898 2174 1034 2215 Matth.

380 2229 446 2265 Gr.
467 2229 532 2264 Gr.
549 2229 586 2273 ξ.
599 2226 678 2268 438
692 2241 778 2279 pag.
796 2232 892 2270 819.
915 2231 1040 2275 Quam

381 2283 488 2336 quod
506 2286 557 2321 ita
573 2283 758 2334 refingere
773 2286 913 2335 placuit
929 2287 1038 2323 Reis-

380 2340 448 2378 kio
471 2347 507 2377 et
530 2341 711 2378 Pauwio:
733 2340 843 2380 ῑὲσαν
877 2338 1034 2380 ἅπαντα

384 2396 426 2436 οἷ
443 2397 487 2435 αἱ
497 2392 767 2447 Συρήκουσαι,
786 2397 825 2434 id
844 2398 925 2434 iure
934 2397 1036 2435 haud

382 2453 635 2490 necessarium
655 2452 804 2490 videtur
825 2455 1036 2491 wesselin-

384 2511 468 2560 gio3
514 2523 584 2546 nec
627 2511 747 2560 magis
785 2513 1038 2548 necessarium

385 2565 573 2614 duxerim,
603 2566 705 2603 libris
738 2569 956 2617 praesertim
976 2568 1039 2603 in-

385 2623 482 2670 vitis,
495 2635 584 2658 culn
592 2621 776 2662 Valcken.
791 2631 827 2660 et
839 2623 1039 2674 Schweig-

386 2677 568 2715 haeusero
583 2680 765 2716 scribere:
798 2679 891 2719 ἕσαν
909 2677 1039 2719 ἅπαν-

389 2731 435 2774 τά
451 2734 492 2774 οἵ
512 2732 782 2787 Συρήκουσαι.
831 2739 962 2790 Neque
983 2750 1039 2774 ar-

1080 966 1218 1002 ticulus
1236 964 1340 1000 abest
1367 963 1408 999 in
1434 961 1546 999 simili
1575 960 1739 999 formula

1081 1024 1112 1072 Ι,
1136 1025 1228 1062 122.

1141 1085 1237 1128 αἰδὲ
1253 1086 1475 1139 παραυτίκα
1489 1081 1566 1125 nivo}
1577 1080 1608 1124 τ’
1627 1083 1741 1134 ἕδρα-

1085 1160 1161 1198 μον
1189 1143 1257 1183 καὶ
1282 1140 1550 1195 οἷνέβλαστον]
1581 1141 1645 1179 Ad
1665 1137 1743 1180 οἷνᾶ

1083 1198 1115 1241 τ’
1138 1201 1309 1252 ἔδραμον
1331 1201 1432 1237 conf.
1452 1206 1549 1238 nott.
1573 1198 1621 1236 ad
1640 1199 1672 1246 Ι,
1685 1200 1741 1239 66

1085 1266 1122 1296 et
1137 1257 1226 1298 add.
1249 1269 1345 1309 quae
1364 1256 1427 1293 hic
1447 1255 1556 1293 affert
1574 1253 1742 1293 Valcke-

1085 1329 1204 1362 naer.,
1235 1313 1344 1351 Suid.
1373 1327 1402 1351 s.
1430 1326 1468 1350 v.
1499 1312 1637 1358 Γέσιος
1665 1313 1685 1348 1
1702 1324 1742 1361 p.

1086 1372 1182 1414 478.
1201 1372 1352 1421 Eunap.
1386 1371 1426 1406 in
1445 1368 1634 1421 Porphyr.
1657 1380 1743 1418 pag.

1092 1431 1141 1469 13
1175 1441 1263 1479 pag.
1293 1430 1318 1468 7
1338 1425 1561 1464 Boissonad.
1589 1425 1676 1462 coll.
1695 1425 1744 1460 E.

1087 1485 1282 1522 Wentzel.
1304 1485 1362 1519 De
1391 1483 1607 1534 praepositt.
1632 1481 1746 1518 tmesi

1088 1555 1147 1592 ap.
1167 1539 1350 1578 Herodot.
1383 1542 1420 1586 ξ.
1452 1543 1477 1580 9
1497 1553 1536 1590 p.
1559 1541 1624 1580 18.
1652 1539 1746 1574 Lar.

1089 1598 1223 1635 cherus
1252 1598 1350 1634 bene
1379 1609 1530 1633 memor
1556 1596 1628 1632 fuit
1661 1596 1744 1631 Ho-

1087 1655 1220 1691 merici
1254 1653 1366 1690 dicti:
1407 1651 1428 1693 ὅ
1453 1648 1487 1691 δ’
1525 1647 1745 1704 ἅνέδραμεν

1093 1710 1198 1761 ἔρνεϊ
1223 1706 1306 1756 ἶσος
1324 1710 1368 1746 11.
1380 1709 1518 1756 XVIII,
1534 1708 1667 1749 56.—
1682 1705 1746 1744 Ad

1092 1764 1334 1819 οἷνέβλαστον
1355 1766 1455 1804 conf.
1478 1771 1576 1802 nott.
1611 1763 1659 1801 ad
1678 1764 1746 1811 III,

1091 1827 1158 1865 62.
1188 1822 1289 1860 Add.
1309 1823 1354 1870 V,
1375 1825 1430 1863 92
1446 1823 1483 1868 §.
1495 1820 1534 1861 4.
1549 1844 1606 1848 —
1625 1821 1747 1858 Paulo

1089 1881 1245 1918 inferius
1265 1880 1476 1930 genitivum
1505 1880 1586 1917 τῶν
1615 1873 1748 1916 ἆστῶν

1090 1945 1218 1974 tuetur
1254 1936 1532 1986 VVesselingius
1560 1933 1619 1971 his
1655 1934 1748 1970 locis

1091 1995 1297 2031 similibus:
1326 1994 1408 2039 VH,
1435 1994 1527 2033 170.
1557 1993 1623 2040 ΠΙ,
1655 1993 1748 2032 123.

1091 2052 1155 2099 IV,
1176 2053 1242 2091 33.
1265 2051 1334 2097 IX,
1357 2052 1425 2090 93.

1151 2116 1362 2168 Μεγαρέας
1382 2131 1422 2155 τε
1443 2113 1536 2162 τούς
1555 2114 1598 2154 ἐν
1619 2112 1747 2163 ῙΣικε-

1092 2174 1185 2226 My]
1216 2173 1278 2210 Ad
1313 2174 1464 2210 Siciliae
1495 2184 1600 2208 oram
1628 2171 1748 2207 meri-

1096 2229 1287 2267 dionalem
1320 2242 1398 2265 non
1436 2230 1551 2278 longe
1580 2227 1626 2264 ab
1660 2227 1749 2278 ipsis

1095 2286 1291 2337 Syracusis
1323 2285 1458 2321 intimo
1480 2286 1520 2321 in
1540 2285 1642 2321 sinus
1661 2296 1750 2320 ma-

1092 2344 1207 2378 ritimi
1238 2354 1385 2378 recessu
1413 2341 1500 2378 urbs
1530 2341 1644 2377 iacuit
1662 2339 1748 2377 Me-

1092 2411 1207 2446 gara;
1237 2411 1334 2449 quae
1356 2410 1431 2449 quo
1453 2411 1474 2434 a
1493 2397 1656 2447 Megaris
1677 2396 1749 2432 At-

1092 2456 1173 2491 ticis
1213 2453 1524 2505 distingueretur,
1562 2453 1748 2504 Hyblaeae

1093 2523 1309 2560 cognomen
1344 2512 1487 2561 accepit
1523 2522 1643 2561 prope
1670 2507 1748 2546 dis-

1094 2566 1283 2604 cernenda
1315 2568 1361 2603 ab
1392 2567 1517 2618 Hybla
1553 2565 1746 2612 Geleatide‚

1096 2624 1165 2659 ulia
1187 2625 1338 2660 Siciliae
1351 2624 1456 2671 urbe,
1478 2622 1644 2675 quacum
1661 2621 1746 2657 Me—

1095 2682 1263 2729 garicam
1292 2681 1458 2731 Hyblam
1486 2680 1632 2729 saepius
1651 2688 1746 2713 con-

1095 2737 1218 2774 fusam
1230 2750 1308 2774 esse
1321 2735 1505 2774 videmus.
1535 2733 1621 2773 Vid.
1632 2731 1746 2770 Thu-

1776 588 1801 618 «l.
