1789 3213
437 210 1074 260 POLYMNIA.VII.
1301 204 1385 244 747

129 337 176 381 δὲ
204 337 345 385 τοῦτο,
374 335 488 375 τοῖσι
516 323 856 383 ἐπιγενομένοισι
887 321 928 373 ἐξ
958 318 1126 364 ἑωυτοῦ
1148 315 1279 371 μῆνιν
1305 314 1387 355 τοῦ

101 407 247 448 ὅθεοῦ
276 399 460 456 ἐνέβαλε.
520 396 681 451 ,Ξέρξης
711 393 757 436 δὲ
784 393 924 434 ταῦτα
953 386 1161 436 ἀκούσας,
1192 381 1250 433 ὥς
1279 377 1389 424 κατὰ

129 471 179 517 τὰ
212 470 341 520 ἄλσος
383 465 569 522 ἐγένετο,
614 459 744 512 αὐτός
777 475 823 503 τε
852 458 998 512 ἔργετο
1029 451 1194 504 αὐτοῦ,
1226 449 1300 494 καὶ
1336 448 1446 504 τῇξ4ο

134 541 314 594 στρατιῇ
343 533 459 591 πάσῃ
489 530 767 588 παρήγγειλε·
797 530 886 570 τῶν
905 540 950 568 τε
983 520 1256 576 Ἀθάμαντος
1285 514 1391 560 ἄπο-

130 606 277 665 γόνων
304 603 385 659 τήν
414 602 556 657 οἰκίην
587 599 745 655 ὁμοίως
765 592 906 638 καὶτὸ
935 591 1110 646 τέμενος
1140 585 1319 640 ἐσέβετο.

225 677 372 717 Ταῦτα
409 671 487 726 μὲν
528 667 581 711 τοὶ
611 666 658 710 ἐν
688 662 917 716 Θεσσαλίῃ,
961 658 1032 702 καὶ
1061 655 1114 700 τὰ
1143 655 1190 699 ἐν
1214 651 1393 708 Ἀχαιίῃ.
1448 657 1668 718 Marisffesqtns
1693 654 1726 682 in

132 742 231 787 Ἀπὸ
261 741 307 785 δὲ
332 737 500 783 τούτων
528 739 616 779 τῶν
645 732 797 790 χώρων
825 727 892 784 ἤϊε
922 727 963 778 ἐς
991 725 1071 781 τὴν
1101 722 1280 779 Μηλίδα
1318 733 1397 761 πα-
1454 698 1726 784 {Qu-22:53⁰&-

135 810 192 866 ροὶ
223 808 390 854 κόλπον
417 803 660 859 θαλάσσης,
701 800 748 843 ἐν
785 800 847 854 τῷ
877 795 1068 852 ἄμπωτίς
1095 807 1140 835 τε
1168 789 1242 834 καὶ
1273 787 1397 843 ῥηχίη
1409 761 1729 836 453ῗῗιῗὲιξξῗίῑειεῗῗῇῗιῗ

107 877 225 922 Ξᾶνά
262 880 408 920 πᾶσαν
439 872 603 930 ἡμέρην
641 870 818 925 γίνεται.
883 863 982 917 περὶ
1025 861 1070 904 δὲ
1113 858 1193 903 τόν
1232 854 1397 900 κόλπον
1665 834 1684 851 ¹¹

136 944 297 990 τοῦτόν
317 944 405 988 ἐστι
434 945 574 998 χῶρος
594 936 782 986 πεδινός,
811 935 865 990 τῇ
896 931 974 987 μὲν
997 928 1138 983 εὐρὺς,
1166 930 1218 984 τῇ
1248 925 1294 968 δὲ
1323 923 1399 967 καὶ

138 1014 274 1068 κάρτα
303 1010 482 1062 στεινός.
511 1008 610 1062 περὶ
633 1005 678 1048 δὲ
710 1003 787 1047 τόν
815 1004 957 1056 χῶρον
987 996 1121 1052 οὔρεα
1149 992 1296 1050 ὑψηλοὶ
1325 991 1400 1035 καὶ
1438 1032 1448 1033 e

139 1083 281 1138 ἄβατα
319 1079 558 1134 περικληίει
595 1078 740 1118 πᾶσαν
782 1069 860 1126 τὴν
901 1068 1082 1124 Μηλίδα
1109 1069 1213 1120 γῆν,
1248 1061 1404 1115 Τρηχί-

109 1157 235 1193 3νιαι
263 1147 416 1200 πέτραι
446 1141 714 1199 καλεόμεναι.
773 1136 924 1193 πρώτη
954 1136 1032 1191 μέν
1061 1149 1144 1177 νυν
1172 1130 1297 1179 πόλις
1317 1126 1405 1170 ἐστὶ
1417 1132 1461 1166 50

141 1219 189 1262 ἐν
216 1220 277 1274 τῷ
305 1213 452 1273 κόλπῳ
482 1212 595 1256 ἰόντι
623 1208 707 1254 ἀπό
732 1206 930 1262 Ἀχαιίης,
949 1199 1192 1255 Ἀντικύρη·
1222 1193 1320 1251 παρ’
1350 1192 1405 1251 ἣν

2 669 69 716 98

46 1420 53 1425 s
87 1424 305 1465 lustrandae
324 1431 446 1461 terrae
474 1434 587 1460 causa
606 1421 749 1457 immo-
803 1423 884 1453 tem
910 1410 1071 1450 Rennel.
1091 1408 1221 1460 p.673
1245 1417 1369 1442 errare
1390 1415 1466 1451 eos,

89 1485 181 1521 lare.
211 1484 279 1519 Est
295 1483 400 1518 enim
418 1474 627 1530 καθαρμὸς
647 1475 751 1527 quid-

91 1541 178 1592 quid
208 1540 259 1576 ad
279 1538 511 1589 purgandum
542 1549 572 1572 s.
601 1535 752 1584 expian-

91 1598 173 1635 dum
191 1596 387 1641 adhibetur,
418 1600 460 1630 ut
478 1589 682 1641 κάθαρμα,
704 1588 752 1625 de

96 1667 173 1706 quo
213 1654 322 1704 plura
362 1650 526 1701 disputat
558 1647 751 1684 Lambert.

93 1713 182 1749 Bos.
203 1709 386 1746 Exercitt.
406 1706 551 1758 philoll.
573 1703 649 1740 adl
665 1703 750 1740 Cor.

94 1768 158 1815 IV,
191 1770 256 1808 13.
313 1767 371 1802 De
401 1765 476 1801 Aea
513 1760 673 1799 Colchide
703 1759 752 1797 cf.

95 1825 178 1871 VII,
198 1826 275 1864 193
289 1829 326 1859 et
346 1821 394 1858 de
413 1833 508 1859 voce
518 1821 637 1871 μῆνις
657 1822 753 1854 nott.

99 1880 148 1918 ad
166 1881 250 1928 VII,
273 1877 366 1919 134.

271 1969 366 2020 Cap.
386 1965 587 2005 cxcvm.

159 2046 225 2100 ἤϊε
251 2047 291 2095 ἔς
326 2043 400 2096 τήν
436 2042 631 2093 Μηλίδα]
672 2038 760 2078 Vid.

104 2113 201 2144 nott.
235 2104 283 2142 ad
310 2104 391 2151 VII,
426 2104 519 2142 132.
575 2100 680 2146 Quae
701 2110 764 2134 se-

107 2169 296 2216 quuntur:
319 2160 361 2199 ἐν
384 2161 436 2212 τῷ
456 2155 634 2209 ἄμπωτίς
646 2169 685 2194 τε
695 2151 762 2193 καὶ

109 2220 226 2274 ῥηχίη
255 2214 332 2257 dvo}
355 2219 488 2254 πᾶσαν
517 2212 672 2264 η”μέρην
702 2211 766 2263 γί-

109 2291 217 2317 νεται
243 2276 268 2312 i.
298 2287 331 2310 e.
359 2275 398 2310 in
423 2285 486 2322 quo
502 2272 632 2321 fluxus
653 2271 684 2305 et
707 2281 767 2304 re-

112 2335 234 2384 fluxus
259 2345 288 2369 s.
311 2342 461 2367 recessus
482 2331 514 2364 et
543 2338 700 2364 accessus
723 2337 769 2361 (ι-

114 2401 259 2440 quarum
290 2387 444 2437 quotidie
459 2385 531 2436 fit,
562 2382 697 2420 eadem
717 2382 770 2417 le-

115 2452 258 2497 guntur
285 2445 333 2491 11,
365 2446 414 2483 11
447 2442 533 2479 coll.
554 2440 654 2486 VIII,
679 2439 771 2479 129.

116 2504 243 2553 Atque
263 2499 338 2536 huc
349 2505 516 2549 spectare
531 2497 667 2534 Catulli
685 2507 774 2531 ver-

118 2560 167 2597 ba
186 2560 225 2595 in
239 2557 348 2606 Eleg.
371 2553 563 2606 (LXVIII)
586 2553 634 2590 ad
654 2551 773 2590 Manl.

119 2629 174 2654 vs.
196 2614 248 2655 53
264 2626 342 2664 seq.
376 2612 503 2648 statuit
531 2609 689 2660 Kriegk.
717 2609 776 2644 De

119 2673 307 2709 Malienss.
338 2680 426 2719 pag.
460 2669 522 2714 16,
542 2667 608 2703 ubi
638 2665 779 2716 Appia-

122 2741 220 2766 num
249 2738 401 2778 quoque
428 2725 536 2771 citat,
571 2723 639 2774 qui
672 2722 777 2773 Syrr.

127 2787 178 2826 17
199 2779 408 2823 θάλασσαν
435 2782 616 2833 τραχεῖαν
641 2777 707 2817 καὶ
729 2772 781 2816 οἶ-

127 2842 287 2894 λίμενον
314 2845 439 2879 vocat.
494 2837 676 2875 Observat
713 2846 779 2872 au-

807 1473 873 1524 qui
901 1468 1239 1512 mediterraneum,
1261 1461 1365 1514 quod
1395 1473 1469 1498 vo—

808 1535 914 1566 catur
930 1555 940 1574 ,
969 1537 1075 1561 mare
1105 1522 1216 1558 fluxu
1244 1533 1286 1556 ac
1318 1517 1469 1555 refluxu

809 1596 936 1622 carere
958 1581 1188 1625 existiment,
1213 1589 1303 1613 cum
1321 1588 1362 1611 re
1380 1586 1471 1611 vera

807 1649 981 1691 uterque,
1010 1637 1170 1685 exiguus
1191 1632 1383 1685 quamvis,
1409 1643 1474 1666 re-

808 1698 975 1750 periatur
1031 1690 1293 1742 Herodotique
1356 1688 1473 1738 igitur

810 1753 1080 1804 comprobetur
1099 1747 1373 1786 testimonium.

868 1807 989 1858 οὔρεα
1012 1801 1154 1856 ’ὕψηλοὲ
1168 1803 1235 1844 καὶ
1257 1799 1387 1854 ἄβατα
1407 1813 1474 1839 πε-

812 1867 980 1921 ρικληίει
1016 1866 1151 1902 πᾶσαν
1183 1857 1258 1909 τήν
1304 1857 1475 1908 Μηλίδα

812 1924 921 1978 γῆν]
953 1920 1040 1960 Vid.
1060 1925 1157 1957 nott.
1187 1916 1236 1953 ad
1263 1915 1345 1962 VII,
1381 1915 1475 1954 176.

815 1978 1036 2033 περικληΐει
1055 1988 1159 2014 nuuc
1179 1980 1282 2011 recte
1315 1970 1476 2015 editum,

817 2044 860 2074 ut
890 2035 1037 2073 dudum
1065 2033 1237 2071 voluerat
1264 2031 1389 2066 Koen.
1429 2024 1479 2062 ad

819 2096 979 2144 Gregor.
1001 2092 1086 2131 Cor.
1110 2088 1157 2126 de
1174 2087 1323 2127 dialect.
1338 2087 1422 2121 Ion.
1439 2083 1478 2128 ξ.

821 2154 844 2192 3
876 2165 912 2201 p.
945 2150 1037 2190 377.
1104 2145 1230 2196 Vulgo
1260 2134 1478 2194 περικλῄει,

822 2209 928 2245 cuius
948 2207 1034 2242 loco
1054 2202 1294 2240 Florentinus
1323 2197 1480 2250 praebet

822 2262 1044 2314 περικλείει.
1091 2257 1265 2296 Reiskjus
1295 2256 1484 2293 maluerat

825 2318 954 2372 ἄβατα
971 2314 1019 2357 τοὶ
1038 2312 1241 2369 περικλῄει
1258 2343 1268 2362 ,
1297 2312 1483 2364 probante

825 2375 1096 2426 Wesselingio,
1124 2374 1189 2425 qui
1209 2383 1301 2408 mox
1321 2381 1390 2420 pro
1411 2362 1486 2416 τήν

830 2429 1027 2486 Μηλιοῖδα
1046 2437 1148 2467 recte
1170 2427 1274 2466 dedit
1294 2424 1367 2475 τήν
1393 2426 1488 2472 Μη-

828 2493 917 2533 λίδα
956 2492 1055 2542 γῆν,
1100 2493 1143 2523 ut
1170 2486 1251 2532 VII,
1273 2485 1367 2524 201.
1387 2480 1488 2527 VIII,

831 2553 898 2592 31.
922 2544 1102 2597 Sophocl.
1124 2540 1266 2580 Trach.
1283 2542 1378 2580 637.

887 2598 1120 2653 Ἀντικύρη]
1150 2601 1257 2636 Unus
1277 2595 1413 2633 Strabo
1433 2592 1492 2628 IX

834 2678 873 2715 p.
906 2661 985 2702 640
1012 2660 1056 2696 B.
1089 2670 1118 2694 s.
1140 2670 1177 2706 p.
1206 2654 1287 2694 418
1309 2651 1410 2688 hunc
1431 2649 1490 2686 vi·-

836 2732 948 2765 cum,
983 2716 1050 2752 ubi
1088 2712 1347 2754 helleborum,
1387 2703 1492 2759 quod

837 2789 887 2813 ex
907 2776 1022 2812 Oetae
1041 2771 1234 2808 montibus
1254 2765 1382 2815 colligi
1399 2763 1494 2801 scri-

836 2834 893 2871 bit
922 2832 959 2869 T
962 2826 1178 2880 heophrast.
1193 2827 1242 2864 H.
1262 2825 1321 2862 Pl.
1341 2824 1411 2871 lx,
1427 2823 1493 2862 11.
