1834 3258
425 249 904 288 POLYMNIA.
963 248 1066 285 VII.

1290 250 1374 289 495

76 364 302 405 enavetvm
344 357 387 409 ἐς
416 356 466 401 τὸ
506 358 693 413 πέλαγος
721 357 888 402 πεδέων
918 361 1078 414 ζεῦγος.
1135 355 1219 413 ἤδη
1250 356 1296 400 δὲ
1325 356 1373 411 ἥ-

102 437 242 471 κουσα
285 425 344 477 ὥς
373 426 446 469 καὶ
479 426 648 480 στιγέας
685 426 776 482 ἅμα
805 425 1003 470 τούτοισι
1034 424 1257 480 ἀπέπεμψε
1288 425 1372 467 στί-

102 498 253 546 ξοντας
294 494 374 537 τόν
405 492 735 550 Ἑλλήσποντον.
795 494 1033 538 ἐνετέλλετο
1066 493 1119 549 δὴ
1152 488 1215 537 ὧν
1246 493 1373 548 ῥαπί-

71 567 263 616 3ζοντας,
295 561 435 617 λέγειν
461 561 672 619 ,βάρβαρά
705 579 750 606 τε
792 563 867 606 καὶ
906 562 1159 606 ἀτάσθαλα·
1203 555 1279 614 „³52
1308 566 1428 604 πι-95

100 630 235 686 „quv
281 629 427 684 ὕδωρ,
479 630 691 686 δεσπότης
719 639 795 673 ’τοι
837 632 963 686 δίκην
1007 631 1194 673 ἐπιτιθεῖ
1229 628 1372 686 τήνδε,

70 698 196 752 4,,ὅτι
225 715 301 755 μιν
331 697 551 755 ἠδίκησας,
583 698 715 742 οὐδὲν
762 699 871 752 πρὸς
903 699 1071 742 ἐκείνου
1102 696 1260 741 ἄδικον
1289 713 1373 741 πα-

102 766 227 819 „adu

286 767 360 811 καὶ
396 765 601 822 βασιλεὺς
630 767 710 822 μὲν
743 768 905 822 Ξέρξης
936 765 1190 822 διαβήσεταί
1220 778 1288 818 σε,
1318 765 1374 822 ἤν

103 851 172 888 ,,τε
202 834 258 879 σύ
287 851 335 891 γε
364 834 532 891 βούλῃ,
564 834 620 891 ἤν
648 851 692 877 τε
722 834 792 890 μή.
824 835 894 877 σοὶ
925 834 971 878 δὲ
999 834 1110 878 nocto}
1144 837 1270 891 δίκην
1287 833 1373 890 ἄρα

104 903 275 955 ,,ου’δεὶς
320 901 574 959 ἀνθρώπων
620 901 743 954 θύει,
800 900 858 953 ὥς
890 902 1003 946 ἐόντι
1035 904 1201 962 δολερῷ
1226 920 1270 948 τε
1300 903 1372 947 καὶ

46 1097 94 1135 de
122 1100 327 1135 Persarum
355 1111 446 1148 rege
475 1111 542 1135 seu
585 1100 710 1149 potius

46 1151 234 1208 δεσπότῃ,
255 1154 443 1192 iudicium
473 1168 552 1192 esse
581 1156 712 1191 feren-

45 1211 151 1260 dum,
174 1212 240 1264 qui
254 1210 372 1249 modo
384 1210 638 1249 Ormuzditun
658 1214 712 1248 ri-

44 1275 83 1306 te
114 1281 158 1305 ac
188 1270 250 1320 pie
281 1268 496 1306 secundum
516 1270 712 1306 Zoroastri

37 1333 248 1377 praecepta
286 1326 448 1374 coleret,
487 1327 636 1362 nemini
672 1340 713 1364 se

46 1383 261 1420 subiectum
295 1390 446 1435 putaret
483 1396 556 1420 nec
599 1382 714 1435 quid-

47 1452 164 1491 quam
184 1440 254 1476 sibi
282 1439 522 1488 timendum,
554 1442 619 1492 qui
638 1441 712 1491 igi-

46 1503 109 1533 tur
137 1497 452 1547 Hellespontum,
499 1510 618 1549 quem
642 1510 711 1548 pro

46 1552 163 1590 fluvio
205 1552 402 1602 habuerit,
446 1555 561 1591 simili
592 1554 710 1591 modo

45 1610 177 1647 ulcisci
209 1609 398 1658 studeret,
431 1624 507 1662 quo
525 1612 617 1649 olim
635 1612 713 1663 Cy-

14 1694 16 1696 r
46 1679 110 1703 lus
131 1666 312 1718 Gyndem
327 1667 488 1705 fluvium
500 1669 541 1704 in
562 1675 714 1705 trecen-

46 1730 104 1760 tos
132 1725 330 1774 sexaginta
379 1726 479 1762 rivos
513 1724 714 1762 diductum

48 1780 97 1830 (1,
128 1782 244 1830 202).
301 1781 420 1818 Aliud
452 1794 713 1832 programma,

50 1836 155 1889 quod
182 1839 223 1874 in
260 1837 391 1875 schola
441 1837 715 1876 Rothscildana

50 1907 152 1930 anno
176 1897 283 1935 1826
304 1896 373 1932 sub
394 1893 468 1932 hoc
489 1896 599 1933 titulo
620 1909 714 1947 pro—

51 1949 161 1987 diisse
182 1950 344 1989 dicitur:
375 1952 446 1999 „In
468 1951 713 2003 disceptatio-

50 2019 144 2043 nem
153 2014 351 2054 vocantur,
371 2020 468 2059 quae
482 2007 528 2045 de
543 2010 597 2045 ira
608 2011 712 2045 Xer—

50 2064 108 2100 xis
130 2063 284 2101 disiecto
301 2065 338 2101 vi
363 2067 593 2116 tempestatis
615 2079 717 2116 pon-

50 2127 110 2167 te,
140 2133 217 2172 quo
255 2122 548 2172 Hellespontum
576 2124 717 2159 iunxe-

49 2183 121 2224 rat,
143 2178 189 2214 ab
211 2177 408 2215 Herodoto
430 2186 519 2216 sunt
538 2178 716 2230 prodita“

52 2232 101 2270 ad
122 2247 186 2270 me
205 2231 310 2271 haud
330 2237 517 2286 pervenit.

111 2289 166 2337 ὥς
193 2289 262 2329 καὶ
288 2290 440 2344 στιγέας
454 2292 716 2340 -στίξοντας

51 2344 119 2386 τὸν
142 2344 464 2398 Ἑλλήσποντον]
497 2350 717 2401 Attigerunt

52 2402 148 2440 haec
178 2406 366 2443 Iuvenalis
395 2406 477 2444 Sat.
504 2408 554 2456 X,
579 2408 658 2448 182
680 2414 717 2444 et

52 2458 247 2498 Plutarch.
270 2462 307 2498 II
329 2476 366 2513 p.
387 2462 469 2504 455
493 2465 540 2502 D.
564 2463 717 2515 στιγέας

54 2518 189 2567 optimi
218 2518 361 2570 quique
383 2518 474 2556 dant
505 2519 616 2558 codd.
646 2534 715 2571 pro

54 2574 147 2611 olim
168 2575 272 2624 vulg.
293 2574 514 2626 μαστιγέας,
537 2576 640 2629 quod
654 2579 716 2628 ip-

54 2643 140 2668 sum
168 2643 280 2667 verae
308 2632 478 2670 lectionis
507 2641 562 2671 est
596 2635 717 2671 inter-

54 2694 352 2738 pretamentum.
409 2690 585 2741 Namque
606 2688 719 2730 ὁστι-

57 2741 149 2794 γεῦς
186 2742 283 2781 illud
321 2751 376 2782 est
408 2745 717 2794 instrumentum,

61 2812 136 2852 quo
156 2802 332 2851 stigmata
352 2803 556 2840 inuruntur
575 2816 603 2840 s.
617 2809 720 2854 puuss

61 2863 212 2907 guntur,
233 2854 276 2899 τὸ
305 2854 538 2911 κεντήριον,
578 2866 620 2897 ut
650 2873 720 2897 ex-

768 1100 877 1150 ponit
899 1098 1036 1136 Suidas
1068 1100 1118 1138 T.
1150 1100 1205 1136 III
1225 1111 1313 1150 pag.
1338 1101 1428 1139 376.

768 1155 974 1193 Istiusmodi
989 1157 1106 1204 igitur
1129 1158 1361 1193 instrumenta
1374 1155 1431 1191 de-

767 1214 863 1249 misit
883 1212 1034 1259 Xerxes,
1067 1214 1193 1263 quibus
1217 1225 1310 1250 mare
1331 1214 1436 1262 quasi

763 1273 994 1320 pungeretur.
1006 1271 1140 1321 Itaque
1152 1268 1257 1306 haud
1269 1282 1363 1319 opus
1377 1270 1435 1305 vi-

770 1325 893 1374 detur,
914 1339 1004 1362 cum
1015 1325 1381 1377 Schweighaeusero
1395 1327 1435 1361 in

768 1385 864 1420 Lex.
886 1382 1030 1421 Herod.
1054 1382 1208 1436 στιγέας
1236 1382 1299 1420 hic
1320 1383 1435 1419 intel—

768 1441 887 1491 ligere
908 1440 1069 1489 leomz'nes,
1092 1442 1158 1494 qui
1167 1442 1265 1478 mari
1275 1441 1436 1491 stigma-

768 1504 807 1534 ta
826 1498 1035 1535 inurerent.

829 1547 862 1593 03
887 1552 1037 1607 πικρόν
1058 1550 1167 1604 ὕδωρ
1180 1569 1217 1593 κ.
1236 1570 1270 1593 τ.
1287 1554 1340 1602 λ.]
1373 1552 1437 1589 Ad

770 1608 865 1648 haec
911 1611 1075 1649 conferri
1102 1613 1237 1649 volunt
1267 1613 1437 1647 Hermo-

770 1681 912 1719 genem
946 1682 1036 1720 pag.
1062 1668 1161 1709 403.
1215 1669 1307 1705 Post
1324 1664 1434 1718 ὕδωρ

773 1724 860 1762 edd.
893 1732 986 1762 vett.
1030 1739 1120 1762 cum
1159 1724 1310 1762 scholiis
1336 1727 1435 1761 Her—

772 1795 905 1833 mogg.
926 1781 1074 1819 addunt
1094 1781 1160 1821 καὶ
1172 1779 1366 1833 ἁλμυρόν.
1379 1803 1435 1807 -—

770 1838 834 1876 Ad
853 1840 1019 1876 formam
1040 1839 1215 1878 ἐπιτιθεῖ
1231 1839 1279 1876 cf.
1298 1837 1435 1874 Matth.

770 1896 837 1936 Gr.
861 1897 926 1932 Gr.
941 1908 1031 1946 pag.
1048 1895 1143 1936 394.

828 1951 883 1998 ὥς
907 1949 1013 1991 ἐόντι
1035 1952 1185 2003 δολερῷ
1205 1965 1245 1990 τε
1266 1949 1331 1989 καὶ
1364 1948 1435 1988 οἳλ-

772 2010 883 2062 μυρῷ
902 2008 1090 2062 ποταμῷ]
1122 2007 1289 2045 Dolosum
1305 2020 1348 2043 ac
1360 2007 1436 2043 sal-

771 2078 849 2102 sum
877 2064 1039 2102 fiuvium
1067 2066 1216 2101 Xerxes
1245 2077 1313 2115 per
1341 2077 1435 2101 con»-

771 2128 937 2159 temtum
975 2129 1087 2160 vocat
1120 2121 1436 2172 Hellespontum,

774 2176 938 2229 δολερόν
962 2178 1128 2226 dolosum,
1144 2177 1249 2230 quod
1267 2179 1437 2229 primum

771 2236 835 2272 ille
847 2242 981 2286 pontes
993 2236 1101 2286 iungi
1112 2237 1209 2283 sivit,
1226 2248 1320 2272 mox
1330 2248 1435 2282 vero,

771 2305 889 2343 prava
923 2291 1127 2329 calliditate
1152 2305 1253 2341 usus,
1276 2305 1338 2329 eos
1361 2291 1438 2328 ‹lis—

771 2350 874 2386 iecit.
915 2350 1040 2394 Quare
1063 2350 1129 2388 Vix
1145 2362 1252 2400 opus,
1273 2362 1337 2386 me
1354 2350 1438 2400 qui-

773 2405 864 2443 dem
883 2406 1028 2451 iudice,
1048 2420 1138 2444 clnn
1157 2405 1366 2444 Marcland.
1390 2405 1439 2442 ad

773 2464 908 2514 Eurip.
930 2463 1067 2514 Suppl.
1097 2466 1180 2505 222
1202 2471 1238 2501 et
1260 2461 1435 2503 Boeckh.

773 2521 926 2557 Platon.
958 2521 1053 2561 Min.
1089 2533 1177 2571 pag.
1215 2522 1292 2560 173
1324 2520 1439 2571 (quos

773 2578 944 2629 sequitur
962 2575 1184 2628 Bekkerus)
1204 2589 1273 2628 pro
1287 2577 1439 2628 δολερῷ

774 2634 978 2671 rescribere
1007 2636 1179 2686 θολερῷ,
1213 2639 1256 2670 ut
1275 2632 1438 2669 turbidas

773 2691 1008 2741 intelligatur
1036 2690 1194 2737 ssuvius,
1244 2688 1349 2741 quod
1370 2701 1437 2725 cur

774 2748 896 2798 magis
916 2747 1118 2785 conveniat
1131 2748 1188 2800 τῷ
1207 2743 1381 2798 ἁλμυρῷ,
1395 2750 1437 2781 ut

776 2804 934 2851 volunt,
977 2802 1158 2855 equidem
1184 2801 1289 2838 haud
1312 2814 1436 2852 expu-

776 2867 868 2899 tem.
909 2858 971 2897 Ad
991 2872 1128 2898 vocem
1148 2856 1312 2914 ἁλμυρῷ
1333 2857 1437 2896 conf.
