1806 3181
426 122 509 162 722

820 118 1284 157 HERODOTI

427 227 764 274 καλλιστεύοντα
801 225 1035 284 ἀγαγόντες
1071 227 1141 270 ἐπὶ
1175 230 1251 284 τῆς
1275 225 1453 284 πρώρης
1481 228 1557 283 τῆς
1580 224 1685 283 νηὸς

427 297 642 352 ἔσφαξαν,
684 295 901 347 διαδέξιον
941 294 1194 350 ποιεύμενοι
1231 294 1310 340 τὸν
1337 293 1456 340 εἷλον
1483 297 1571 339 τῶν
1597 293 1687 338 Ἑλ-

427 364 573 420 λήνων
601 367 775 417 πρῶτον
802 364 876 406 καὶ
904 362 1149 406 κάλλιστον.

1204 367 1264 418 τῷ
1295 363 1341 407 δὲ
1371 361 1687 419 σφαγιασθέντι

426 430 568 488 τούτῳ
597 430 766 487 οὕνομα
794 427 851 488 ἦν
880 431 1029 475 Λέων·
1057 428 1164 486 τάχα
1193 430 1230 474 δ’
1255 428 1310 474 ἄν
1338 447 1380 475 τι
1407 431 1481 475 καὶ
1498 432 1579 474 τοῦ
1609 427 1684 473 οὗ·
1740 427 1806 472 591

372 636 447 667 ster
468 628 563 665 dixit
583 642 627 665 eo
656 642 789 675 sensu,
830 641 906 680 quo
937 629 1026 665 alias

374 683 609 733 κάλλιῖῖτον,
661 680 930 724 εύειδέστατον
972 680 1030 723 εἷ-

373 758 440 782 ναι
464 741 610 793 (formd
625 745 830 791 praestare,
863 741 1028 792 pulcher-

372 801 519 846 rimum,
563 798 852 848 formosissimum
904 799 1029 847 esse),-

373 855 477 892 uude
515 856 577 893 vel
610 856 824 905 genitivum
860 853 1031 892 adsciscit

374 914 437 960 VI,
459 914 524 952 61.
568 911 669 959 Adel.
690 913 721 960 Ι,
745 914 836 952 196.
857 912 1029 959 1V,163.

377 972 469 1010 180.
500 969 599 1016 Vln,
639 972 688 1009 12
692 967 731 1007 4.
789 970 833 1003 In
853 969 1028 1019 proxime

374 1039 481 1076 seqq.
505 1038 525 1060 e
547 1026 738 1062 Sancrofti
768 1025 863 1061 libro
881 1025 1031 1090 alioque

378 1081 574 1119 Schaefer.
607 1081 711 1118 dedit
742 1080 804 1120 ἐπι
826 1096 900 1130 την
920 1075 1031 1133 ποώ-

376 1153 465 1190 ρην,
496 1136 600 1189 quod
616 1151 705 1174 cum
720 1138 834 1175 verbo
857 1133 1031 1188 εἷγαγόν-

375 1209 438 1240 τες
466 1195 603 1231 melius
630 1207 841 1244 congruere
861 1194 1031 1243 putabat.

377 1249 629 1288 Schaeferum
658 1251 827 1302 sequitur
862 1249 1030 1286 Bekker.

375 1306 569 1359 Equidem
602 1320 692 1343 cum
737 1305 958 1356 Schweigh.
997 1312 1034 1342 et

377 1364 493 1402 Gaisf.
528 1364 726 1413 vulgatam
755 1364 917 1399 retinere
946 1375 1033 1398 ma-

376 1421 442 1468 lui,
460 1421 490 1456 si
507 1419 664 1471 quidem
685 1417 748 1458 ἐπὶ
778 1421 848 1468 τῆς
868 1415 1034 1469 πρῶρης

377 1476 437 1527 (in
462 1477 591 1526 prora)
624 1486 745 1527 aeque
776 1476 873 1511 bene
894 1476 1033 1511 referre

376 1533 504 1569 licebit
517 1532 564 1568 ad
578 1531 766 1581 ἔσφαξαν,
780 1531 1033 1579 distinctione,

379 1591 532 1641 quaein
554 1588 751 1626 Schaeferi
772 1587 935 1624 edjtioue
947 1595 1034 1624 aute

379 1645 557 1694 ἔσφαξαν
576 1646 753 1696 ponitm,
784 1643 917 1681 deletsu
975 1643 1037 1680 Ad

379 1698 615 1768 ἀγαγόντες
647 1714 737 1738 cum
789 1702 905 1737 Porto
945 1701 1037 1737 sub-

380 1758 510 1795 audias
541 1754 643 1809 πρὸς
674 1754 840 1803 ἑαυτούς
869 1758 894 1796 i.
919 1770 951 1793 e.
991 1756 1039 1794 ad

379 1829 460 1852 suos
479 1829 510 1852 s.
541 1814 589 1851 acl
609 1827 708 1851 suam
734 1827 868 1851 navem.
918 1815 1039 1850 Nam-

381 1885 456 1923 que
478 1878 588 1922 capta
609 1872 755 1907 Graeca
774 1883 884 1918 nave,
905 1871 1037 1907 Leon-

380 1935 460 1965 tem
488 1930 626 1965 Persae
659 1941 679 1963 e
709 1929 854 1964 Graeca
877 1941 975 1964 nave
996 1929 1035 1962 iu

381 1997 491 2022 suam
511 1984 721 2021 adductum
741 1984 781 2020 iu
805 1996 917 2034 prora
939 1981 1036 2035 (na-

381 2042 436 2079 vis
455 2043 657 2088 Persicae)
686 2041 922 2090 iugularuut.

405 2158 422 2164 Ν
439 2106 634 2154 διαδέξιον
683 2104 919 2158 ποιεύμενοι
966 2103 1037 2146 τόν

385 2165 491 2202 εἷλον
512 2178 547 2201 κ.
569 2178 602 2200 τ.
627 2164 682 2210 λ.]
713 2166 817 2200 Haec
839 2164 954 2201 verba
974 2176 1038 2200 co-

383 2220 522 2270 piosius
571 2225 728 2255 tractata
776 2221 822 2256 ab
871 2221 1036 2256 Aemilio

383 2278 499 2313 Porto
520 2276 560 2312 iu
591 2277 686 2313 Lex.
707 2276 789 2311 Ion.
810 2277 860 2311 ita
881 2275 1039 2312 reddere

383 2334 493 2370 licet:
531 2344 549 2369 e
571 2331 713 2382 formae
735 2333 961 2381 praestantia
990 2332 1036 2368 il-

386 2389 477 2436 lius,
518 2401 615 2438 quem
642 2390 794 2438 primum
828 2388 1037 2425 Graecorum

385 2449 571 2495 ceperant,
601 2444 731 2480 laetum
762 2456 856 2480 omen
885 2447 1036 2494 captan-

386 2506 447 2549 tes,
471 2502 531 2539 vel
552 2501 713 2538 dextrum
732 2501 774 2547 (i.
798 2514 831 2537 e.
852 2500 1035 2549 faustum)

385 2571 480 2595 omen
512 2559 751 2594 existimantes
778 2557 906 2605 illum,
938 2569 1035 2606 quem

386 2628 403 2652 e
421 2615 568 2652 Graecis
588 2615 740 2664 primum
773 2617 877 2663 atque
900 2612 1037 2664 sormo-

386 2672 557 2708 sissimum
576 2673 747 2720 ceperant.
804 2672 848 2707 In
869 2682 914 2707 eo
935 2671 1037 2706 euim

388 2727 504 2765 felicis
523 2739 650 2764 rerum
659 2727 781 2764 exitus
800 2726 1037 2778 praesagium

1771 572 1792 596 ι

1088 628 1160 666 sibi
1187 625 1316 665 videre
1345 625 1584 664 videbantur.
1612 622 1744 664 διαδέ-
1776 623 1790 654 ,⁹

1090 685 1176 733 ξιον
1203 684 1425 720 monstravit
1463 684 1601 719 Portus
1638 680 1745 718 idem

1091 755 1170 779 esse
1195 745 1307 793 atque
1329 738 1483 787 δέξιον,
1514 737 1658 785 αἴσιον,
1679 734 1747 776 εύ-
1804 783 1806 789 Ι

1089 795 1214 848 τυχὲς,
1237 804 1279 834 ut
1300 796 1401 847 apud
1411 796 1565 832 Latinos
1584 794 1747 832 dextrum
1783 820 1794 840 -3

1091 856 1247 905 ponitur
1282 866 1351 904 pro
1385 852 1524 903 fausto,
1573 851 1666 889 laeto
1703 863 1747 888 ac
1774 849 1806 935 ἑ

1086 924 1261 962 prospero.
1316 911 1450 961 Itaque
1481 907 1610 956 δέξιον
1655 921 1749 946 ποι·
1784 921 1802 957 χ

1096 967 1232 1006 εῖσθαί
1261 981 1297 1005 τι
1325 966 1430 1003 idem
1455 966 1533 1002 fere
1557 965 1658 1002 valet
1688 970 1748 1000 at-

1094 1037 1169 1076 que
1188 1023 1363 1074 νομίζειν
1383 1038 1420 1062 τι
1439 1021 1570 1061 αἴσιον
1590 1019 1657 1060 καὶ
1680 1015 1748 1059 εύ-

1092 1078 1225 1130 τυχὲς,
1266 1086 1331 1115 aut
1362 1075 1505 1117 οἰωνόν
1533 1093 1570 1116 τι
1596 1076 1749 1115 θέσθαι
1787 1077 1806 1127 ξ,

1091 1137 1153 1174 vel
1173 1138 1400 1183 ποιεῖσθαι,
1430 1142 1472 1171 ut
1497 1147 1545 1170 ex
1573 1131 1749 1183 Euripid.
1796 1163 1798 1167 ,

1091 1191 1266 1243 Iphigen.
1286 1192 1377 1233 Aul.
1399 1193 1480 1231 607
1515 1189 1625 1226 affert
1653 1189 1748 1226 Val-
1795 1185 1801 1222 ᾖ

1092 1248 1330 1295 ckenaerius,
1352 1248 1414 1284 cui
1434 1248 1550 1283 etiam
1568 1247 1609 1282 iu
1633 1259 1748 1282 men-

1092 1312 1173 1342 tem
1191 1310 1350 1342 venerat
1380 1303 1460 1342 Δία
1495 1301 1624 1351 δέξιον
1653 1303 1748 1340 scri-

1093 1363 1184 1399 bere
1203 1374 1272 1413 pro
1297 1359 1509 1408 διαδέξιον.

1149 1480 1248 1536 τάχα
1271 1479 1304 1524 δ’
1320 1480 1372 1523 ἅν
1391 1498 1429 1522 τι
1449 1481 1516 1522 καὶ
1534 1484 1608 1522 τοῦ
1627 1476 1751 1522 ον’νό-

1096 1556 1218 1593 ματος
1251 1537 1494 1591 ἐπαύροιτο]
1525 1541 1633 1575 Bene
1651 1540 1752 1576 Por-

1097 1605 1156 1635 tus
1177 1604 1215 1634 et
1233 1595 1482 1634 Valckenaer.
1507 1595 1664 1646 fortasse
1679 1607 1751 1631 au-

1098 1658 1164 1691 tem
1187 1655 1293 1692 etiam
1313 1653 1462 1702 aliquem
1472 1651 1635 1702 fructum
1655 1665 1672 1688 e
1685 1664 1751 1688 ηο-
1798 1647 1800 1650 ’

1098 1712 1186 1748 mine
1210 1707 1412 1758 [Λέοντος
1431 1730 1477 1736 ——
1495 1707 1642 1756 Leonis]
1669 1721 1752 1758 per-
1779 1748 1781 1750 ,

1099 1768 1209 1816 cepit:
1258 1772 1301 1802 ut
1338 1778 1479 1816 nempe
1517 1765 1624 1816 peius
1661 1776 1753 1801 cum

1098 1825 1180 1873 ipso
1217 1828 1412 1872 ageretur,
1460 1821 1640 1874 tristeque
1671 1821 1753 1871 ipse
1786 1855 1788 1861 ,

1100 1881 1220 1916 obiret
1239 1880 1373 1917 fatum.
1431 1878 1506 1914 Ubi
1517 1876 1681 1928 fructum
1694 1877 1753 1913 in-

1098 1937 1245 1972 tellexit
1264 1935 1414 1972 caedem.
1463 1935 1536 1980 Qui
1556 1935 1660 1970 enim
1677 1932 1754 1970 Leo

1098 1991 1255 2043 (Λέων)
1268 1991 1487 2038 vocabatur,
1501 1991 1549 2027 ob
1569 1989 1609 2027 id
1626 1991 1754 2040 ipsum
1786 2021 1798 2034 .,

1103 2048 1230 2086 Leonis
1246 2061 1391 2085 nomeu
1419 2048 1460 2084 in
1488 2045 1562 2084 hoc
1589 2047 1755 2084 infortu-
1784 2039 1803 2081 ,³⁸

1097 2107 1208 2142 nium
1244 2103 1419 2141 incidisse
1456 2102 1646 2154 putandus
1684 2108 1754 2140 est.
1782 2119 1784 2122 ·

1097 2163 1142 2198 Iu
1163 2162 1258 2199 leone
1277 2168 1406 2198 autem
1426 2161 1590 2196 Graecos
1610 2156 1755 2210 aliquid

1098 2217 1338 2255 reconditum
1405 2227 1448 2252 ac
1513 2215 1755 2253 tesserarium

1100 2274 1338 2325 quaesivisse,
1360 2271 1421 2309 vel
1442 2284 1490 2308 ex
1509 2272 1565 2319 iis,
1587 2284 1686 2323 quae
1704 2269 1754 2308 ad

1099 2331 1160 2377 VI,
1169 2332 1240 2370 131
1258 2329 1594 2378 attulimus,colligi
1603 2328 1755 2378 poterit.

1099 2386 1268 2424 Verbum
1299 2379 1548 2435 ἐπαύρεσθαι
1568 2384 1766 2435 (fructum.

1093 2443 1296 2493 percipere)
1321 2443 1360 2478 iu
1380 2448 1582 2493 utramque
1604 2447 1755 2492 partem

1100 2506 1136 2536 et
1166 2500 1307 2536 bonam
1330 2505 1367 2536 et
1395 2498 1538 2535 malam
1567 2495 1752 2545 adhiberi,

1098 2557 1186 2593 sasss
1204 2563 1354 2593 notum.
1410 2553 1533 2592 Affert
1563 2552 1753 2606 quaedam

1099 2611 1415 2657 Valckeuaerius‚
1444 2609 1492 2648 de
1520 2611 1650 2649 similis
1676 2622 1753 2648 1²0-

1099 2670 1210 2707 tionis
1238 2669 1354 2707 verbo
1385 2663 1604 2707 ἀπολαύειν
1633 2667 1753 2703 nitens

1100 2724 1359 2765 Hemsterhus.
1401 2723 1452 2762 ad
1491 2724 1646 2762 Lucian.
1678 2722 1752 2761 Tiq
