1870 3249
553 193 856 231 ERATO.
914 194 985 232 Vl.

1330 194 1414 234 255

151 305 444 362 Ζαγκλαίοισι,
475 304 687 358 συμμίξας
708 307 822 346 τοῖσι
842 303 1068 358 Σαμίοισι,
1098 299 1328 345 ἀναπείθει
1356 298 1415 352 ὥς

145 374 272 431 χρεόν
301 374 366 428 εἴη
388 371 543 427 Καλὴν
572 370 651 426 μὲν
676 369 829 427 Ἀκτήν
859 370 930 414 ἐπ’
959 370 1016 425 ἢν
1046 370 1198 414 ἔπλεον
1226 367 1305 412 ἐᾶν
1323 369 1469 423 χαί-95

144 457 250 497 ρειν,
271 438 352 495 τὴν
384 439 430 482 δὲ
450 437 653 495 Ζάγκλην
681 443 809 495 σχεῖν,
840 439 1001 484 ἐοῦσαν
1031 438 1193 494 ἐρῆμον
1221 433 1413 491 ἀνδρῶν.

113 507 423 563 3πενθομένων
452 506 498 550 δὲ
527 511 618 551 τῶν
639 509 840 563 Σαμίων,
870 507 944 551 καὶ
975 506 1168 563 σχόντων
1189 503 1271 561 τήν
1300 504 1414 560 Ζάγ-

141 581 272 633 κλην,
315 574 509 619 ἐνθαῦτα
538 577 582 620 οἱ
611 579 848 631 Ζαγκλαῖοι
877 573 937 627 ὡς
965 572 1414 630 ἐπύθοντο-ἐχομένην

140 644 220 699 τὴν
248 642 380 687 πόλιν
407 644 598 696 ἑωυτῶν,
629 643 844 700 ἐβοήθεον
867 643 994 701 αὐτῇ,
1028 643 1102 686 καὶ
1130 641 1414 686 ἐπεκαλέοντο

134 710 447 766 Ἱπποκράτεα,
485 712 564 756 τὸν
593 713 728 769 Γέλης
757 711 1002 767 τύραννον·
1049 705 1105 766 ἦν
1132 709 1218 765 γάρ
1249 707 1302 765 δή
1329 720 1413 764 σφι

110 775 276 831 4οὗτος
322 778 555 837 σύμμαχος.
616 779 709 824 ἐπεί
738 797 782 824 τε
825 780 872 824 δὲ
911 777 1084 822 αὐτοῖσι
1113 778 1185 821 καὶ
1215 777 1238 822 ὁ
1265 777 1439 821 Ἱππο-1

135 847 299 903 κράτης
329 847 411 892 σὺν
446 853 500 907 τῇ
529 851 710 905 στρατιῇ
739 843 816 905 ἧκε
843 846 1068 905 βοηθέων,
1110 845 1302 902 Σκύθην
1331 844 1412 900 μὲν

137 914 216 959 τὸν
245 915 498 972 μούναρχον
525 921 612 961 τῶν
642 916 919 972 Ζαγκλαίων,
952 912 1012 965 ὦς
1029 913 1309 971 ἀποβαλόντα
1330 913 1410 970 τήν

136 982 291 1038 πόλιν,
332 983 369 1029 ἁ
393 983 684 1042 Ἱπποκράτης
718 982 943 1040 πεὸήσας,
977 983 1052 1027 καὶ
1092 981 1170 1028 τόν
1196 981 1412 1037 ἀδελφεὸν

138 1050 279 1095 αὐτοῦ
334 1052 616 1109 Πυθογένεα,
668 1053 712 1103 ἐς
748 1050 929 1095 Ἴνυκον
975 1049 1105 1094 πόλιν
1163 1047 1442 1104 ἀπέπεμψε-5

135 1118 242 1169 τούς
257 1118 304 1163 δὲ
322 1121 508 1172 λοιπούς
524 1121 821 1177 Ζαγκλαίους,
853 1116 1278 1173 κοινολογησάμενος
1299 1120 1412 1160 τοῖσι

139 1189 374 1243 Σαμίοισι,
410 1190 486 1232 καὶ
524 1187 690 1245 ὅρκους
728 1187 836 1239 δοὺς
871 1186 945 1231 καὶ
973 1183 1230 1240 δεξάμενος,
1272 1183 1409 1238 προέ-

107 1257 264 1299 5δωκε.
302 1256 461 1312 μισθός
491 1257 538 1300 δέ
569 1259 614 1300 οἱ
640 1252 696 1314 ἦν
726 1254 950 1312 εἰρημένος
980 1251 1053 1297 ὅδε
1082 1254 1171 1296 ὑπὸ
1202 1249 1292 1296 τῶν
1321 1256 1411 1295 Σα·

135 1324 272 1378 μίων,
315 1323 496 1368 πάντων
541 1328 631 1369 τῶν
678 1324 871 1369 ἐπίπλων
916 1322 990 1366 καὶ
1027 1318 1322 1376 ἀνδραπόδων
1358 1319 1412 1362 τὰ

63 1506 289 1546 ‘Schaefero
324 1515 517 1546 mutatum
554 1510 595 1546 in
631 1505 742 1556 ὥστε,

77 1567 256 1603 revocavi
275 1578 364 1602 cum
384 1567 538 1617 reliquis
560 1565 646 1606 edd.
697 1567 743 1602 In

79 1622 271 1660 Sancrofti
280 1623 376 1660 libro
387 1630 508 1660 exstat
516 1619 615 1662 ἴστε.
635 1621 745 1660 Bek-

77 1677 163 1717 ker.
202 1680 359 1717 retinuit
387 1676 489 1720 ὥστε
519 1679 616 1731 (pro
637 1676 741 1732 τότε)

80 1733 158 1775 ε’ὠν
181 1732 389 1789 διάφορος.
436 1738 495 1774 De
525 1735 671 1788 Scytha
692 1736 742 1773 cf.

80 1805 235 1845 quoque
256 1793 298 1829 G.
321 1794 366 1830 Ο.
384 1794 535 1830 Mffller.
555 1795 648 1831 Dor.
667 1795 688 1830 I
701 1806 741 1844 p.

81 1851 176 1889 170.
228 1850 287 1885 De
308 1861 402 1886 voce
423 1846 621 1903 διάφορος
639 1850 743 1887 conf.

79 1911 177 1943 nott.
199 1903 249 1941 ad
267 1905 313 1953 V,
334 1908 402 1946 83.
440 1905 550 1942 Idem
569 1907 742 1945 vocabu-

79 1959 161 1997 lum
203 1960 306 2012 apud
337 1962 570 1999 Pausaniam
605 1962 742 2001 eadem

77 2017 119 2054 in
149 2031 212 2065 re,
260 2018 328 2055 ubi
356 2018 455 2055 iram
484 2019 665 2056 Anaxilai
698 2020 742 2056 in

77 2074 291 2112 Zanclaeos
320 2075 437 2112 etiam
466 2083 657 2113 memorat
675 2076 741 2125 IV,

77 2132 130 2171 23
167 2131 205 2176 §.
234 2133 272 2178 3,
305 2132 371 2183 qui
403 2131 529 2181 idem,
556 2140 742 2170 monente

75 2187 310 2237 Wesseling.
327 2188 369 2224 in
397 2190 552 2240 tyranni
577 2188 744 2240 Rhegini

76 2250 199 2281 aetate
219 2244 419 2295 insigniter
440 2246 633 2293 aberrans,
662 2247 741 2284 sic·-

74 2301 131 2337 uti
159 2307 246 2351 post
276 2301 428 2339 Cluver.
453 2302 532 2340 Sic.
564 2303 696 2355 Autiq.
722 2304 742 2340 Ι

73 2370 114 2407 p.
136 2356 189 2397 85
209 2358 396 2409 cbpiosius
417 2358 740 2410 Spanhem.Diss.

74 2413 176 2450 VIII.
204 2414 263 2450 De
282 2415 398 2453 Num.
418 2416 563 2454 Praest.
588 2431 632 2469 p.
657 2416 740 2460 554

74 2471 357 2508 monstraverit.

133 2525 329 2577 συμμίξας
346 2530 450 2566 τοῖσι
470 2528 687 2579 Σαμίοισι]
711 2530 738 2568 i.

76 2595 110 2620 e.
122 2596 291 2620 sermones
306 2595 383 2621 cum
404 2582 540 2622 Samiis
551 2585 738 2636 conserens,

78 2639 192 2690 plane
223 2647 265 2676 ut
282 2641 342 2688 H,
367 2638 434 2681 64.
456 2641 539 2678 VII.
559 2644 628 2684 29.
647 2642 740 2683 153.

76 2695 153 2733 Pro
171 2693 300 2748 χρεων
319 2694 478 2734 exhibui
497 2693 624 2750 χρεόν.
653 2697 742 2736 Vid.

77 2754 172 2790 nott.
192 2752 241 2790 ad
261 2754 307 2801 V,
328 2754 396 2794 49.

130 2806 349 2857 ἐςἼνυκον
377 2804 524 2859 πόλιν]
556 2808 742 2862 Stephan.

798 1509 895 1559 Byz.
925 1521 957 1545 s.
985 1521 1022 1546 v.
1053 1519 1144 1558 pag.
1164 1504 1245 1547 417
1278 1505 1320 1542 in
1340 1506 1467 1542 Hero-

804 1563 895 1602 doto
925 1565 1060 1615 legisse
1088 1562 1239 1601 videtur
1261 1559 1409 1602 ’Ἴνυκα
1430 1568 1468 1599 et

800 1635 898 1659 mox
915 1619 1091 1667 ’Ἴνυκος
1128 1634 1151 1657 a
1181 1618 1307 1656 forma
1332 1616 1465 1667 ”Ινυξ,

802 1680 909 1716 cuius
942 1679 1028 1715 loco
1058 1678 1122 1715 alii
1152 1676 1332 1714 dixerunt
1351 1673 1468 1715 ’Ἴνυ-

800 1751 898 1783 κον,
928 1742 1023 1772 teste
1049 1736 1201 1772 Cluver.
1223 1734 1302 1771 Sic.
1333 1733 1465 1785 Antiq.

797 1794 828 1840 Ῑ,
854 1795 905 1833 18
926 1792 992 1831 fin.
1014 1794 1160 1843 p.230‚
1182 1792 1245 1828 cui
1256 1789 1362 1826 addit
1372 1790 1466 1826 Val-

800 1847 914 1886 cken.
943 1850 1096 1886 Platon.
1127 1849 1244 1898 Hipp.
1262 1846 1353 1882 Mai.
1373 1858 1465 1897 pag.

797 1907 882 1946 282
911 1906 959 1942 E.
991 1902 1074 1946 284
1101 1905 1148 1941 Β.
1183 1910 1221 1940 et
1245 1902 1466 1941 Philostrat.

797 1962 873 1998 Vit.
906 1959 1076 2012 Sophist.
1104 1962 1136 2010 1,
1158 1963 1183 2002 3
1215 1959 1297 2009 (XI
1325 1959 1463 2012 Hipp.)

797 2031 836 2068 p.
853 2016 934 2059 495
957 2018 1082 2055 Olear.
1142 2016 1226 2063 Quo
1247 2017 1334 2054 loco
1347 2017 1464 2053 situm

796 2075 911 2111 fuerit
938 2073 1143 2126 oppidum,
1192 2074 1259 2111 vix
1289 2079 1465 2110 accurate

800 2130 978 2179 definias3
999 2129 1048 2168 ad
1068 2131 1163 2168 ostia
1181 2130 1290 2168 fluvii
1308 2131 1464 2182 Hypsae

797 2188 840 2224 in
868 2187 979 2226 laeva
1008 2188 1091 2238 ripa
1121 2188 1168 2225 ab
1193 2188 1338 2224 oriente
1359 2187 1464 2224 Seli-

798 2245 927 2282 nuntis
965 2245 1082 2282 situm
1120 2245 1235 2282 fuisse
1263 2244 1462 2295 probabile

801 2308 868 2340 est.
927 2303 986 2338 De
997 2302 1115 2340 verbo
1134 2304 1460 2353 κοινολογεῖσθαι

798 2356 1000 2410 (Sermones
1015 2387 1025 2405 ‚
1078 2358 1227 2396 consilia
1270 2357 1459 2408 conferre)

797 2414 878 2452 dixi
907 2413 956 2451 ad
984 2413 1180 2453 Plutarch.
1212 2412 1350 2466 Pyrrh.
1370 2427 1460 2465 pag.

796 2470 891 2512 204.
924 2466 1070 2523 ὅρκους
1087 2472 1232 2511 δοῦναι
1251 2470 1342 2509 hinc
1365 2470 1462 2507 dixit

796 2540 950 2580 quoque
977 2529 1142 2568 Pausan.
1173 2528 1238 2576 IV,
1267 2530 1321 2568 23
1353 2528 1391 2573 ξ.
1419 2526 1460 2567 4·

798 2583 856 2622 Cr.
879 2583 928 2621 de
944 2582 1018 2622 hac
1043 2584 1195 2622 dicendi
1214 2584 1338 2622 forma
1359 2584 1376 2633 (
1392 2579 1460 2634 ὅρ-

796 2655 895 2688 κους
911 2638 1007 2688 δοῦς
1023 2641 1092 2681 καὶ
1105 2637 1340 2691 δεξάμενος)
1363 2652 1459 2676 con-

796 2698 886 2734 ferri
906 2698 989 2735 vult
1016 2696 1199 2735 Matthiae
1228 2695 1277 2733 ad
1311 2697 1458 2748 Hymn.

797 2756 976 2793 Homerr.
1008 2767 1097 2806 pag.
1117 2753 1213 2795 414.
1251 2751 1315 2790 Ad
1344 2753 1459 2790 verba

798 2807 846 2850 τιὶ
874 2809 1019 2851 ἔπιπλα
1039 2811 1089 2850 cf.
1107 2817 1204 2848 nott.
1225 2808 1274 2847 ad
1292 2811 1324 2858 Ι,
1342 2808 1409 2851 94.
