1834 3258
37 1383 43 1387 ³
86 1361 329 1400 inclinations.

568 187 1007 233 ERATO.v1.

1341 189 1426 237 407

129 295 309 342 Ξαύτοὸν
336 295 563 351 νεώτεροι·
602 295 674 339 καὶ
713 294 764 338 τό
792 310 841 351 γε
869 296 1088 351 μέγιστον,
1126 294 1176 339 ἐν
1214 299 1270 353 τῇ
1299 306 1426 341 συνε-

159 367 254 421 στίῃ
295 367 552 419 διεπειρᾶτο.
602 362 711 407 ὅσον
739 362 826 419 γὰρ
866 369 1030 419 κατεῖχε
1057 362 1222 419 χρόνον
1251 362 1426 417 αὐτούς,

155 437 316 478 τοῦτον
343 432 487 478 πάντα
517 433 676 484 ἐποίεε,
717 432 792 475 καὶ
830 431 920 487 ἅμα
959 432 1128 486 ἐξείνιζε
1159 438 1426 488 μεγαλοπρε-

128 509 151 543 3
162 501 288 552 πέως.

348 502 436 545 Καὶ
474 500 528 557 δή
568 518 652 548 κου
692 500 876 556 μάλιστα
907 503 996 543 τῶν
1036 498 1295 556 μνηστήρων
1323 498 1424 556 ἡρέ-

154 567 313 613 σκοντό
341 571 384 612 οἱ
414 568 491 618 ἀπ’
517 566 739 625 Ἀθηνέων
757 566 1000 624 ἀπιγμένοι,
1027 568 1101 612 καὶ
1121 567 1291 617 τούτων
1320 572 1422 624 μᾶλ-

153 642 235 682 λον
267 635 559 694 Ἱπποκλείδης
599 635 624 681 ὁ
661 635 912 691 Τισάνδρου
952 636 1025 685 καὶ
1061 635 1162 679 κατ’
1206 635 1480 694 οἷνδραγα-9ο

153 707 261 762 θίην
290 706 506 761 ἐκρίνετο,
545 706 620 749 καὶ
650 704 718 749 ὅτι
747 722 797 753 το
828 702 1015 748 ἆνὲκαθε
1046 708 1160 755 τοῖσι
1187 704 1236 755 ἐν
1265 707 1422 760 Κορίν-

0 757 86 815 129
149 779 221 830 θῳ
250 775 523 830 Κυψελίδῃσι
551 768 607 830 ἦν
635 773 883 830 προσήκων.

149 859 249 886 νετο
277 847 367 886 τῶν
385 840 583 898 ἡμερέων
604 845 682 898 τῆς
701 857 746 886 τε
765 842 1043 892 κατακλίσιος
1064 843 1146 885 τοῦ
1173 840 1318 898 γάμου
1347 842 1422 887 καὶ

93 1021 263 1087 itemque
290 1011 396 1069 ἦσαν
426 1029 496 1067 pro
528 1014 636 1055 ἔσαν.
693 1017 751 1053 De

92 1090 187 1115 voce
225 1072 530 1140 ἀνδραγαθίης
531 1073 632 1110 conf.
654 1080 752 1110 nott.

92 1133 141 1171 ad
156 1134 201 1180 V,
215 1135 267 1174 39
280 1139 316 1168 et
332 1131 379 1168 de
390 1143 485 1168 voce
507 1125 752 1182 ὅργῆς,(]1100

90 1192 202 1229 animi
242 1189 393 1226 indolem
443 1186 752 1239 qualemcunque

91 1246 267 1294 denotat,
287 1247 317 1293 Ι,
337 1248 404 1286 73.
434 1246 552 1281 Recte
571 1243 751 1282 Larcher.

87 1306 357 1355 interpretatur
385 1301 416 1339 le
448 1301 673 1346 charactere,
704 1299 753 1337 les

415 1356 528 1404 Quod
582 1359 753 1410 sequitur

89 1413 267 1471 τρόπον,
297 1415 339 1453 id
358 1416 481 1466 magis
514 1413 563 1451 ad
592 1422 751 1452 externa

85 1481 254 1526 spectare
283 1472 453 1520 videtur,
494 1470 543 1508 ad
563 1475 750 1509 consuetu-

85 1532 206 1580 di‚nes
234 1543 354 1578 mores,
376 1530 449 1566 alia
468 1528 508 1565 id
528 1541 662 1579 genus.

139 1587 183 1628 ἐν
207 1590 258 1641 τῆ
280 1585 494 1640 συνεστίῃ]
535 1587 593 1622 Ita
614 1599 634 1621 e
654 1586 746 1622 Flo-

82 1647 232 1683 rentino
252 1645 372 1693 libro,
403 1644 470 1695 qui
490 1641 602 1679 offert
629 1643 746 1690 ξυνε-

81 1702 183 1756 στίῃ,
213 1715 318 1744 nunc
346 1706 557 1750 receptum.
596 1698 746 1738 Sohae-

79 1759 183 1798 ferus
221 1759 344 1796 tenuit
383 1759 588 1804 συνεστοῖ,
638 1755 746 1808 quod

80 1817 194 1853 unius
214 1814 300 1852 cod.
321 1814 543 1851 auctoritate
555 1813 689 1850 nititur
700 1826 744 1850 ac

81 1873 266 1911 similibus
309 1869 541 1936 quibusdam
586 1870 744 1907 vocibus

80 1925 251 1969 ἀπεστοῖ
265 1929 335 1975 IX,
357 1930 422 1968 84.
456 1921 655 1973 ευεστοῖΙ,
676 1926 743 1974 85,

79 1987 148 2023 ubi
175 1984 280 2037 quod
310 1997 360 2021 ex
391 1981 466 2019 hoc
504 1983 590 2019 loco
630 1983 744 2019 citavi

43 2036 53 2040 ’
80 2045 299 2089 συνεστοῖ,
355 2039 397 2076 id
435 2040 553 2077 velim
591 2040 741 2089 corrigi.

76 2100 206 2151 Ipsam
219 2110 368 2145 vocem,
389 2109 507 2149 quam
528 2094 575 2132 de
589 2109 655 2132 usu
673 2096 740 2145 sa*

77 2157 216 2194 miliari
243 2157 385 2206 ipsoque
404 2155 560 2191 convicto
587 2153 741 2189 intelle-

76 2220 186 2251 xerat
196 2211 443 2260 Wesseling.,
457 2208 638 2262 equidem
649 2222 740 2246 cum

77 2267 298 2320 Schweigh.
328 2268 463 2305 malim
490 2267 661 2317 accipere
692 2265 741 2303 de

77 2327 191 2378 epulzs
205 2333 319 2379 atque
331 2326 497 2362 convivio.
529 2323 587 2362 cf.
601 2324 739 2360 Blom-

77 2382 180 2427 field.
193 2381 432 2434 adAeschyl.
448 2382 490 2419 S.
502 2394 536 2418 c.
551 2378 629 2417 Th.
643 2383 738 2421 171.

131 2461 202 2505 καὶ
238 2457 298 2507 ότι
336 2457 382 2506 τό
421 2453 736 2528 οἷνέκαθε-ἧν

75 2514 320 2587 προσήκων]
359 2532 402 2556 το
444 2512 636 2559 οἶνέκαθε
665 2530 735 2568 pro

74 2591 118 2617 το
141 2571 354 2621 ἀνέκαθεν
381 2587 401 2610 0
422 2574 640 2611 Florentino
660 2574 736 2610 flu-

75 2634 141 2671 xit.
183 2633 226 2670 C.
248 2632 291 2669 Ο.
319 2631 470 2671 muner.
491 2632 582 2668 Dor.
611 2633 629 2667 I
648 2644 733 2681 pag.

77 2692 131 2731 87
151 2688 251 2726 hanc
273 2685 563 2739 Cypselidarum
583 2694 620 2723 et
639 2686 736 2724 Phi-

76 2744 264 2785 laidarum
275 2745 545 2795 cognationem
556 2742 645 2780 inde
655 2744 737 2780 for-

81 2803 177 2848 sitan
217 2808 346 2841 censet
393 2800 575 2852 explicari
613 2813 734 2852 posse,

941 771 1015 824 Ὡς
1035 773 1082 815 δὲ
1111 771 1138 829 ἡ
1172 774 1304 829 κυρίη
1335 773 1422 829 ἐγέ-

813 1014 918 1068 quod
941 1014 1232 1067 Cypselidarum
1252 1013 1388 1052 domus
1397 1017 1477 1053 La-

809 1072 953 1124 pithica
978 1073 1050 1108 fuit
1072 1079 1108 1108 et
1139 1085 1159 1108 a
1182 1072 1333 1109 Caeneo
1354 1086 1476 1123 genus

810 1129 983 1166 ducebat.
1035 1129 1092 1165 Cf.
1113 1141 1226 1180 supra
1244 1130 1288 1177 V,
1310 1130 1365 1169 92
1380 1131 1417 1175 ξ.
1433 1133 1475 1171 2.

812 1186 868 1223 Ob
883 1185 982 1223 hanc
995 1199 1085 1222 vero
1100 1187 1370 1236 cognationem
1383 1200 1474 1223 cum

811 1242 1021 1294 Cypselidis
1057 1242 1290 1280 Clisthenem
1322 1244 1473 1294 Hippo-

809 1300 932 1337 olidae
988 1302 1110 1351 magis
1161 1300 1297 1337 favisse
1345 1302 1475 1337 statuit

808 1356 1085 1395 Wachsmuth.
1124 1358 1276 1394 Hellen.
1307 1356 1469 1398 Alterth,

806 1416 837 1464 I,
862 1418 881 1454 1
909 1427 998 1465 pag.
1030 1417 1132 1462 288,
1163 1414 1253 1467 quia
1288 1415 1472 1451 Graeciae

806 1473 960 1522 tyranni
985 1470 1025 1508 id
1051 1470 1184 1508 sedulo
1204 1484 1356 1521 semper
1377 1484 1471 1521 ege-

806 1529 904 1576 rint,
945 1535 988 1565 ut
1027 1535 1186 1565 mutuae
1227 1529 1469 1578 cognationis

803 1592 917 1637 atque
938 1585 1129 1623 affinitatis
1149 1586 1310 1624 vinculis
1329 1598 1370 1622 se
1380 1592 1469 1623 tue-

802 1649 946 1680 rentur.

983 1744 1077 1795 cap.
1098 1744 1280 1781 CXXIX.

858 1835 931 1884 τῆς
947 1848 988 1874 τε
1008 1832 1260 1880 κατακλίσιος
1290 1834 1364 1873 τοῦ
1387 1828 1465 1886 γά-

802 1893 908 1943 μου]
941 1892 1059 1939 „Est,
1091 1890 1153 1927 cui
1181 1890 1464 1954 placuit,¹c‘1}'9

779 1961 781 1963 ’
800 1963 841 1994 τε
857 1943 1123 1999 κατακλήσιος
1146 1961 1216 1986 τον
1239 1942 1370 2000 γάμου
1383 1960 1466 1985 con-

799 2004 1054 2050 οίιιᾱεηάαταπι
1075 2005 1294 2054 nuptiarum,
1325 2003 1464 2041 dictio-

798 2074 848 2098 ne
860 2060 962 2127 apud
976 2061 1161 2098 Graecos
1150 2067 1294 2110 lffuota
1315 2061 1355 2097 in
1365 2062 1465 2097 Ger-

796 2120 950 2156 maniae
970 2118 1109 2154 finibus
1123 2117 1337 2169 frequente.
1368 2119 1463 2155 Loci

795 2176 1026 2213 sententiam
1060 2173 1313 2225 Hippoclidae
1346 2175 1463 2212 verba

797 2233 1012 2284 explicant,
1042 2227 1104 2271 ότι
1122 2227 1312 2283 πάρεστιν
1337 2227 1367 2281 ἡ
1390 2246 1462 2283 με·

795 2286 844 2328 τοὶ
862 2292 933 2341 τῆς
955 2284 1184 2341 γυναικὸςῆ
1196 2285 1320 2340 μόνος
1338 2303 1460 2327 κατοι-

796 2343 1093 2397 κλιθησόμενος
1122 2345 1243 2382 adesse
1275 2358 1310 2382 se
1337 2349 1376 2383 ut
1394 2350 1460 2383 aut

796 2415 874 2440 cum
908 2403 1080 2452 Agat-esta
1113 2406 1178 2439 aut
1201 2402 1296 2439 solus
1319 2415 1460 2440 accum-

793 2460 876 2508 bat,
907 2461 947 2496 in
974 2458 1132 2503 Diodor.
1170 2460 1206 2499 II
1246 2473 1284 2510 p.
1320 2459 1417 2501 550.
1432 2460 1456 2479 “

799 2516 869 2555 We
880 2531 896 2553 ε
909 2516 987 2554 sel.
1009 2516 1311 2565 „Germanicum
1322 2516 1457 2553 vocab.

792 2573 974 2624 Beylager
1012 2572 1052 2610 id
1089 2574 1215 2624 ipsum
1264 2573 1456 2623 exprimit,

794 2630 899 2683 quod
936 2626 1170 2669 κατάκλισιν
1217 2631 1289 2668 τοῦ
1325 2626 1456 2679 γάμου

793 2686 1009 2724 Herodotus
1031 2686 1161 2724 dicit.“
1185 2685 1410 2734 Sclaweig
1422 2685 1456 2722 11.

793 2745 893 2782 Hinc
914 2751 1016 2781 recte
1036 2741 1268 2780 Larcherus:
1297 2755 1389 2791 pour
1400 2743 1455 2778 σέ-

793 2800 907 2849 lebrer
938 2801 970 2839 le
999 2801 1173 2848 mariage.
1232 2799 1371 2836 Coraes
1392 2811 1455 2835 re·

1478 778 1507 805 Is
1517 778 1586 806 dum
1603 778 1680 806 ineo
1695 782 1754 813 est,

1479 816 1513 839 ut
1523 812 1653 840 caeteris
1664 821 1753 848 prae-

1477 846 1571 886 latus,
1591 847 1697 886 Agaris
1700 851 1743 875 ten
1735 855 1754 874 11

1479 880 1510 908 111
1530 867 1753 909 matrimonium
