1806 3181
398 150 482 191 752

395 268 482 302 σιοι
512 256 711 309 ὁπλῖται,
741 259 815 302 καὶ
849 259 1087 317 Τεγεητέων
1115 263 1187 305 καὶ
1219 262 1481 307 Μαντινέων
1509 265 1650 320 χίλιοι,
1712 277 1792 317 600

808 152 1270 192 HERODOTI

394 323 563 381 ἡμίσεες
592 325 828 381 ἑκατέρων·
869 328 912 380 ἐξ
946 328 1209 385 Ὀρχομενοῦ
1237 347 1281 374 τε
1311 336 1386 387 τῆς
1410 331 1650 389 Ἀρκαδίης,
1662 341 1708 374 9ο

394 394 530 436 εἴκοσι
558 392 627 435 καὶ
664 393 832 437 ἑκατόν·
863 395 936 439 καὶ
969 396 1015 440 ἐκ
1044 401 1118 453 τῆς
1146 402 1298 453 λοιπῆς
1324 396 1562 456 Ἀρκαδίης,
1593 401 1652 456 χί-

393 464 499 503 λιοι·
531 464 736 504 τοσοῦτοι
766 463 844 518 μὲν
869 462 1113 517 Ἀρκάδων·
1145 465 1232 509 ἀπὸ
1262 467 1306 509 δὲ
1321 469 1566 521 Κορίνθου,
1591 483 1652 510 τε-

394 525 643 580 τρακόσιοι·
673 530 746 573 καὶ
780 530 865 575 ἀπὸ
893 535 1150 585 Φλιοῦντος,
1183 533 1422 589 διηκόσιοι’
1454 536 1527 578 καὶ
1553 539 1651 578 Mv·

365 596 591 649 Ξκηναίων
621 595 881 653 ὀγδώκοντα.
928 595 1052 645 οὗτοι
1081 603 1160 657 μὲν
1191 600 1275 645 οἷπό
1308 600 1651 657 Πελοποννήσου

392 666 606 719 παρῆσαν.
665 663 750 708 οΞπό
788 666 834 709 δὲ
873 671 1103 724 Βοιωτῶν,
1153 671 1371 713 Θεσπιέων
1399 686 1442 713 τε
1471 668 1645 713 ἑπτακό-

237 719 333 766 203
391 741 490 782 σιοι,
522 732 592 774 καὶ
626 735 830 788 Θηβαίων
858 739 1141 791 τετρακόσιοι.
1203 736 1324 791 Πρός
1343 737 1538 781 τούτοισι
1567 737 1705 780 ἐπί-95

391 802 537 854 κλητοι
568 799 767 855 ἐγένοντο
796 805 963 857 Λοκροί
991 821 1035 848 τε
1073 807 1116 849 οἱ
1150 802 1400 848 Ὀπούντιοι
1437 814 1651 860 πανστρα-

364 869 487 922 Ξτιῇ,
533 868 607 910 καὶ
653 869 843 912 Φωκέων
871 872 1012 926 χίλιοι.
1072 870 1198 916 αὐτοὶ
1227 873 1310 927 γάρ
1339 883 1475 928 σφεας
1505 873 1650 916 ἐπεκα-

388 933 569 978 λέσαντο
591 936 634 978 οἱ
659 934 874 992 Ἕλληνες,
905 938 1099 994 λέγοντες
1128 938 1188 983 δι’
1219 939 1425 995 ἀγγέλων,
1458 939 1516 992 ὦς
1545 939 1649 993 „ati-

389 1001 482 1052 ,,τοὶ
512 1002 592 1057 μὲν
620 1001 769 1058 ἥκοιεν
796 1003 1044 1061 πρόδρομοι
1071 1011 1159 1050 τῶν
1188 1006 1341 1059 ἄλλων,
1373 1009 1418 1051 οἱ
1445 1007 1489 1050 δὲ
1507 1007 1651 1051 λοιποὶ

390 1071 508 1118 »τῶν
537 1070 772 1127 συμμάχων
801 1073 1094 1129 προσδόκιμοι
1112 1074 1257 1118 πᾶσάν
1288 1077 1370 1119 εἰσι
1396 1073 1581 1132 ἡμέρην·
1620 1074 1648 1130 ἡ

388 1134 617 1186 ,,θάλασσά
650 1138 694 1182 τέ
724 1150 805 1195 σφι
833 1142 898 1198 εἴη
926 1142 972 1186 ἐν
1002 1146 1202 1200 φυλακῇ,
1230 1141 1302 1187 ὑπ’
1330 1142 1573 1200 Ἀθηναίων
1600 1150 1674 1186 τε1

333 1296 386 1338 25
399 1298 436 1342 §.
449 1300 513 1346 90,
537 1300 603 1336 ubi
624 1300 723 1339 conf.
745 1302 888 1340 Morus.
909 1305 988 1340 Nec

333 1354 440 1390 aliter
459 1354 537 1391 fere
558 1357 694 1393 Strabo
714 1359 770 1394 IX
790 1373 827 1409 p.
850 1361 930 1401 656
942 1361 986 1398 Β.

330 1423 361 1446 s.
388 1423 474 1460 pag.
497 1413 590 1451 429.
619 1414 832 1451 Leonidam
860 1417 988 1453 asserit

331 1462 410 1517 μετ’
439 1463 584 1518 ὀλίγων
615 1471 696 1508 τῶν
729 1467 886 1522 ὁμόρων
903 1476 988 1519 τοῖς

327 1519 375 1561 τό
379 1522 748 1576 nothhermopylas
761 1526 985 1566 defendisse.

328 1580 575 1616 Diversorum
596 1589 794 1619 auctorum
814 1586 987 1621 testimo-

329 1636 392 1672 nia
414 1635 460 1672 de
479 1637 673 1674 Leonidae
690 1640 805 1689 copiis
825 1642 863 1676 in
875 1642 988 1677 tabu-

328 1692 365 1729 la
395 1691 568 1731 exhibuit
596 1696 729 1732 Mauso
752 1696 878 1746 Spart.
907 1699 925 1733 I
945 1711 985 1748 p.

330 1752 410 1790 308
440 1750 536 1787 bene
565 1750 660 1788 illud
681 1751 882 1802 adjiciens,
913 1753 987 1791 hoc

327 1818 501 1853 numero,
533 1809 687 1859 qualem
717 1809 931 1848 Herodotus
952 1817 989 1848 et

327 1861 517 1900 Diodorus
547 1864 733 1914 produnt,
763 1879 843 1903 non
864 1869 988 1904 conti-

327 1920 410 1954 neri
428 1933 553 1957 servos
566 1950 575 1968 ,
606 1921 848 1974 pedissequos
869 1931 905 1961 et
925 1938 988 1961 re-

327 1975 474 2026 liquam
486 1978 650 2026 turbam,
673 1992 771 2030 quae
790 1980 901 2017 fuerit
921 1995 986 2017 se-

327 2038 426 2070 outa.
484 2034 612 2084 Atque
643 2036 869 2073 Helotarum
906 2038 986 2088 ipse

327 2090 502 2126 meminit
529 2092 664 2128 Noster
682 2093 762 2137 VII,
783 2095 864 2134 229
899 2095 985 2131 coll.

326 2144 425 2192 VIII,
456 2146 510 2186 25
542 2154 578 2183 et
607 2148 704 2185 iufra
727 2150 796 2197 IX,
831 2152 894 2190 10.
915 2153 984 2191 28.

325 2202 500 2252 Namque
539 2203 664 2252 plures
702 2206 861 2242 Helotae
900 2208 984 2257 ple-

324 2270 486 2309 rumque
515 2259 722 2309 Spartanos
752 2260 801 2299 ad
838 2263 982 2299 bellum

324 2314 603 2364 proficiscentes
638 2317 914 2368 sequebantur,
945 2326 982 2356 et

324 2371 395 2420 ipsi
415 2372 549 2408 armati
568 2373 642 2409 levi
666 2374 891 2425 plerumque
919 2387 981 2410 ar-

325 2434 493 2476 matura3
511 2429 561 2465 ita
581 2436 710 2466 tamen
726 2436 768 2467 ut
782 2443 878 2467 unus
891 2443 980 2481 prae

327 2485 459 2520 ceteris
499 2483 645 2521 domini
674 2493 769 2524 esset
812 2486 981 2537 pedisse-

327 2553 423 2591 quus
453 2548 488 2578 et
517 2543 698 2592 minister,
740 2541 764 2583 ό
789 2539 980 2593 θεράπων

327 2598 393 2648 qui
426 2599 643 2636 vocabatur.
705 2599 789 2638 Vid.
840 2601 882 2639 C.
933 2601 978 2639 Ο.

325 2653 475 2690 Miiller.
495 2655 586 2692 Dor.
606 2657 642 2692 II
660 2670 699 2707 p.
721 2659 774 2698 38
805 2657 890 2694 coll.
911 2655 978 2705 46,

325 2710 391 2745 ubi
412 2708 488 2747 duo
516 2712 621 2749 mille
652 2721 807 2749 centum
836 2712 979 2751 helotas

323 2763 413 2803 huic
433 2767 665 2819 expeditIOni
694 2769 856 2808 adfuisse
884 2782 979 2808 cou-

1043 1305 1134 1342 iicit.
1152 1325 1209 1332 -—·
1249 1303 1313 1341 Ad
1342 1317 1453 1342 voces
1483 1299 1704 1356 τριηκόσιοι

1044 1360 1202 1400 ὁπλῖται
1239 1361 1341 1399 conf.
1381 1367 1476 1400 nott.
1525 1360 1574 1398 ad
1620 1362 1702 1408 VH,

1042 1419 1140 1460 205.

1261 1507 1352 1558 Cap.
1371 1507 1499 1544 CCIII.

1098 1585 1299 1636 ἐπίκλητοι
1325 1584 1504 1638 ἐγένοντο
1528 1587 1700 1637 Λοκροί]

1043 1641 1353 1693 Schweighaeus.
1410 1644 1700 1693 interpretatur:

1043 1703 1179 1737 evocati
1198 1700 1362 1736 aderant.
1402 1698 1596 1751 Equidem
1617 1698 1703 1739 ἐπί-

1042 1759 1178 1806 κλητοι
1189 1755 1293 1792 haud
1304 1757 1380 1793 scio
1391 1768 1440 1792 an
1454 1756 1594 1793 fuerint
1603 1756 1703 1807 βοη-

1042 1811 1128 1860 θοὶ,
1158 1809 1368 1863 σύμμαχοι.
1426 1812 1536 1849 Conf.
1565 1813 1611 1860 V,
1633 1811 1701 1853 75.

1041 1870 1136 1906 Mox
1156 1882 1246 1906 cum
1275 1867 1496 1919 Schweigh.
1526 1875 1562 1906 et
1583 1869 1702 1906 Gaisf.

1043 1925 1131 1962 dedi
1151 1924 1432 1965 ἐπεκαλέσαντο
1455 1921 1700 1977 οἷ’Ἔλληνες,

1041 1983 1108 2018 ubi
1123 1983 1239 2033 vulgo
1252 1982 1550 2033 postponebatur
1559 1980 1701 2021 ἐπεκα-

1041 2037 1219 2078 λέσαντο.
1280 2038 1343 2075 Ad
1376 2051 1488 2075 voces
1526 2037 1702 2090 λέγοντες

1043 2090 1099 2134 δι’
1120 2090 1294 2147 ἀγγέλων
1321 2095 1370 2132 cf.
1390 2093 1527 2132 Matth.
1549 2096 1586 2140 §.
1616 2094 1699 2135 580

1040 2153 1086 2189 D.
1115 2165 1203 2202 pag.
1242 2151 1350 2192 1150
1384 2150 1499 2200 (add.
1537 2153 1699 2200 Kriiger.

1040 2207 1089 2245 ad
1108 2206 1290 2258 Xenoph.
1316 2208 1439 2244 Anab.
1455 2208 1502 2244 H.
1526 2209 1550 2247 3
1567 2208 1605 2252 ξ.
1624 2206 1694 2255 17)

1040 2272 1077 2301 et
1097 2264 1145 2301 ad
1163 2276 1299 2301 vocem
1319 2258 1587 2314 προσδόκιμος
1598 2268 1695 2300 nott.

1039 2320 1087 2357 ad
1107 2321 1153 2367 V,
1177 2322 1266 2359 108.
1297 2319 1450 2355 Retinui
1471 2325 1599 2355 autem
1619 2317 1697 2358 εἶσὶ

1038 2390 1127 2413 cnm
1154 2373 1373 2424 Schweigh.
1405 2382 1442 2412 et
1465 2375 1582 2412 Gaisf.
1599 2403 1609 2422 ,
1629 2374 1696 2412 ubi

1037 2433 1111 2480 alii,
1126 2433 1166 2468 in
1187 2431 1324 2482 quibus
1346 2432 1461 2468 etiam
1481 2430 1694 2479 Bekkerus,

1037 2485 1129 2528 εἷεν.
1177 2489 1308 2539 Neque
1328 2488 1498 2526 insolitus
1517 2488 1587 2526 iste
1605 2500 1696 2525 mo-

1037 2544 1174 2582 dorum
1192 2545 1381 2582 transitus.
1411 2545 1467 2583 Cf.
1487 2543 1569 2593 Vll,
1600 2545 1694 2585 208.

1035 2603 1115 2642 233
1139 2608 1176 2638 et
1194 2607 1290 2640 nott.
1313 2600 1361 2638 ad
1379 2602 1446 2650 ΠΙ,
1469 2603 1536 2642 61.

1091 2655 1119 2708 ἦ
1150 2653 1338 2697 θάλασσά
1377 2672 1418 2698 τε
1450 2669 1522 2708 σφι
1560 2655 1620 2706 εἴη
1649 2654 1693 2695 ἐν

1036 2715 1217 2769 φυλακῇ]
1248 2714 1274 2751 i.
1296 2727 1329 2752 e.
1349 2726 1444 2752 mare
1463 2714 1508 2751 ab
1526 2715 1612 2764 ipsis
1630 2725 1692 2749 cu-

1033 2771 1200 2808 stoditum
1225 2772 1334 2809 teneri
1361 2783 1393 2810 s.
1417 2772 1527 2809 maris
1546 2767 1693 2807 tutelam

1792 2607 1806 2706 ..,,«
