1815 3181
248 783 345 826 114

85 849 225 876 ouesilus
245 850 311 882 post

84 886 209 909 mortem
221 883 258 908 ab
270 882 354 907 Ama-

84 916 151 943 thus
139 916 190 942 ciis
215 916 341 950 primum

84 950 301 976 contumeliose

83 982 212 1017 habitus,
245 981 354 1009 deinde

83 1021 117 1044 ut
134 1003 223 1044 heros
246 1017 351 1044 cultus.

416 195 500 234 218

810 190 1280 227 HERODOTI

419 303 656 354 Κουριεῦσι
685 299 831 341 ἐποίεε.
872 297 1117 353 γινομένων
1147 298 1192 341 δὲ
1221 297 1402 351 τούτων,
1424 301 1678 353 κατυπέρτε·

388 378 492 424 δροι
530 364 641 424 ἦσαν
669 368 713 408 οἵ
744 367 910 418 Πέρσαι
950 370 1038 408 τῶν
1076 368 1300 420 Κυπρίων.

1373 369 1678 422 Τετραμμένου

419 438 464 482 δὲ
495 441 574 479 τοῦ
604 433 912 487 στρατοπέδου,
945 432 1070 477 ἄλλοι
1088 450 1132 476 τε
1159 435 1311 478 ἔπεσον
1325 435 1499 488 πολλοὶ,
1531 437 1604 480 καὶ
1625 436 1678 492 δὴ

417 506 490 550 καὶ
518 500 743 557 Ὀνήσιλός
775 517 840 553 τε,
882 500 906 544 ὁ
930 503 1137 556 Χέρσιος,
1168 502 1217 553 ὅς
1247 518 1328 556 περ
1355 502 1436 558 την
1467 506 1680 558 Κυπρίων

417 572 656 617 ἀπόστασιν
696 569 869 625 ἔπρηξε,
898 570 972 612 καὶ
1001 568 1025 613 ὁ
1059 571 1235 613 Σολίων
1264 571 1468 626 βασιλεύς
1494 570 1680 626 Ἀριστό-
1692 580 1736 613 50

422 655 612 693 κυπρος,
653 636 677 680 ὁ
714 637 1023 692 Φιλοκύπρου·

1079 638 1369 693 Φιλοκύπρου
1417 638 1463 682 δὲ
1501 639 1677 694 τούτου,

413 709 500 759 τὸν,
522 705 676 750 Σόλων
705 703 730 750 ὁ
763 704 1011 762 Ἀθηναῖος,
1041 705 1306 761 ἀπικόμενος
1333 706 1376 757 ἐς
1404 707 1604 762 Κύπρον,
1633 708 1681 752 ἐν

414 779 530 822 ἔπεσι
576 777 718 818 αἴνεσε
763 774 996 827 τυράννων
1050 773 1250 829 μάλιστα.

412 862 495 890 νυν
516 841 822 905 Ἀμαθούσιοι,
853 841 919 884 ὅτι
937 841 1073 897 σφέας
1095 841 1398 897 ἐπολιόρκησε,
1433 842 1680 899 ἀποταμόν-

1317 771 1548 829 Ὀνησίλου
1599 768 1680 832 μέν

413 930 482 964 τες
511 912 589 967 τὴν
620 910 831 965 κεφαλήν,
861 909 1072 965 ἐκόμισαν
1105 909 1148 960 ἐς
1169 909 1469 965 Ἀμαθοῦντα·
1500 913 1575 955 καί
1604 929 1680 968 μιν

355 1228 420 1267 28.
470 1226 573 1262 Πολε
564 1234 770 1287 μιστηρια
799 1223 1016 1259 καλοῦνται

354 1283 420 1322 καὶ
450 1278 495 1320 τοῖ
524 1275 717 1330 πολεμικα
745 1273 919 1327 ἅρματα,
935 1272 1016 1344 Ι’ἐφ’

356 1341 412 1379 ὡν
458 1336 616 1387 ὁπλίτης
658 1333 894 1385 ἐπιβέβηκεν
930 1349 1013 1384 αμα

357 1412 408 1434 τω
395 1391 645 1445 παραβάτη.
663 1392 800 1429 Melius
817 1398 853 1428 et
865 1391 1010 1442 aptiore

355 1453 510 1490 nomine
542 1446 708 1514 ἦνιόχος
734 1446 799 1486 καὶ
831 1443 1008 1497 παραβά-

357 1525 423 1559 της
445 1501 790 1556 εἰνοπαραιβατης,
801 1505 1011 1545 0111,Μο11-

353 1567 398 1603 sit
417 1567 543 1616 itaque
564 1562 781 1601 Salaminiis
798 1562 941 1611 priscus
963 1573 1012 1597 ex

353 1623 521 1660 curribus
552 1617 750 1671 pugnandi
775 1631 858 1655 mos
873 1648 883 1665 ,
904 1619 1013 1654 sicuti

355 1679 561 1716 diutissime
591 1675 788 1713 Thebanis
822 1677 860 1711 in
884 1676 1013 1710 Boeo-

354 1737 417 1783 tia,
441 1735 487 1772 de
508 1735 643 1786 quibus
661 1739 697 1768 et
716 1732 871 1782 gemina
891 1738 1014 1768 secta-

354 1793 397 1829 tis
418 1791 467 1829 ad
485 1790 642 1828 Diodor.
662 1790 749 1836 XII,
770 1789 866 1829 70.“
902 1786 1014 1824 Wes-

353 1849 448 1887 seli
455 1862 477 1885 η
491 1862 526 1897 g.
585 1845 723 1883 Incidit
752 1844 856 1897 quod
883 1843 946 1881 hic
967 1844 1013 1880 ab

354 1904 546 1942 Herodoto
587 1910 782 1948 narratur,
832 1903 871 1938 in
921 1914 1010 1938 01111.

352 1961 432 2002 424
463 1974 497 1998 a.
529 1959 618 1997 Chr.
647 1973 687 1996 n.
709 1973 738 1997 s.
761 1959 913 2010 Olymp.
945 1960 1012 2003 89,

356 2020 392 2057 1.
413 2039 468 2044 —
497 2019 589 2053 Mox
621 2029 708 2052 cum
745 2023 902 2052 recentt.
924 2014 1013 2052 dedi

354 2073 480 2112 ἐποίεε
503 2074 598 2121 (ubi
617 2071 811 2110 Schaefer.
832 2071 1009 2119 ἐποίεον)

353 2126 503 2168 τούτων
539 2142 607 2179 pro
637 2128 816 2177 τουτέων,
838 2130 1009 2181 itemque

351 2198 455 2236 ησαν
477 2199 544 2236 pro
568 2184 672 2224 ἔσαν.

401 2238 467 2280 τόν
478 2238 666 2290 Σόλων,
647 2257 667 2281 ο
682 2238 1009 2290 Ἀθηναῑ.ος,α’πι-

353 2294 521 2347 πιόμενος
542 2296 581 2343 ἐς
595 2293 782 2348 Κύπρον]
797 2299 855 2334 Cf.
867 2299 1008 2334 Meurs.

352 2353 467 2404 Cypr.
498 2355 514 2390 1
542 2367 601 2404 cp.
634 2357 673 2394 7.
726 2355 895 2391 Pertinet
934 2352 1010 2390 huc

353 2408 548 2447 Plutarchi
580 2411 684 2447 locus
714 2411 752 2445 in
779 2411 856 2448 Vit.
878 2412 1009 2448 Solon.

353 2469 406 2506 26
428 2481 464 2516 p.
488 2468 540 2507 93
554 2467 598 2502 Α.
621 2467 805 2503 narrantis
826 2469 1010 2505 Solonem

353 2524 432 2572 regi
462 2529 655 2559 auctorem
686 2523 818 2569 fuisse,
865 2531 905 2560 ut
938 2538 1011 2559 110-

353 2592 441 2615 vam
466 2580 598 2615 urbem
621 2579 668 2615 ob
702 2592 875 2628 asperim]
897 2587 1010 2630 atque.

354 2634 643 2672 incommodum
688 2636 819 2685 prioris
861 2637 1011 2686 Aepvae

352 2692 466 2728 situm
505 2691 704 2737 conderet,
737 2692 795 2727 cui
826 2693 906 2727 urbi
939 2706 1011 2728 uo-

354 2760 441 2784 men
474 2760 493 2783 0
526 2749 668 2785 Solone
691 2747 853 2784 inditum
875 2743 1009 2786 Σόλοι.

353 2806 458 2849 Quae
480 2818 571 2841 uum
593 2818 680 2843 vere
712 2804 906 2842 tradantur
920 2817 1010 2840 uec-

384 978 716 1036 Ξοῖνεκρέμασαν
745 976 855 1032 ὑπὲρ
884 981 973 1020 τῶν
999 979 1186 1021 πυλέων.
1231 978 1504 1036 κρεμαμένης
1535 980 1582 1023 δὲ
1606 983 1737 1035 τῆς55

1072 1233 1135 1268 110,
1156 1232 1260 1256 nunc
1283 1217 1490 1272 disquirere
1511 1231 1590 1255 non
1609 1226 1732 1258 vacat.

1073 1276 1172 1313 Cum
1193 1277 1296 1312 enim
1319 1277 1500 1313 Solorum
1528 1276 1657 1312 civitas
1686 1276 1734 1313 ab

1070 1332 1367 1370 Atheniensibus
1389 1332 1542 1370 condita
1559 1338 1654 1369 esset
1673 1339 1733 1368 te-

1069 1397 1123 1427 ste
1159 1391 1348 1427 Strabone
1390 1390 1481 1427 XIV
1510 1402 1550 1439 p.
1591 1391 1673 1430 683
1703 1402 1733 1426 s.

1072 1449 1179 1487 1002
1208 1447 1250 1484 C.
1270 1447 1357 1483 satis
1377 1448 1516 1483 iustam
1545 1458 1590 1481 eo
1620 1445 1733 1496 profi-

1066 1502 1232 1540 ciscendj
1253 1516 1407 1540 causam
1428 1503 1549 1540 Solon
1581 1500 1728 1539 habuit.

1067 1558 1206 1597 Adhuc
1241 1561 1364 1607 urbis,
1406 1573 1505 1612 quae
1549 1557 1598 1596 ad
1626 1571 1734 1595 oram

1067 1617 1536 1668 septemtrionalemCypri
1545 1629 1624 1653 non
1635 1628 1729 1666 pro-

1068 1674 1130 1709 cul
1151 1686 1172 1709 a
1200 1674 1485 1725 promontorio,
1508 1673 1569 1709 cui
1589 1685 1733 1709 nomen

1074 1730 1277 1778 CaJIinusa,
1299 1737 1489 1766 exstructa
1509 1742 1629 1779 prope
1657 1729 1734 1765 flu-

1073 1787 1181 1824 vium
1200 1800 1374 1837 parviun,
1396 1793 1510 1837 portu
1530 1792 1644 1837 atque
1654 1786 1734 1822 Ve-

1071 1844 1171 1881 neris
1191 1843 1375 1895 Isidisque
1407 1843 1548 1893 templo
1575 1843 1734 1892 insignis

1070 1900 1164 1949 fuit,
1204 1899 1341 1937 rudera
1365 1899 1558 1952 quaedam
1586 1905 1733 1936 exstare

1072 1956 1250 1994 dicuntur
1279 1958 1395 2008 vulgo
1426 1963 1560 1995 vocata
1579 1956 1734 2006 Alz'gora

1070 2016 1096 2050 i.
1118 2028 1152 2052 e.
1175 2014 1300 2065 forum
1331 2016 1559 2052 marztszum
1620 2012 1732 2049 Cous.

1068 2072 1364 2118 Mannert.51,
1397 2074 1414 2111 1
1439 2083 1528 2121 pag.
1559 2068 1654 2110 565·
1677 2091 1732 2098 ‘-

1069 2129 1126 2165 De
1153 2129 1308 2179 reliquis
1339 2129 1391 2164 ita
1430 2111 1650 2164 Valcken.
1682 2124 1731 2162 ad

1067 2184 1137 2222 h.l
1166 2197 1175 2222 :
1206 2183 1404 2231 „Tradere
1423 2183 1562 2229 voluit,
1582 2188 1626 2218 ut
1645 2183 1732 2232 opi-

1067 2254 1164 2288 nor,
1201 2240 1438 2287 Herodotus,
1478 2238 1571 2276 dum
1598 2251 1731 2274 mora-

1068 2305 1172 2334 retur
1183 2296 1289 2348 apud
1302 2295 1592 2347 Philocyprum,
1614 2295 1732 2332 Solo-

1068 2367 1159 2391 nem
1178 2355 1217 2390 in
1238 2355 1316 2405 ipsa
1337 2353 1460 2390 insula
1495 2353 1621 2403 Cypro
1643 2363 1730 2388 car-

1067 2412 1173 2448 mina
1201 2410 1435 2457 condidisse,
1475 2409 1612 2461 quibus
1632 2408 1732 2444 ami-

1068 2481 1158 2505 cum
1196 2469 1311 2504 istum
1348 2479 1461 2504 suum
1481 2463 1727 2503 collaudarit:

1068 2531 1182 2576 atque
1222 2524 1261 2561 id
1301 2523 1546 2561 manifestum
1586 2528 1639 2558 est
1678 2533 1728 2557 ex

1067 2588 1173 2632 parte
1193 2582 1362 2631 Elegiae,
1383 2579 1601 2632 quitregem
1614 2579 1729 2614 istum

1067 2639 1332 2689 alloquebatur
1342 2638 1476 2684 Solon,
1488 2648 1509 2672 a
1521 2632 1726 2672 Plutarcho

1067 2701 1287 2732 conservata
1327 2692 1447 2731 1.1.ι
1538 2692 1602 2728 Tu
1648 2688 1726 2727 vid.

1066 2751 1236 2788 Bruuck.
1248 2753 1373 2788 Poett.
1388 2748 1588 2787 Gnomicc.
1600 2748 1640 2785 iu
1651 2747 1727 2785 So-

1068 2807 1162 2843 lonis
1183 2810 1319 2859 fragm.
1343 2821 1396 2844 111,
1423 2806 1565 2844 XXIII.
