1870 3249
331 214 985 252 TERPSICHORE.
1045 215 1089 250 Y.

1271 214 1351 254 127

89 328 135 371 ἐκ
165 326 337 379 διδαχῆς
365 328 447 367 τοῦ
473 321 712 378 Ἰσαγόρεω.
765 324 809 365 οἱ
846 322 925 375 μὲν
960 321 1044 375 γάρ
1072 319 1351 376 Ἀλκμαιωνί-

93 397 164 439 δαι
198 392 270 436 καὶ
316 393 361 434 οἱ
395 395 689 435 συστασιῶται
730 389 880 433 αὐτῶν
930 387 1047 444 εἶχον
1090 391 1234 446 αἰτίην
1270 393 1350 432 τοῦ

93 459 237 518 φόνου
275 457 458 504 τούτου·

0 526 36 570 'l
93 534 160 572 λοι
189 527 339 571 αὐτοῦ.

506 457 650 509 αὐτός’
678 458 725 501 δὲ
756 456 812 501 οὐ
843 462 1024 513 μετεῖχε,
1066 458 1168 502 οὐδ’
1212 459 1255 501 οἱ
1284 458 1352 511 φί-

401 528 455 569 Οἱ
491 524 537 570 δ’
581 525 751 580 ἐναγέες
774 523 1020 580 Ἀθηναίων
1059 521 1143 570 ὦδε
1184 524 1351 581 ὠνομά-
1365 532 1411 564 10

88 601 268 652 σθησαν.
325 589 382 651 ἦν
411 593 572 638 Κύλων
598 598 687 637 τῶν
712 591 960 650 Ἀθηναίων
983 592 1095 650 ἀνὴρ
1121 592 1353 648 Ὀλυμπιο-

59 666 235 721 2νίκης·
273 658 402 715 οὗτος
441 662 510 706 ἐπὶ
536 663 766 715 τυραννίδι
804 659 999 717 ἐκόμησε.

30 849 149 886 Gaisf.
212 850 313 885 Nam
343 849 467 886 ταῦτα
507 846 554 884 ad
586 846 691 900 ἔλεγε

30 907 205 956 pertinet,
227 904 301 942 hoc
311 905 391 942 fere
405 917 539 941 sensu:
571 903 693 952 „haec

31 961 322 999 caduceatorem
363 964 517 998 mittens
545 960 694 999 dicebat

34 1019 258 1056 Cleomenes
277 1019 324 1056 ab
353 1013 505 1069 isagora
525 1017 694 1066 edoctus,

35 1078 102 1128 qui
129 1078 210 1126 ipse
230 1077 278 1112 ab
308 1074 381 1112 hoc
403 1077 584 1122 crimine,
615 1088 692 1127 quo

33 1132 330 1169 Alcmaeonidae
340 1132 568 1169 tenebantur
583 1131 693 1180 (ἕνα-

30 1188 116 1241 γὲες
152 1188 242 1226 inde
290 1188 399 1238 dicti)
435 1189 532 1225 liber
565 1192 677 1257 ,ferat
667 1190 691 1208 ‘

30 1247 123 1286 Mox
143 1245 232 1283 dedi
260 1241 396 1285 αὐτῶν
425 1259 494 1296 pro
523 1240 688 1285 αυτέων.

237 1336 331 1389 Cap.
345 1338 490 1374 LXXI.

90 1413 131 1454 οἱ
177 1410 210 1454 δ’
254 1414 410 1468 ἐναγέες
461 1412 692 1466 Ἀθηναίων

33 1465 111 1510 ὦδε
141 1468 472 1539 ω’νομασθησαν]
505 1471 691 1523 Schwgh.

32 1534 120 1565 ante
151 1523 382 1580 Ἀθηναίων
401 1531 560 1582 requirit
578 1542 693 1581 prae-

30 1586 259 1636 positionem
284 1583 374 1626 ὑπό.
435 1588 517 1632 Qua
533 1586 692 1639 quidem

32 1642 98 1679 vix
132 1655 240 1693 opus.
304 1645 404 1680 Nam
442 1645 471 1681 is
498 1644 579 1680 fere
615 1644 692 1681 loci

33 1711 184 1736 sensns:
244 1699 342 1737 Inter
367 1700 596 1738 Athenienses
626 1703 691 1752 qui

30 1754 200 1804 Fmagees
217 1761 298 1794 sunt
312 1771 342 1794 s.
361 1762 546 1805 vocantur,
561 1771 636 1795 eam
647 1758 688 1794 ob

31 1824 175 1849 causam
211 1816 265 1851 ita
298 1816 417 1851 vocati
431 1818 526 1852 sunt.
594 1816 690 1851 Loci

33 1876 303 1917 argumentum
310 1872 549 1922 persequitur
555 1869 688 1908 Schol.

32 1924 188 1961 Aristid.
218 1938 306 1976 pag.
333 1925 386 1966 44
415 1940 522 1978 seqq.
550 1928 691 1963 From-

34 1981 138 2028 mel.‚
159 1993 328 2032 quocum
347 1984 585 2033 potissimum
599 1996 696 2020 con-

34 2036 104 2073 fer.
141 2037 391 2090 Thucydides
427 2041 458 2086 I,
489 2042 590 2087 126,
627 2041 696 2076 ubi

34 2092 113 2130 vid.
142 2093 306 2142 Duker.‚
328 2097 393 2147 qui
413 2097 580 2148 reliquos
599 2099 696 2133 scri-

32 2156 180 2200 ptores,
210 2125 311 2202 apud
333 2165 426 2204 quos
448 2152 620 2190 eiusdem
639 2154 695 2190 rei

33 2208 204 2256 mentio,
234 2208 415 2246 indicavit
431 2216 469 2246 et
485 2211 600 2260 ipsius
620 2223 693 2247 vo-

35 2264 87 2300 cis
100 2258 276 2317 Ἐναγεῖς
294 2267 482 2303 rationem
497 2268 694 2318 exposuit.

35 2321 178 2372 quippe
237 2335 296 2358 lae
305 2335 383 2359 non
404 2322 481 2360 de'
472 2325 516 2361 lis
530 2330 696 2372 tantum,

37 2378 104 2428 qui
123 2328 407 2429 ipstiiaculum
426 2382 697 2418 commiserant

38 2440 76 2469 et
93 2434 234 2471 scelere
253 2449 293 2472 se
312 2437 539 2487 polluetant‚
561 2451 697 2474 verum

39 2488 87 2527 de
106 2492 263 2541 posteris
284 2505 438 2546 quoque
468 2507 602 2531 eorum
625 2494 696 2532 ad-

37 2545 103 2583 hib
81 2547 202 2584 betur.

96 2597 149 2654 ἦν
183 2599 329 2643 Κύλων
353 2619 434 2644 των
466 2601 696 2657 Ἀθηναίων

41 2654 143 2712 ανήρ
164 2656 502 2712 Ὀλυμπιονίκης]
547 2663 694 2701 Eadem

39 2716 159 2753 ferme
179 2715 428 2769 Thucydides
451 2720 477 2756 l.
499 2720 538 2767 l.‚
559 2721 626 2757 ubi
644 2722 696 2758 si-

41 2773 257 2811 milimodo
285 2773 458 2811 additum
490 2773 617 2827 ἀνὴρ,
649 2776 696 2814 de

42 2841 118 2881 quo
138 2830 188 2868 cf.
207 2831 273 2879 ΙΙΙ,
298 2831 390 2872 125.
448 2833 557 2869 Hanc
579 2833 697 2885 Cylo-

1057 658 1353 717 προσποιησά-

747 847 805 883 nis
832 845 1033 883 victoriam
1065 843 1247 883 Larcher.
1281 845 1410 881 retulit

749 902 794 939 ad
813 903 967 954 Olymp.
987 902 1040 943 35
1061 916 1091 940 s.
1112 903 1193 943 640
1210 916 1243 939 a.
1265 900 1408 938 Chnn.

750 961 932 997 Gollerusr
954 960 969 1007 (
987 958 1037 995 ad
1065 958 1286 1011 Thucydid.
1308 959 1335 995 l.
1355 956 1407 1011 l.)

751 1030 841 1054 cum
861 1018 941 1053 aliis
962 1015 1011 1052 ad
1031 1016 1184 1067 Olymp.
1205 1018 1259 1056 30
1277 1029 1308 1052 s.
1330 1017 1411 1056 660

749 1087 784 1110 a.
800 1072 894 1110 Chr.
905 1086 967 1120 n.3
1004 1074 1133 1110 turbas
1161 1072 1210 1109 ad
1239 1071 1410 1110 Athenas

749 1128 991 1181 occupandas
1010 1129 1116 1166 idem
1129 1128 1310 1166 Larcher.
1319 1130 1410 1166 reii-

748 1189 799 1224 cit
813 1187 862 1223 ad
892 1187 1046 1238 Olymp.
1067 1186 1135 1233 42,
1162 1189 1181 1225 1
1217 1199 1248 1223 s.
1271 1189 1354 1227 612
1375 1198 1410 1223 a.

748 1243 839 1281 Chr.
858 1257 920 1292 n.,
949 1244 991 1279 in
1015 1256 1091 1295 quo
1113 1244 1293 1280 convenit
1320 1256 1410 1280 cum

747 1300 934 1338 Herodoti
947 1301 1227 1351 interpretibus.
1260 1301 1318 1336 De
1330 1301 1411 1352 Cy-

746 1359 845 1395 lonis
882 1358 1001 1395 turbis
1030 1359 1083 1394 ita
1110 1356 1255 1394 iudicat
1286 1358 1329 1398 C.
1364 1358 1410 1395 F.

748 1417 960 1452 Hermann.
998 1413 1219 1451 Lehrbuch.
1258 1420 1331 1451 etc.
1373 1415 1411 1461 §.

753 1475 844 1520 103,
866 1479 908 1508 ut
927 1473 1048 1508 nimia
1066 1472 1199 1522 legum
1221 1473 1412 1508 Draconi-

748 1542 883 1566 carum
900 1530 1097 1566 severitate
1126 1530 1307 1566 excitatas
1335 1541 1412 1580 pu·-

746 1592 801 1623 tet
811 1599 822 1634 3
836 1599 929 1638 quas
937 1586 1041 1636 leges
1051 1586 1116 1638 qui
1130 1593 1214 1622 tum
1227 1586 1412 1637 reipubli-

746 1656 814 1680 cae
833 1644 1093 1694 gubernacula
1102 1643 1295 1680 tenuerint
1310 1643 1413 1693 opti-

744 1707 866 1737 mates
895 1713 985 1737 cum
1016 1713 1147 1737 severe
1173 1701 1414 1737 exercuerint

743 1764 935 1808 sperantes
946 1770 991 1794 eo
1001 1757 1147 1794 facilius
1159 1756 1415 1794 democratiae

743 1820 828 1850 tum
862 1815 1049 1851 nascentis
1085 1815 1231 1850 semina
1259 1814 1412 1864 reprimi

744 1883 875 1921 posse,
924 1883 1030 1907 secus
1061 1877 1192 1906 tamen
1234 1869 1414 1907 accidisse

749 1926 853 1964 idem
909 1928 1153 1963 Hermannus
1220 1927 1414 1975 observat3

751 1982 1066 2035 quandoquidem
1111 1983 1298 2035 Cylonem
1348 1985 1414 2036 qui

751 2039 980 2089 devicerint,
1025 2053 1122 2077 mox
1150 2041 1199 2078 ob
1235 2040 1413 2078 infidiam

749 2099 789 2133 in
821 2097 967 2148 Cylone
998 2104 1109 2148 capto
1144 2110 1187 2134 ac
1224 2098 1413 2135 trucidato

750 2155 1014 2202 commissam,
1044 2156 1142 2202 loco,
1165 2167 1283 2207 quem
1304 2162 1415 2192 tene-

747 2211 840 2248 bant
866 2211 907 2247 in
937 2211 1049 2248 rebus
1063 2212 1241 2262 publicis,
1260 2225 1413 2249 summo

752 2267 890 2304 deiecti
914 2269 977 2305 vel
1004 2269 1100 2305 urbe
1127 2267 1264 2305 cedere
1291 2270 1413 2306 coacti

751 2332 840 2361 sunt
860 2325 1171 2374 Alcmaeonidae,
1193 2328 1300 2376 gravi
1328 2328 1414 2378 pia-

752 2382 838 2419 culo
857 2383 913 2418 illi
935 2382 1091 2435 quidem
1108 2383 1292 2421 obstricti.

810 2433 926 2485 οὗτυς
972 2438 1034 2478 ἐπὶ
1069 2440 1278 2490 τυραννίδι
1322 2434 1414 2479 ἑκό-

753 2496 882 2547 μησε]
915 2497 1002 2533 Duo
1020 2495 1133 2533 codd.
1155 2491 1324 2547 ἐκόμισε,
1347 2510 1414 2533 ac-

751 2551 910 2589 cedente
930 2552 1104 2590 Eustath.
1125 2552 1174 2589 ad
1193 2554 1237 2590 11.
1257 2567 1296 2605 p.
1321 2553 1413 2600 165,

754 2611 805 2650 16
825 2622 856 2646 s.
876 2623 914 2660 p.
939 2610 1031 2657 125,
1053 2613 1091 2651 3.
1136 2611 1188 2647 At
1207 2609 1302 2646 nihil
1322 2622 1413 2645 mu-

751 2665 928 2703 tandum.
969 2668 1069 2703 Nam
1087 2668 1249 2703 verbum
1269 2668 1412 2717 κομᾶν,

752 2722 856 2774 quod
886 2725 1038 2774 proprie
1068 2724 1191 2760 valet:
1233 2723 1326 2760 alere
1353 2735 1411 2760 co-

752 2791 856 2827 mam,
874 2786 916 2816 ut
935 2782 964 2826 1,
979 2782 1046 2821 82.
1071 2779 1149 2819 195
1179 2786 1250 2816 etc.
1272 2778 1412 2816 deinde

753 2849 908 2888 quoque
936 2835 1122 2886 significat
1153 2838 1314 2886 spiritum
1344 2837 1414 2874 sibi
