1806 3181
25 699 196 727 Consilium
215 700 275 727 De-

27 734 137 761 marati
165 742 183 760 a
201 733 301 761 Xerxe

28 768 231 804 repudiatum.

356 118 441 159 792

756 120 1220 161 HERODOTI

359 225 453 277 υΤοέ
483 230 678 271 σεωυτοῦ
709 227 755 270 δὲ
785 227 1012 282 τιθέμενος
1041 223 1102 280 εὖ,
1132 229 1309 286 γνώμην
1339 230 1402 286 ἔχε
1441 228 1495 271 τοὶ
1533 231 1622 272 τῶν

358 291 687 350 ,,ἅντιπολὲμων
717 295 774 350 μὴ
807 294 1078 350 ἐπιλέγεσθαι
1100 296 1343 353 πρήγματα,
1375 300 1428 353 τῇ
1450 312 1494 339 τε
1525 296 1678 352 στήο9ο

334 367 542 412 7,,σονται
570 362 648 406 τὸν
678 363 882 416 πόλεμον,
915 362 969 405 τά
990 379 1033 405 τε
1052 363 1300 419 ποιήσουσι,
1331 364 1430 408 ὅσοι
1448 381 1491 408 τε
1516 368 1621 418 πλῆ-

359 429 470 480 ,,θός
518 431 612 474 εἶσι.

682 431 823 474 ἱκανοὶ
861 430 943 486 γὰρ
985 431 1142 473 ἐκεῖνοί
1185 448 1232 486 γε
1275 431 1402 475 αὐτοὶ
1447 431 1623 474 ἑωυτῶν

357 496 483 550 ,,πέρι
522 499 770 554 φροντίζειν
813 499 918 549 εἰσὶ,
968 497 1089 554 ἡμεῖς
1131 499 1175 541 δὲ
1213 497 1358 553 ἡμέων
1402 498 1620 550 ὡσαύτως.

359 565 728 622 ,Λακεδαιμόνιοι
765 566 830 617 δὲ,
871 561 926 622 ἦν
956 567 1055 608 ἰ’ωσι
1087 565 1213 609 ἀντία
1246 567 1441 623 Πέρσῃσι
1472 568 1513 618 ἐς
1543 566 1622 623 μά-

196 635 298 681 237
355 650 472 689 ,,χην,
503 633 606 678 οὐδὲ
633 635 683 677 (ἐν
722 634 771 678 τὸ
803 634 968 688 παρεὸν
998 637 1148 688 τρῶμα
1178 632 1440 677 ᾰνιεῦνται.“
1493 633 1624 690 Ἀμεί-

359 704 480 756 βεται
510 703 669 758 Ξέρξης
697 704 864 746 τοῖσδε·
894 699 1171 757 ,,Ἀχαίμενες,
1202 696 1251 745 εὖ
1281 702 1324 745 τέ
1355 719 1430 757 μοι
1461 703 1678 754 δοκέεις95
1732 701 1742 707 “
1794 706 1799 711 ’

330 770 552 825 2,,λέγειν,
593 772 668 814 καὶ
709 768 876 825 ποιήσω
917 774 1066 813 ταῦτα.
1125 768 1387 826 Δημάρητος
1427 770 1473 814 δὲ
1513 771 1624 827 λέγει

358 837 464 891 ,,μὲν
502 837 555 881 τὰ
595 839 752 894 ἄριστα
782 839 950 882 ἔλπεται
982 836 1092 880 εἶναι
1123 837 1241 890 ἐμοὶ,
1285 836 1436 895 γνώμῃ
1474 838 1623 893 μέντοι

327 910 349 944 3
363 903 594 956 ,,ὲ“σσοῦται
633 905 721 951 ὑπὸ
763 909 852 949 σεῦ.

912 904 967 949 οὐ
1006 904 1091 960 γὰρ
1132 904 1185 961 δή
1222 906 1343 948 κεῖνό
1370 921 1418 961 γε
1459 906 1623 958 ἐνδέξο-

359 989 476 1028 ,,μαι,
506 971 621 1026 ὅκως
649 973 731 1019 οὐκ
760 973 929 1019 εὐνοέει
957 978 1070 1017 τοῖσι
1084 972 1227 1029 ἐμοῖσι
1245 971 1483 1029 πρήγμασι,
1508 974 1623 1018 τοῖσί

300 1148 366 1187 νοί
378 1150 458 1198 σοι]
477 1149 643 1190 κείνοισι
656 1149 705 1187 ad
726 1147 960 1186 anteceden-

299 1205 353 1241 tia
385 1213 549 1256 spectat,
585 1206 633 1244 ad
661 1208 788 1258 copias
808 1207 960 1243 navales

301 1273 423 1312 aeque
444 1275 487 1299 ac
508 1263 720 1314 pedestrem,
748 1265 800 1300 ita
819 1270 860 1299 ut
872 1263 962 1313 plu-

299 1318 388 1355 ralis
415 1321 568 1357 numeri
595 1321 690 1357 ratio
725 1321 811 1357 satis
842 1318 962 1370 adpa-

302 1381 396 1412 reat.

358 1428 406 1469 τοέ
422 1433 598 1470 σεωυτοῦ
616 1430 658 1470 δὲ
678 1430 888 1480 τιθέμενος
899 1424 962 1479 εὖ]

300 1488 325 1525 i.
340 1500 371 1527 e.
395 1491 478 1524 tuas
497 1501 551 1524 res
572 1489 650 1525 bene
670 1488 853 1535 collocans,
873 1489 965 1535 sive,

299 1551 342 1580 ut
361 1543 486 1580 reddit
515 1543 896 1595 Schweighaeuser.:
932 1546 967 1581 si

302 1605 384 1637 tuae
401 1602 561 1637 rationes
596 1602 675 1638 bene
708 1604 811 1638 erunt
840 1602 965 1638 initae.

301 1658 360 1693 De
381 1658 573 1694 locutione
610 1651 655 1696 εὖ
677 1657 868 1696 τίθεσθαι
886 1655 965 1697 vid.

302 1712 564 1750 Hemsterhus.
583 1713 631 1751 ad
639 1715 799 1750 Lucian.
816 1715 964 1749 Necro-

302 1769 452 1807 manth.
477 1772 527 1807 T.
549 1772 602 1806 ΠΙ
633 1783 721 1821 pag.
744 1769 824 1811 365
855 1782 962 1821 seqq.

303 1827 409 1871 Quae
429 1834 664 1879 sequuntur:
709 1823 874 1881 γνώμην
904 1825 963 1876 ἔχε

305 1883 389 1932 (ubi
405 1885 642 1921 Florentinus
659 1897 748 1920 cum
772 1884 851 1919 aliis
877 1881 964 1932 ἔχω,

305 1940 409 1990 quod
425 1940 563 1977 arridet
582 1939 792 1988 Larchero)
813 1940 864 1975 sic
876 1938 968 1975 red-

305 1996 479 2033 diderim:
498 1999 636 2046 cogita,
666 1997 775 2034 induc
796 1997 964 2044 animum,

306 2057 346 2088 ut
367 2054 648 2091 adversariorum
658 2066 712 2090 res
731 2053 774 2099 (s.
788 2051 880 2104 quid
892 2050 967 2088 ho-

306 2115 378 2145 stes
417 2112 563 2160 agant)
600 2112 736 2147 minime
772 2121 872 2146 cures
904 2121 966 2145 nec

305 2166 475 2202 sollicitus
504 2168 572 2214 sis,
614 2179 680 2216 qno
709 2166 807 2203 modo
839 2165 966 2202 bellum

304 2225 377 2259 sint
409 2224 556 2271 gesturi.
634 2221 697 2258 Ad
730 2223 965 2259 locutionem

303 2274 470 2330 γνώμην
489 2277 588 2328 ἔχειν
609 2278 709 2314 conf.
732 2280 780 2321 11,
807 2280 875 2317 27.
899 2278 964 2325 IV,

306 2337 354 2374 31
379 2336 465 2371 coll.
487 2336 516 2381 Ι,
541 2336 634 2375 207.
657 2335 800 2381 111,ss2.
859 2333 965 2378 Quae

304 2392 427 2427 attulit
452 2389 804 2440 Schweighaeuser.
828 2390 866 2425 in
887 2391 965 2426 Le-

304 2448 380 2485 xic.
413 2447 555 2484 Herod.
588 2448 759 2484 Verbum
792 2445 965 2499 ἐπιλέγε-

308 2507 405 2542 σθαι
432 2508 605 2554 reputare,
632 2516 756 2541 curare
779 2503 886 2553 attigi
916 2501 964 2539 ad

306 2560 451 2601 V1L47
477 2560 589 2602 fimet
612 2560 843 2597 locutionem
864 2561 964 2612 τῇτε

307 2613 519 2664 στήσονται
540 2614 610 2656 τόν
633 2612 809 2666 πόλεμον
822 2614 870 2652 ad
882 2617 963 2663 VH,

311 2673 402 2713 175.
459 2675 502 2709 In
543 2686 648 2724 seqq.
683 2687 702 2705 ρ
745 2673 963 2709 Florentino

307 2741 395 2765 cum
426 2737 582 2768 reoentt.
611 2729 698 2767 edd.
734 2730 858 2781 recepi
881 2723 964 2768 οὔδ’

1011 1148 1058 1188 ἓν
1076 1161 1145 1199 pro
1163 1143 1296 1196 οὐδὲν,
1308 1146 1413 1199 quod
1432 1154 1561 1185 tamen
1571 1145 1679 1184 Bek-

1016 1204 1099 1242 ker.
1138 1205 1303 1241 retinuit.
1363 1207 1420 1241 De
1449 1217 1544 1243 voce
1575 1207 1679 1258 τρῶ-

1019 1278 1073 1314 μα
1096 1261 1143 1299 cf.
1164 1262 1246 1308 VII,
1268 1263 1366 1301 233.

1077 1346 1300 1400 α’νιεῦνται]
1348 1350 1605 1400 Wesselingio
1639 1350 1679 1387 in

1022 1414 1194 1444 mentem
1234 1415 1389 1445 venerat
1417 1403 1478 1446 ’ἂν
1515 1406 1679 1456 ἰεῦνται,

1023 1477 1099 1516 quo
1141 1471 1270 1500 tamen
1304 1478 1398 1515 opus
1438 1476 1516 1500 esse
1564 1470 1681 1514 negat

1022 1519 1257 1571 Schweigh„
1287 1522 1353 1572 qui
1374 1534 1463 1557 cum
1484 1518 1679 1559 Schaefer‘.

1024 1584 1061 1614 et
1083 1576 1319 1614 Schueidero
1342 1576 1412 1627 (in
1430 1578 1559 1613 Lexic.
1584 1577 1679 1626 Gr.)

1020 1635 1221 1683 vulgatum
1255 1629 1462 1672 οἷνιεῦνται
1485 1632 1629 1670 derivat
1657 1646 1679 1670 a

1020 1691 1137 1728 verbo
1163 1686 1357 1741 ἆνιοῖομαι
1383 1703 1410 1727 s.
1431 1690 1560 1726 Ionice
1590 1684 1680 1728 ἄνι-

986 1775 1000 1788 .
1021 1747 1148 1796 έομαι,
1169 1748 1275 1783 cuius
1305 1745 1452 1795 eadem,
1475 1758 1572 1797 quae
1587 1747 1681 1782 sim-

1019 1804 1126 1854 plicis
1156 1804 1262 1841 verbi
1291 1803 1453 1850 ἰᾶσθαι,
1474 1803 1579 1839 notio
1609 1815 1682 1839 mc-

1022 1860 1147 1904 denclz',
1176 1859 1395 1897 resarciendi.
1425 1860 1529 1905 Quae
1545 1857 1681 1895 eadem

1021 1917 1177 1953 Aemilii
1198 1918 1305 1954 Porti
1332 1916 1455 1953 fuerat
1483 1916 1680 1953 sententia.

1156 2018 1248 2070 Cap.
1280 2018 1543 2055 ccxxxvn.

1079 2104 1182 2154 ’ὅκως
1211 2103 1283 2148 οὐκ
1314 2103 1482 2156 εὐνοέει]
1512 2108 1570 2144 De
1589 2119 1680 2157 par-

1020 2165 1135 2202 ticula
1157 2161 1268 2211 ,ὅκως
1300 2165 1386 2214 (pro
1409 2161 1489 2211 ὅτι,
1523 2171 1566 2200 ut
1598 2164 1680 2210 VII,

1024 2224 1122 2270 161)
1152 2222 1302 2258 monuit
1317 2219 1452 2257 Matth.
1469 2222 1535 2256 Gr.
1552 2220 1617 2256 Gr.
1639 2233 1678 2269 p.

1025 2280 1144 2325 1267,
1177 2278 1243 2328 qui
1272 2276 1375 2313 idem
1397 2290 1436 2326 p.
1465 2274 1546 2316 724
1576 2276 1678 2312 conf.

1023 2332 1069 2369 de
1083 2340 1270 2370 structura
1284 2333 1389 2370 verbi
1405 2334 1679 2381 σταθμᾶσθαι,

1020 2396 1063 2426 ut
1084 2391 1163 2437 VII,
1186 2388 1280 2429 214.
1314 2387 1505 2440 πρότερον
1520 2389 1680 2425 refertur

1021 2445 1069 2482 ad
1086 2459 1142 2493 ea,
1165 2457 1262 2497 quae
1278 2446 1357 2491 VII,
1375 2447 1454 2485 209
1476 2444 1622 2482 dixerat
1643 2451 1680 2481 et

1022 2501 1064 2541 ἔκ
1086 2498 1228 2541 τούτου
1249 2501 1391 2552 pendet
1411 2514 1433 2537 a
1448 2503 1594 2552 passivo
1616 2503 1678 2539 λε-

1020 2558 1223 2610 γομένοισι
1239 2571 1283 2595 eo
1299 2572 1383 2606 usu,
1401 2570 1516 2609 quem
1532 2557 1580 2594 ad
1595 2558 1677 2603 Vll,

1025 2616 1101 2656 175
1136 2616 1254 2664 attigi.
1286 2617 1336 2667 τῇ
1374 2616 1465 2667 σιγῇ
1484 2621 1537 2651 est
1557 2616 1676 2660 tacite,

1022 2671 1125 2719 clam,
1163 2679 1205 2708 ut
1231 2672 1278 2718 11,
1304 2670 1382 2711 140
1404 2671 1489 2707 coll.
1518 2672 1586 2717 IX,
1608 2673 1675 2711 93.

1021 2729 1195 2781 Namque
1215 2741 1283 2779 pro
1303 2727 1481 2766 adverb10
1502 2726 1596 2764 illud
1605 2724 1676 2763 ha-
