1815 3181
273 589 337 633 22

68 651 144 678 Pars
156 651 238 679 Sami
231 661 274 679 or
279 661 326 679 un

120 694 166 713 um
180 686 339 713 Persicum

64 719 101 746 ab
125 728 213 747 orren
197 723 274 755 ntes,

63 761 131 780 cum
150 741 338 781 Milesiorum

66 787 202 827 profugis
221 787 251 813 in
276 788 322 814 Si-

63 820 163 847 ciliam
190 821 286 849 coloni

64 854 187 890 abeunt,

399 209 482 249 252

789 208 1257 247 HERODOTI

400 315 643 368 διδάξαντι,
673 316 715 366 ἐς
737 315 908 369 δάκρυά
938 333 983 359 τε
1012 317 1134 361 ἔπεσε
1164 318 1215 363 τὸ
1242 319 1442 376 θέητρον,
1473 321 1545 363 καὶ
1575 321 1661 378 ἔζη-

400 384 569 438 μίωσάν
598 399 696 438 μιν,
737 383 795 434 ὥς
826 382 1137 441 ἀναμνήσαντα
1167 387 1313 444 οἶκήϊα
1349 388 1475 441 κακοὶ,
1504 391 1663 445 χιλίῃσι

400 454 616 509 δραχμῇσι
629 466 637 476 ·

395 518 536 575 τούτῳ
563 522 623 574 τῷ
653 516 851 574 δράματι.

481 587 677 642 Μίλητος
712 587 792 642 μέν
830 603 912 630 νυν
941 590 1175 646 Μιλησίων
1210 589 1418 647 ἐρήμωτο.

402 653 448 696 δὲ
477 654 591 696 τοῖσί
618 671 658 697 τι
691 654 838 710 ἔχουσι
867 654 916 700 τὸ
954 656 1034 712 μὲν
1054 657 1107 709 ,ἐς
1145 657 1250 708 τούς
1279 657 1466 713 Μήδους
1495 658 1542 701 ἐκ
1571 662 1660 701 τῶν
1674 664 1719 698 76

368 724 654 778 Ξστρατηγῶν
676 725 765 765 τῶν
793 723 1016 778 σφετέρων
1045 726 1230 781 ποιηθὲν
1260 723 1469 780 οὐδαμῶς.
1493 725 1661 783 ἤρεσκε·

696 451 767 494 καὶ
818 451 1025 505 ἐπέταξαν
1073 455 1225 512 μηκέτι
1269 456 1434 512 μηδένα
1471 461 1664 513 χρᾶσθαι

397 787 540 832 ἐδόκεε
580 790 626 832 δὲ
664 789 770 846 μετὰ
807 790 887 847 τήν
922 794 1168 850 ναυμαχίην
1209 790 1364 836 αὐτίκα
1402 793 1662 849 βουλευομέ-

395 867 532 904 νοισι,
562 858 668 912 πρὶν
696 857 726 914 ἤ
754 870 832 915 σφι
861 859 904 911 ἐς
933 859 1014 916 τήν
1040 860 1188 917 χώρην
1220 859 1455 905 ἀπικέσθαι
1481 860 1561 906 τόν
1589 859 1658 904 τύ-

393 921 561 980 ῥαννον
591 924 777 979 Αἰάκεα,
816 927 859 979 ἐς
889 925 1094 985 ἀποικίην
1122 927 1336 983 ἐκπλέειν,
1375 929 1481 985 μηδὲ
1509 928 1719 985 μένον-80

333 1132 423 1156 men
443 1121 485 1157 in
503 1122 679 1160 omnibus
698 1123 810 1161 rebus
839 1136 885 1161 eo
904 1137 993 1176 spe-

333 1177 520 1215 ctanfibus
550 1191 594 1216 ac
620 1181 842 1230 praesertim
869 1182 911 1217 in
932 1181 992 1218 af-

329 1233 490 1271 fectibus
520 1235 720 1274 movendis
754 1243 792 1275 et
819 1238 992 1275 excitan-

332 1288 390 1326 dis
420 1303 442 1327 a
469 1299 583 1342 poeta
602 1294 746 1344 tragico
766 1292 899 1332 haberi
919 1307 991 1333 vo-

332 1347 456 1392 luisse,
467 1349 519 1385 ita
539 1355 581 1385 ut
601 1350 668 1402 qui
686 1351 728 1386 in
746 1351 882 1388 talibus
901 1364 991 1388 mo·-

332 1402 427 1440 dum
447 1406 675 1454 excessisset,
696 1406 867 1460 finesque
877 1408 994 1445 iustos

331 1461 548 1511 migrasset,
577 1464 799 1514 praesertim
815 1477 858 1501 ea
877 1465 917 1501 in
938 1477 992 1513 re,

332 1529 431 1569 quae
450 1520 611 1556 minime
632 1518 767 1558 decora
787 1527 902 1573 atque
916 1494 992 1558 ho-

333 1574 491 1611 nonfica
502 1583 580 1613 erat
590 1574 885 1615 Atheniensium
896 1579 990 1616 civi-

331 1632 420 1678 tati,
460 1633 492 1669 is
528 1634 610 1669 iure
637 1633 861 1684 plectendus
901 1636 990 1686 ipsis

328 1685 531 1726 videretur.
606 1691 687 1728 Nec
728 1691 867 1728 inimi-1
905 1693 988 1728 talis

327 1745 470 1782 mulcta
526 1747 784 1785 memorabilis
837 1747 989 1786 videtur

327 1799 648 1852 Wachsmuthio‚
679 1803 830 1842 Hellen.
858 1806 990 1842 Alter-

326 1855 499 1896 thumsk.
517 1860 548 1909 1,
568 1862 594 1900 2
614 1873 702 1912 pag.
723 1864 790 1911 30,
819 1862 885 1900 ubi
909 1861 988 1915 vid.

381 1971 426 2012 ἔκ
444 1968 603 2025 δάκρυά
623 1988 664 2012 τε
684 1971 795 2014 ἔπεσε
816 1971 861 2015 τὰ
889 1972 984 2027 θέη-

325 2030 446 2082 τρον]
486 2031 587 2067 Hinc
613 2029 718 2081 apud
752 2032 900 2070 Aelian.
934 2033 983 2069 N.

326 2087 375 2135 A,
394 2087 457 2134 IV,
467 2085 534 2134 42,
552 2087 608 2134 εἰς
630 2084 786 2139 δάκρυα
803 2087 983 2130 ἐκπεσεῖν

326 2150 483 2181 notante
509 2144 704 2193 1acobsio,
735 2145 802 2197 qui
830 2144 878 2182 de
909 2144 983 2184 hae

324 2201 516 2238 locutione
536 2201 626 2238 citat
651 2202 755 2241 Bast.
777 2208 815 2238 et
833 2199 983 2240 Schae-

324 2257 394 2295 fer.
415 2256 465 2294 ad
484 2258 645 2308 Gregor.
665 2256 839 2300 Corinth.
857 2272 898 2310 p.
909 2261 980 2301 63.

543 2383 636 2434 Cap.
647 2383 775 2421 XXII.

380 2485 484 2524 τοῖσί
506 2500 542 2525 τι
561 2483 710 2534 ἔχουσι]
731 2485 808 2522 Pro
828 2498 865 2523 τι
885 2497 983 2522 unus

324 2542 516 2580 Sancrofti
549 2542 644 2579 liber
690 2555 751 2589 τε,
811 2539 858 2577 de
905 2554 983 2592 quo

325 2597 546 2649 Schweigh.
579 2598 727 2636 consuli
762 2598 845 2635 vult
883 2598 983 2636 viros

324 2655 453 2693 doctos
473 2654 522 2692 ad
541 2657 636 2693 Luc.
657 2655 796 2702 XVIII,
817 2655 885 2694 24.
914 2655 981 2692 In-

324 2713 497 2750 dicantur
524 2711 596 2749 hac
624 2711 789 2748 formula
822 2711 978 2759 ditiores,

324 2770 526 2820 locupletes,
574 2771 777 2820 optimates,
827 2768 892 2819 qui
925 2770 979 2820 τῷ

322 2823 434 2880 ὸήμῳ
454 2840 483 2864 s.
509 2827 605 2878 plebi
635 2832 899 2878 opponuntur,
939 2831 976 2862 et

1049 1126 1186 1178 quibus
1218 1123 1321 1177 apud
1350 1124 1501 1163 Samios
1522 1119 1717 1178 Γαμόρων

1048 1195 1078 1220 s.
1092 1178 1314 1234 Γεωμόρων
1336 1195 1497 1230 nomen,
1521 1180 1627 1233 quod
1646 1194 1713 1218 ae-

1049 1252 1124 1291 que
1143 1245 1254 1285 sonat
1283 1239 1434 1287 devites,
1455 1251 1712 1289 agrorumpos-

1049 1309 1192 1333 sessores
1212 1294 1309 1345 (vicl.
1339 1293 1535 1332 Plutarch.
1567 1296 1604 1331 Π
1623 1308 1712 1345 pag.

1047 1354 1129 1393 303
1157 1353 1205 1389 E.
1235 1351 1418 1403 Thucyd.
1449 1352 1548 1399 VIII,
1569 1353 1636 1398 21,
1657 1354 1715 1392 73

1051 1408 1143 1446 etc.
1114 1427 1160 1458 ··)
1190 1409 1247 1446 Ac
1267 1410 1415 1460 saepius
1435 1423 1530 1455 τους
1551 1406 1712 1458 ἔχοντας

1050 1462 1135 1515 (ubi
1153 1466 1295 1517 passim
1316 1478 1470 1518 quoque
1493 1463 1639 1502 addunt
1660 1479 1710 1502 τα

1048 1517 1241 1573 κτήματα,
1259 1537 1307 1562 τα
1325 1537 1505 1575 χρηματα
1515 1521 1578 1559 vel
1588 1521 1710 1558 simile

1048 1578 1172 1630 quid)
1194 1578 1270 1617 dici
1290 1579 1428 1627 divites,
1448 1584 1599 1630 praeter
1618 1578 1711 1614 alios

1047 1637 1115 1684 (in
1151 1637 1288 1688 quibus
1318 1634 1396 1674 vid.
1433 1648 1557 1672 unum
1586 1635 1711 1684 Berg—

1044 1705 1150 1729 man.
1181 1691 1230 1730 ad
1256 1694 1410 1730 Isocrat.
1435 1693 1628 1742 Areopag.
1649 1704 1709 1742 cp.

1044 1751 1096 1790 21
1128 1763 1167 1800 p.
1197 1747 1280 1790 314
1308 1749 1395 1786 coll.
1425 1749 1506 1788 383
1535 1747 1707 1795 Bensel.)

1044 1804 1094 1842 ad
1105 1804 1146 1843 h.
1159 1807 1186 1845 l.
1206 1805 1337 1843 docuit
1355 1803 1621 1853 Valckenaer.‚
1642 1804 1710 1856 qui

1044 1860 1084 1900 h.
1096 1863 1121 1901 l.
1135 1863 1248 1900 scribi
1266 1875 1376 1913 posse
1389 1861 1591 1899 arbitratur
1605 1864 1708 1900 τοῖσι

1044 1917 1204 1970 παχέεσι
1235 1918 1304 1969 (de
1324 1931 1400 1971 qua
1410 1930 1506 1959 voce
1519 1916 1706 1957 vidmott.

1043 1974 1093 2013 ad
1114 1976 1158 2025 V,
1184 1977 1256 2027 30)
1272 2005 1283 2025 ‚
1323 1975 1577 2027 adstipulante
1603 1975 1706 2011 Bor-

1040 2030 1155 2070 heck.
1193 2033 1294 2079 Quin
1313 2033 1568 2084 possisetiam
1587 2030 1706 2068 eiecta

1038 2090 1177 2128 vocula
1195 2104 1233 2129 τι
1252 2091 1415 2127 scribere
1434 2092 1536 2140 τοῖσι
1557 2087 1704 2139 ἔχουσι,

1039 2153 1082 2183 ut
1102 2147 1254 2183 monuit
1266 2142 1491 2196 Schweigh.
1504 2145 1705 2190 conferens

1041 2215 1139 2254 quae
1177 2215 1199 2239 a
1239 2202 1496 2250 WetsteuioQ
1516 2201 1609 2248 valiis
1653 2199 1701 2237 ad

1039 2257 1175 2298 Matth.
1195 2259 1378 2307 xm‚„12
1399 2264 1579 2308 congesta
1598 2263 1702 2294 sunt.

1040 2316 1125 2361 Quo
1140 2321 1277 2353 neutro
1300 2327 1410 2366 opus.
1466 2315 1512 2351 In
1532 2311 1701 2351 indicem

1039 2372 1264 2421 nominum,
1301 2372 1439 2425 quibus
1468 2369 1572 2423 apud
1592 2377 1700 2408 vete-

1041 2442 1098 2466 res
1119 2429 1285 2466 Graecos
1305 2430 1377 2467 viri
1387 2429 1571 2480 optimates
1579 2427 1701 2478 signi—

1039 2484 1202 2523 ficantur
1213 2514 1224 2534 ‚
1252 2482 1346 2533 τούς
1368 2483 1526 2537 ἔχοντας
1540 2485 1622 2521 iure
1637 2496 1700 2520 re-

1039 2542 1125 2578 tulit
1144 2540 1417 2581 Wachsmuth.
1447 2541 1597 2586 Hellen.
1627 2540 1699 2576 Al-

1039 2596 1150 2637 terth.
1167 2600 1197 2647 Ι,
1218 2601 1245 2639 2
1263 2612 1352 2650 pag.
1373 2595 1467 2651 449,
1488 2597 1696 2646 nonaliter

1036 2662 1151 2707 atque
1172 2651 1264 2704 τούς
1280 2653 1511 2704 πλουσίους,
1531 2654 1697 2706 aliasque

1034 2712 1139 2749 istius
1161 2713 1308 2762 generis
1330 2711 1613 2763 appellationes.
1636 2711 1694 2746 De

1035 2770 1180 2820 reliquo
1191 2770 1265 2806 loci
1278 2774 1504 2820 argumento
1527 2765 1591 2805 Cr.
1604 2779 1696 2804 con-

1033 2825 1104 2862 fert
1125 2824 1401 2878 Wyttenbach.
1412 2821 1694 2862 Animadverss.

1477 591 1660 646 Σαμίων
1718 585 1798 629 448
