1851 3181
427 182 544 256 ma
824 207 1290 247 HERODOTI

430 336 552 365 νειον
589 318 670 374 τήν
713 317 874 362 ἀσπίδα
917 320 1065 360 πᾶσαν
1106 315 1315 369 σκιάζειν·
1369 315 1418 359 τὸ
1455 314 1501 358 δὲ
1540 313 1695 370 φάσμα

432 392 563 433 τοῦτο
587 385 751 429 ἑωυτὸν
776 384 854 440 μὲν
872 385 1169 439 παρεξελθεῖν,
1199 383 1276 427 τὸν
1301 383 1346 426 δὲ
1366 383 1534 426 ἑωυτοῦ
1558 398 1693 435 παρα-

434 453 593 511 στάτην
622 451 889 497 ἀποκτεῖναι.
929 455 1068 495 ταῦτα
1097 451 1175 507 μὲν
1206 451 1258 508 δὴ
1284 449 1504 507 Ἐπίζηλον
1533 447 1697 494 ἐπυθό-

430 539 516 580 μην
544 522 696 578 λέγειν.

515 593 651 640 Δᾶτις
691 589 738 632 δὲ
779 588 1076 644 πορευόμενος
1115 585 1202 640 ἅμα
1240 588 1302 642 τῷ
1337 588 1508 642 στρατῷ
1547 584 1590 636 ἐς
1617 584 1755 640 τὴνέο

428 657 599 714 Ἀσίην,
637 656 801 700 ἐπείτε
843 655 1009 711 ἐγένετο
1050 655 1096 697 ἐν
1135 653 1359 711 Μυκόνῳ,
1400 651 1485 695 εἶδε
1517 650 1623 706 ὄψιν
1651 651 1698 694 ἐν

431 730 492 779 τῷ
513 725 654 782 ὕπνῳ.
685 725 757 766 καὶ
788 722 881 779 ἥτις
911 724 989 778 μὲν
1017 718 1073 778 ἦν
1094 720 1120 777 ἡ
1144 720 1256 774 ὄψις,
1288 721 1342 765 οὐ
1372 720 1558 775 λέγεται·
1589 719 1612 764 ὁ
1637 719 1698 772 δὲ,

437 792 497 845 ὥς
525 791 661 848 ἡμέρη
690 791 867 847 τάχιστοι
907 790 1148 845 ἐπέλαμψε,
1191 789 1363 845 ζήτησιν
1393 789 1582 832 ἐποιέετο
1613 790 1699 831 τῶν

408 865 567 904 Ξνεῶν.
613 858 756 912 εὑρών
786 860 831 902 δὲ
864 859 910 902 ἐν
948 859 1161 913 Φοινίσσῃ
1191 858 1266 912 νηῒ
1294 856 1464 911 ἄγαλμα
1492 854 1700 899 Ἀπόλλω-

433 945 510 980 νος
555 926 905 982 κεχρυσωμένον,
955 924 1226 970 ἐπυνθάνετο
1265 922 1428 968 ὁκόθεν
1476 920 1702 978 σεσυλημέ-

434 1011 516 1040 νον
553 997 640 1050 εἴη·
690 993 944 1050 πυθόμενος
985 994 1030 1038 δὲ
1068 994 1111 1045 ἐξ
1151 986 1205 1036 οὗ
1247 986 1304 1048 ἦν
1334 994 1453 1046 ἱροῦ,
1494 991 1612 1035 ἔπλεε
1641 992 1696 1046 τῇ
1711 995 1758 1030 25

408 1064 608 1109 3ἓωυτοῦ
641 1064 717 1118 νηῒ
744 1061 787 1112 ἐς
816 1065 987 1118 Δῆλον,
1018 1061 1103 1114 καὶ»,
1140 1059 1323 1103 ἀπίκατο
1349 1058 1435 1115 γάρ
1465 1061 1704 1115 τηνικαῦτα

436 1134 481 1176 οἱ
499 1131 657 1188 Δήλιοι
685 1129 825 1174 ὀπίσω
853 1130 896 1181 ἐς
925 1128 1006 1186 τήν
1026 1132 1173 1185 νῆσον,
1201 1128 1482 1171 κατατίθεταί
1509 1143 1554 1170 τε
1583 1126 1626 1178 ἐς
1653 1125 1701 1170 τὸ

271 581 373 628 118

101 650 303 677 Simulacrum

102 684 262 720 Apollinis,
292 682 377 709 Delio

102 718 252 745 Boeotiae
266 717 350 743 abla-

101 756 177 783 tum,
197 750 311 778 Datidis
322 757 375 784 per

102 785 249 812 somnium
270 784 380 812 moniti

103 819 189 845 iussu
208 817 345 846 restitui-

102 856 160 879 tur.

381 1295 547 1347 respexit
574 1291 757 1331 Matthiae
778 1294 846 1331 Gr.
867 1293 934 1331 Gr.
955 1304 1045 1343 pag.
1099 1293 1150 1328 A.
1181 1297 1351 1338 enarrat,
1388 1303 1412 1327 a
1438 1289 1566 1326 multis
1585 1288 1626 1326 in
1647 1287 1761 1325 Sala-

381 1351 484 1400 944,
517 1353 583 1404 qui
602 1350 706 1388 idem
724 1363 812 1401 pag.
837 1352 944 1390 1078
965 1361 1045 1400 seq.
1101 1348 1220 1385 minia
1253 1360 1384 1398 pugna
1423 1353 1510 1383 ante
1549 1358 1659 1382 suam
1687 1345 1764 1382 aci-

384 1408 639 1446 consulendus
663 1407 709 1444 de
725 1413 912 1444 structura
939 1406 1046 1444 verbi
1102 1417 1165 1441 em
1185 1402 1385 1441 Theseum
1414 1404 1540 1440 visum
1569 1415 1670 1449 esse,
1701 1414 1764 1438 ar-

384 1460 564 1505 άκούειν.
623 1462 723 1500 Dedi
757 1470 911 1510 autem,
937 1475 1047 1514 prae-

387 1529 501 1558 eunte
515 1519 737 1571 Schweigh,
757 1527 793 1557 et
804 1519 933 1568 Gaisf.,
954 1516 1046 1569 περὶ

385 1581 458 1618 τοῦ
480 1574 639 1625 πάθεος
664 1575 843 1628 ἤκουσα,
872 1576 940 1612 ubi
958 1576 1047 1613 vu]-

385 1647 436 1685 go
467 1632 622 1685 ἤκουσα
657 1632 746 1686 περὶ
777 1635 851 1672 τοῦ
878 1629 1047 1678 πάθεος.

386 1690 449 1728 Ad
468 1687 510 1730 τὸ
536 1689 689 1742 γένειον
725 1690 826 1728 conf.
847 1689 912 1736 IV,
930 1691 983 1729 23
1012 1694 1049 1724 et

388 1747 437 1784 ad
456 1747 661 1784 infinitivos
690 1752 891 1798 sequentes
910 1743 1049 1783 Matth.

389 1806 456 1841 Gr.
487 1805 554 1841 Gr.
573 1816 662 1854 pag.
686 1804 806 1844 1058.
845 1801 907 1838 Ad
927 1803 1050 1852 ipsam

388 1859 573 1897 Herodoti
586 1861 846 1896 narrationem
859 1857 964 1894 haud
973 1859 1050 1895 scio

390 1930 439 1954 an
460 1918 592 1953 referri
613 1928 767 1968 quoque
789 1914 924 1952 debeat
945 1917 1052 1950 Pau-

390 1974 533 2021 sanias,
563 1980 682 2010 noctu
700 1974 741 2009 in
762 1973 904 2022 campis
923 1973 1053 2007 Mara-

391 2029 531 2067 thoniis
550 2036 690 2066 testans
723 2041 912 2080 equorum
932 2027 1053 2064 audiri

388 2085 581 2123 hinnitum
590 2099 804 2137 sonumque
815 2085 1053 2132 certantium,

390 2144 421 2190 I,
449 2145 504 2183 32
535 2144 572 2188 ᾗ.
603 2146 627 2183 3
649 2143 735 2179 coll.
768 2143 805 2187 ξ.
839 2140 876 2189 4,
897 2142 964 2177 ubi
983 2142 1055 2177 alia

396 2197 598 2251 quaedam.
656 2197 775 2234 Addit
801 2197 860 2234 his
886 2195 1056 2233 Larche-

394 2268 457 2291 rus
478 2266 544 2301 ea,
574 2266 671 2306 quae
703 2254 824 2304 Spon.
845 2254 973 2289 retulit
993 2254 1056 2288 in-

396 2311 568 2348 colarum
606 2309 720 2346 huius
755 2310 920 2360 regionis
948 2310 1056 2345 testi-

397 2367 549 2414 monia,
580 2367 645 2418 qui
680 2379 793 2403 voces
826 2366 941 2401 miras
970 2378 1056 2400 me-

395 2430 556 2475 ttunque
576 2423 785 2459 inlicientes
806 2422 923 2458 nootu
935 2420 1057 2457 audiri

397 2484 574 2517 asserant.
613 2480 713 2524 Quin
734 2491 783 2515 ex
795 2479 973 2514 Turnero
987 2476 1058 2513 ad-

396 2543 504 2573 notat
522 2537 642 2572 Kruse
662 2535 788 2570 Hellas
809 2535 857 2579 11,
883 2536 901 2573 1
925 2535 1056 2584 p.273

397 2593 534 2630 similia
553 2590 676 2628 adhuc
699 2591 788 2627 ferri
808 2588 908 2639 apud
929 2597 1058 2640 pasto-

398 2662 477 2697 res,
508 2650 573 2701 qui
593 2649 663 2685 illis
691 2647 731 2684 in
753 2647 894 2696 campis
926 2659 1060 2696 greges

400 2712 570 2756 pascant.
643 2705 700 2740 Ac
739 2702 905 2754 denique
946 2704 1062 2739 etiam

402 2760 477 2797 hnc
513 2762 651 2798 referre
686 2761 795 2807 licet,
843 2757 947 2810 quod
967 2760 1063 2794 Plu-

403 2816 554 2855 tarchus
582 2816 701 2855 Thes.
731 2815 784 2858 25
805 2815 872 2853 fin.
899 2827 987 2866 pag.
1012 2818 1063 2856 17

1100 1467 1252 1498 matum
1271 1467 1385 1514 atque
1408 1460 1449 1497 in
1468 1458 1595 1497 hostes
1614 1459 1766 1496 irruen-

1101 1525 1195 1556 tem.

1292 1574 1385 1624 Cap.
1407 1574 1578 1612 CXVIII.

1161 1629 1204 1670 ἐν
1221 1627 1435 1684 Μυκόνῳ]
1466 1632 1492 1668 ἰ.
1514 1644 1548 1667 e.
1569 1627 1618 1666 ad
1637 1627 1768 1679 Myco-

1105 1699 1187 1724 num
1206 1687 1391 1734 insulam,
1423 1700 1520 1739 quae
1540 1699 1620 1723 non
1651 1686 1768 1735 longe

1107 1743 1219 1780 distat
1251 1756 1274 1780 a
1302 1744 1425 1790 Delo3
1464 1741 1589 1779 adhuc
1609 1749 1769 1779 vocatur

1106 1799 1257 1838 Dfficonz’.
1313 1799 1401 1837 vid.
1420 1798 1602 1850 Thucyd.
1621 1800 1686 1846 ΠΙ,
1699 1800 1771 1838 29.

1109 1857 1235 1894 Strab.
1256 1857 1296 1893 X
1323 1871 1362 1907 p.
1384 1855 1466 1896 487
1485 1869 1515 1893 s.
1537 1853 1617 1896 746
1637 1855 1685 1894 A.
1705 1853 1770 1891 Ad

1107 1913 1224 1951 verba
1251 1912 1293 1952 ἐν
1323 1915 1381 1967 τῷ
1405 1909 1520 1966 ὕπνῳ
1551 1912 1652 1948 conf.
1673 1917 1772 1948 nott.

1108 1969 1158 2006 ad
1175 1970 1239 2017 VI,
1265 1972 1358 2010 107.
1391 1966 1490 2018 ὄψιν
1518 1964 1678 2020 όνείρου
1700 1980 1772 2004 ex-

1110 2025 1217 2063 hibet
1237 2025 1374 2063 Suidas
1394 2039 1424 2065 s.
1445 2039 1482 2064 v.
1502 2028 1625 2072 Δᾶτις
1644 2025 1663 2061 I
1681 2037 1772 2076 pag.

1169 2137 1224 2184 ὥς
1241 2135 1368 2189 ήμὲρη
1391 2135 1635 2188 ε’πὲλαμψε].
1663 2137 1772 2173 Unus

1111 2195 1352 2231 Florentinus
1393 2192 1600 2244 διέλαμψε.
1676 2193 1776 2230 Ver-

1113 2252 1207 2287 bum
1246 2246 1484 2299 ἐπιλάμπειν
1529 2256 1566 2286 et
1599 2247 1639 2285 h.
1680 2250 1706 2286 l.
1737 2255 1775 2286 et

1112 2308 1214 2355 VIII,
1247 2307 1299 2345 14
1329 2305 1377 2342 de
1398 2306 1458 2343 die
1487 2306 1708 2343 illucescente
1737 2311 1776 2342 et

1112 2364 1439 2414 appropinquante,
1480 2361 1527 2399 de
1555 2375 1643 2399 vere
1671 2363 1774 2410 VIII,

1116 2422 1195 2460 130
1217 2419 1302 2457 coll.
1324 2420 1354 2467 I,
1381 2422 1474 2467 190,
1505 2419 1572 2456 ubi
1589 2414 1775 2470 ὑπολάμ-

1114 2489 1221 2515 πειν.

1173 2527 1333 2582 ζήτησιν
1351 2528 1526 2571 ἐποιέετο
1546 2532 1626 2570 τῶν
1648 2530 1774 2580 νεαῖν]

1116 2586 1421 2638 „Corrigendum
1448 2589 1617 2638 suspicor
1646 2586 1777 2635 ἐξέτα-

1117 2655 1180 2684 σιν
1198 2643 1393 2692 ἐποιέετος
1419 2644 1658 2695 nequeenim
1678 2655 1776 2695 quae

1119 2701 1291 2739 adessent
1302 2700 1519 2751 quaerendae
1529 2713 1643 2738 naves
1654 2705 1773 2746 erant,

1117 2757 1185 2795 sed
1213 2757 1507 2808 perscrutandae;
1543 2757 1633 2795 λίαν
1660 2752 1775 2806 άκρι-

1119 2815 1205 2867 βαΐς
1225 2808 1415 2862 ἐξετάζων
1439 2813 1585 2851 invenit
1604 2812 1710 2850 Datis
1734 2812 1776 2848 iu
