1789 3213
414 145 873 182 POLYMNIA
930 145 1029 181 VII.

1259 145 1343 185 677

85 271 179 306 τεος
208 255 521 303 Καλλιπολίτας
545 269 590 297 τε
623 253 696 297 καὶ
725 253 940 306 Ναξίους,
967 252 1042 295 καὶ
1070 252 1340 308 Ζαγκλαίους

84 339 129 367 τε
171 323 244 366 καὶ
282 323 568 374 Λεοντίνους,
626 321 699 364 καὶ
741 320 872 374 πρὸς,

85 391 159 435 καὶ
199 392 287 433 τῶν
325 387 563 445 βαρβάρων
603 388 810 444 συχνοὺς,
883 386 995 443 ἀνὴρ
1055 387 1255 444 ἐφαίνετο
1293 386 1340 430 ἐν

84 456 277 502 τούτοισι
315 462 429 501 τοῖσι
467 456 694 512 πολέμοισι
730 454 814 498 ἐῶν
852 454 876 500 ὁ
914 456 1061 500 Γέλων
1098 452 1342 511 λαμπρότα-
1356 459 1400 496 45

55 531 173 577 4τος.
230 529 319 569 τῶν
363 527 409 569 δὲ
449 523 574 568 εἶπον
613 524 779 567 πολίων
813 525 1025 576 τουτέων,
1055 524 1169 579 πλὴν
1197 527 1345 578 Συρη-

85 593 298 647 κουσέων,
330 592 515 648 οὐδεμία
542 591 731 648 πέφευγε
761 589 1038 646 δουλοσύνην
1066 591 1176 645 πρὸς
1204 591 1344 634 Ἱππο-

81 659 274 716 κράτεος.
331 661 669 717 Συρηκουσίους
698 658 743 702 δὲ
774 660 1010 713 Κορίνθιοί
1048 674 1092 702 τε
1121 658 1194 702 καὶ
1233 661 1344 712 Κερ-

55 734 263 782 5κυραῖοι
301 728 565 783 ἒρῥύσαυτο,
605 726 718 782 μάχῃ
758 724 1028 778 ἑσσωθέντας
1065 725 1134 770 ἐπὶ
1161 729 1342 781 ποταμῷ

76 793 266 856 Ἐλώρῳ.
325 796 565 853 ἒῤῥύσαντο
607 795 652 838 δὲ
691 786 839 847 οὗτοι,
870 795 939 838 ἐπὶ
958 796 1102 839 τοῖσδε
1130 792 1338 839 καταλλά-
1354 800 1399 834 50

25 970 354 1009 Raoul-Rochette
363 971 526 1008 Histoire
542 968 588 1007 de
600 971 681 1006 ΓΕ-

24 1029 164 1066 tabliss.
197 1027 234 1065 d.
266 1029 339 1066 col.
361 1029 498 1079 Grecq.
518 1029 572 1064 III
591 1039 679 1077 pag.

28 1086 108 1125 177
126 1097 235 1137 seqq.

81 1185 288 1235 Ναξίους]
311 1184 442 1225 Naxus
462 1192 557 1223 teste
567 1183 682 1222 Thu-

24 1241 152 1294 cydid.
173 1244 235 1291 VI,
257 1246 281 1284 3
308 1256 386 1280 11110
407 1249 494 1279 ante
515 1243 684 1294 Syracu-

23 1311 82 1336 sas
99 1312 199 1336 anno
221 1312 242 1336 a
264 1298 572 1337 Chalcidensibus
594 1312 683 1335 con-

25 1354 103 1392 dita
124 1355 224 1406 (736
245 1369 280 1392 a.
307 1354 396 1395 Chr.
409 1356 480 1405 n.),
498 1356 684 1406 antiquis-

23 1413 120 1450 sima
154 1414 388 1450 Graecorum
416 1426 485 1464 per
514 1412 684 1449 SIciliam

23 1470 135 1517 urbs,
181 1482 279 1522 quae
320 1471 403 1521 ipsa
448 1470 601 1506 Leontii
647 1475 684 1506 et

25 1526 193 1562 Catanae
222 1533 345 1563 mater
363 1527 458 1575 fuit,
489 1539 511 1562 a
530 1532 684 1576 septen—

23 1583 148 1620 trione
178 1583 342 1620 Catanae
380 1583 528 1619 iacebat
559 1583 684 1619 vicina

23 1640 219 1676 Messeniis
266 1639 314 1676 ad
349 1640 511 1676 fiuvium
549 1640 684 1675 Acesi-

23 1709 138 1745 nem,
174 1697 235 1733 cui
262 1703 355 1734 teste
384 1696 560 1733 Cluverio
579 1709 683 1732 nunc

24 1766 168 1791 nomen
210 1753 317 1790 fluvii
357 1752 485 1803 frigidi
534 1751 685 1802 (Fiume

16 1808 181 1860 freddo),
211 1822 330 1860 prope
361 1810 538 1846 Taurum
566 1821 683 1845 mon-

23 1873 117 1912 tem,
137 1864 186 1902 ad
205 1879 323 1917 quem
341 1862 481 1916 {postea
508 1866 548 1901 in
567 1865 683 1916 ipsius

24 1923 125 1959 Naxi
160 1922 292 1958 locum
331 1928 565 1958 exstructum
611 1921 684 1958 fuit

30 1978 301 2016 Tauromenium
339 1978 592 2027 (Taormina)
639 1976 684 2014 eit

25 2035 66 2071 in
92 2036 235 2072 montis
251 2041 369 2086 parte,
392 2034 468 2087 qua
489 2034 537 2071 ad
569 2035 683 2071 Cata-

24 2104 118 2128 nam
139 2098 176 2128 et
196 2092 402 2143 Syracusas
423 2097 580 2142 spectat.
599 2090 686 2128 vid.

23 2149 160 2199 Poppo
190 2147 371 2199 Thucyd.
391 2149 421 2196 I,
441 2151 467 2189 2
486 2160 574 2198 pag.
591 2146 687 2188 529.

24 2205 212 2242 Mannert.
231 2206 301 2252 IX,
322 2208 348 2246 2
368 2217 456 2255 pag.
478 2207 558 2245 280
579 2217 685 2256 seqq.

27 2261 71 2298 C.
110 2263 175 2299 Fr.
209 2263 418 2298 Hermann.
446 2262 473 2298 l.
503 2262 530 2301 l.
562 2262 600 2307 ξ.
631 2263 683 2302 83

26 2324 108 2356 not.
131 2320 171 2359 2.

85 2419 357 2472 Ζαγκλαίους]
381 2420 491 2457 Conf.
519 2426 617 2457 nott.
638 2417 687 2456 ad

27 2477 91 2524 VI,
113 2478 179 2515 22.
200 2478 269 2516 23.
302 2475 494 2523 Leontini,
536 2489 556 2512 e
576 2478 685 2513 Naxo

26 2531 104 2570 huc
123 2531 305 2583 profecti,
334 2538 428 2568 teste
454 2531 635 2584 Thucyd.
660 2533 686 2569 l.

28 2589 56 2628 l.
102 2589 233 2626 locum
272 2599 450 2637 agrorum
497 2588 688 2625 fertilitate

30 2643 155 2683 adhuc
183 2645 373 2695 insignem
392 2645 433 2680 in
454 2657 518 2681 ore
538 2644 689 2682 Siciliae

31 2702 204 2740 orientali
222 2701 421 2746 tenebant,
450 2713 567 2752 quem
587 2713 689 2737 nunc

30 2770 218 2810 occupare
234 2756 371 2795 dicitur
390 2755 574 2808 oppidum
587 2755 688 2793 Len-

736 971 817 1017 tim,
846 970 981 1021 viginti
997 975 1158 1022 quatuor
1184 968 1351 1005 milliarr.
1373 980 1392 1004 a

738 1028 935 1078 Syracusis
968 1040 1088 1079 aeque
1118 1033 1232 1077 atque
1261 1038 1283 1062 a
1323 1025 1398 1061 Ca-

735 1090 825 1120 tana
867 1091 1074 1121 remotum.
1142 1082 1227 1120 Vid.
1260 1082 1397 1133 Polyb.

736 1141 819 1188 VII,
842 1143 880 1181 6.
909 1142 1043 1190 Poppo
1065 1141 1090 1177 l.
1110 1141 1137 1177 l.
1158 1141 1187 1188 I,
1208 1143 1235 1180 2
1254 1139 1397 1189 9527.

738 1198 928 1234 Mannert.
946 1198 1015 1246 IX,
1037 1199 1063 1236 2
1081 1210 1117 1246 p.
1142 1198 1222 1236 300
1244 1202 1280 1232 et
1301 1207 1398 1246 quae

740 1255 904 1290 citantur
923 1252 1025 1304 apud
1047 1253 1089 1289 C.
1104 1254 1166 1289 Fr.
1186 1253 1399 1288 Hermann.

740 1311 765 1347 l.
795 1311 820 1347 l.
841 1308 888 1355 {§.
917 1312 970 1351 83
999 1316 1080 1347 not.
1109 1311 1173 1349 13.
1203 1331 1260 1335 —
1298 1309 1401 1345 Voce

741 1363 959 1418 βαρβάρων
997 1367 1039 1402 111
1082 1378 1188 1417 seqq.
1223 1365 1401 1415 intelligit

744 1423 886 1461 Siculos
895 1423 1096 1471 indigenas,
1111 1424 1268 1472 quinon
1278 1423 1401 1458 Grae-

741 1492 808 1517 cae
827 1480 982 1516 fuerunt
1011 1479 1165 1529 originis
1179 1508 1188 1525 ,
1217 1476 1309 1514 hinc
1330 1491 1401 1528 op-

739 1537 852 1587 positi
867 1535 1086 1586 Callipolitis
1097 1565 1107 1583 ,
1126 1535 1254 1571 ΝᾶΧῇε
1268 1565 1277 1582 ‚
1297 1536 1402 1571 Mes-

739 1594 864 1641 seniis,
893 1593 1101 1638 Leontinis,
1141 1592 1400 1643 Syracusanis.

741 1650 852 1688 Conf.
901 1650 981 1697 VH,
1033 1649 1124 1690 158.
1177 1646 1398 1699 Thucydid.

738 1708 802 1755 Vl,
828 1709 864 1746 1.

796 1770 902 1824 πλήν
939 1770 1256 1823 Συρηκουσέων]
1299 1773 1356 1807 Ita
1380 1784 1400 1806 e

742 1832 910 1869 Florent.
936 1829 1082 1865 editum
1100 1841 1169 1878 pro
1190 1828 1295 1877 vulg.
1319 1830 1401 1865 Συ-

739 1887 1055 1938 ρηκουσίων.”-
1084 1883 1147 1921 Ad
1166 1884 1281 1922 verba
1302 1879 1402 1935 πρός

737 1939 1020 1993 Ἱπποκράτεος
1053 1941 1152 1978 conf.
1183 1947 1312 1977 notata
1349 1938 1396 1976 ad

738 2001 820 2048 VII,
845 2001 935 2039 139.
976 1997 1110 2036 Elorus
1135 1997 1272 2034 fluvius
1302 1997 1399 2033 mari

741 2058 922 2094 miscetur
956 2067 1076 2106 prope
1099 2055 1261 2091 Elorum
1289 2055 1400 2104 oppi-

743 2113 837 2150 dum
857 2113 896 2148 in
918 2112 1069 2149 Siciliae
1087 2124 1153 2148 ora
1173 2111 1356 2155 orientali,
1379 2123 1400 2147 a

740 2168 900 2207 meridie
921 2169 1217 2221 Syracusarum,
1247 2180 1401 2218 campos

741 2225 954 2264 admodum
999 2225 1138 2262 fertiles
1185 2237 1398 2275 permeans.

740 2286 851 2321 Nunc
868 2295 958 2319 eum
977 2283 1105 2319 vocari
1119 2282 1287 2319 scribunt
1298 2280 1400 2317 Atel-

743 2341 817 2378 lari
850 2346 915 2376 aut
944 2339 1081 2377 Abz'sso.
1145 2337 1256 2374 Conf.
1285 2338 1398 2372 Mau-

741 2403 838 2434 nert.
859 2397 927 2443 IX,
949 2398 975 2436 2
995 2408 1082 2446 pag.
1102 2393 1203 2442 34οξ

799 2474 862 2515 ἐπὶ
892 2474 1022 2513 τοῖσδε
1058 2468 1396 2520 καταλλάξαντες]

744 2531 856 2581 „Hac
876 2530 1236 2579 legereconciciantes.
1295 2529 1399 2564 Cou-

745 2589 836 2626 ditio
856 2589 939 2634 fuit,
958 2593 1001 2622 ut
1021 2586 1070 2622 ob
1091 2584 1240 2621 cladem
1251 2583 1298 2621 ad
1310 2585 1399 2620 Elo-

745 2658 832 2682 rum
852 2643 919 2692 (de
935 2655 1010 2694 qua
1029 2641 1068 2678 111
1084 2640 1215 2679 Schol.
1237 2640 1285 2677 ad
1304 2641 1398 2676 Pin-

747 2701 826 2739 dar.
846 2702 958 2737 Nem.
978 2699 1046 2746 IX,
1068 2698 1141 2746 96)
1176 2696 1401 2748 Syracusani

746 2757 1107 2807 Camarinam,nuper
1118 2755 1400 2805 eversam‚Hip-

929 321 1264 377 Συρηκουσίους
1294 334 1339 362 τε
1397 324 1477 362 576
