1806 3181
386 110 470 152 73⁰

787 107 1245 146 HERODOTI

386 216 698 272 προσλογιστέα
726 215 867 275 τούτῳ
894 216 1023 259 παντὶ
1051 219 1113 272 τῷ
1142 216 1478 274 ἐξηριθμημένῳ.
1510 215 1642 273 δόκη-

362 294 468 330 260²)
509 285 554 328 δὲ
595 285 663 328 δεῖ
701 283 854 339 λέγειν.
913 282 1013 335 νέας
1041 283 1120 339 μέν
1147 300 1231 327 νυν
1261 285 1304 328 οἱ
1333 282 1418 328 ἀπὸ
1453 287 1699 342 Θρηΐκηςὸο

372 353 608 408 ”Ελληνες,
652 353 726 397 καὶ
764 353 810 397 ἐκ
845 355 934 396 τῶν
970 351 1116 409 νήσων
1152 355 1239 394 τῶν
1275 351 1554 408 ἐπικειμένων
1588 356 1642 411 τῇ

392 422 588 477 Θρηίκῃ,
617 422 875 477 παρείχοντο
907 420 1042 464 ε’ίκοσι
1071 419 1143 464 καὶ
1163 419 1331 464 ἑκατόν.
1378 420 1425 464 ἐκ
1455 422 1534 476 μέν
1557 436 1643 464 νυν

386 488 574 532 τουτέων
603 493 692 532 τῶν
719 491 832 532 νεῶν
861 487 1018 542 ἄνδρες
1043 489 1370 543 τετρακισχίλιοι
1389 489 1463 533 καὶ
1493 487 1643 544 δισμύ-

364 563 486 612 3ριοι
521 558 732 612 γίνονται.
789 560 920 610 πεζοῦ
949 557 1020 607 δὲ,
1050 557 1129 600 τόν
1159 556 1342 612 Θρήϊκες
1373 558 1642 612 παρείχοντο,

388 625 462 669 καὶ
494 626 695 677 Παίονες,
735 625 809 669 καὶ
843 622 1040 680 Ἐορδοὶ,
1087 624 1161 668 καὶ
1199 627 1443 679 Βοττιαῖοι,
1483 625 1558 669 καὶ
1593 624 1698 668 τό55

389 692 656 737 Χαλκιδικὸν
683 692 823 749 γένος,
852 693 925 737 καὶ
954 692 1137 749 Βρύγοι,
1166 693 1240 736 καὶ
1262 694 1434 749 Πίερες,
1465 693 1537 737 καὶ
1550 697 1646 736 Μα-

387 761 575 814 κεδόνες,
603 761 678 805 καὶ
710 761 972 818 Πεῤῥαιβοὶ,
1008 761 1082 806 καὶ
1101 760 1312 818 Ἐνιῆνες,
1341 761 1415 806 καὶ
1440 759 1647 812 Δόλοπες,

387 830 460 873 καὶ
496 829 750 886 Μάγνητες,
787 830 862 874 καὶ
888 828 1070 886 Ἀχαιοὶ,
1095 829 1168 873 καὶ
1205 828 1303 873 ὅσοι
1345 833 1421 885 τῆς
1455 830 1647 885 Θρηΐκης

388 895 469 953 τήν
505 900 725 955 παραλίην
761 898 977 955 νέμονται·
1006 895 1178 942 τούτων
1211 900 1301 942 τῶν
1333 895 1498 942 ἐθνέων
1526 894 1645 953 τριή-
1657 904 1703 937 60

487 1108 578 1159 cap.
601 1107 829 1145 CLXXXV.

385 1185 684 1238 προσλογιστέα]
709 1186 818 1223 Conf.
847 1183 982 1222 Matth.

331 1245 397 1281 Gr.
419 1246 485 1281 Gr.
505 1243 602 1284 447.
650 1244 756 1289 Quae
775 1250 986 1294 sequuntur

333 1301 473 1338 verbar
518 1297 684 1350 δόκησιν
704 1297 747 1339 δὲ
779 1300 841 1338 δεῖ
857 1298 985 1350 λέγειν

332 1371 422 1394 cum
431 1355 782 1407 Schweighaeuser.
799 1357 987 1406 interpre-

332 1421 392 1450 tor
425 1415 633 1463 opinionem,
676 1414 947 1450 aestimationem
967 1426 985 1449 e

323 1471 503 1521 probabili
557 1469 759 1506 coniectura
827 1469 983 1506 ductam.

328 1528 562 1576 VVesseling.
584 1533 670 1576 apte
691 1533 886 1576 comparat
905 1526 983 1562 So-

329 1582 457 1634 phocl.
498 1581 641 1619 Trach.
672 1581 766 1629 432,
807 1582 873 1618 ubi
911 1582 981 1618 sibi

329 1646 576 1691 opponuntur
603 1633 770 1688 δόκησιν
798 1638 922 1677 εἰπεῖν
945 1644 982 1674 et

330 1695 593 1747 ἐξακριβῶσαι
612 1691 742 1746 λόγον.
801 1696 899 1731 Hinc
919 1695 982 1730 in-

330 1755 387 1790 fra
407 1755 562 1790 Noster:
592 1748 805 1802 τριήκοντα
837 1746 983 1802 μυριά-

331 1810 403 1856 δας
426 1807 592 1849 δοκέω
617 1807 803 1860 γενέσθαι
833 1814 870 1844 et
900 1808 980 1855 VII,

334 1869 413 1907 186
446 1862 495 1905 ου’
535 1864 698 1905 δοκέω
735 1861 839 1904 εἶναι
872 1860 981 1904 ἐλάσ-

331 1935 438 1968 σονς.

389 1989 593 2036 Παίονες]
624 1986 712 2025 vid.
743 1994 836 2026 nott.
858 1985 906 2024 ad
935 1987 980 2035 V,

333 2048 370 2085 1.
400 2045 518 2082 Eordz'
536 2058 654 2096 prope
678 2046 888 2095 Erigonem
907 2043 984 2080 fiu-

330 2103 436 2139 vium
451 2103 624 2152 primitus
653 2101 864 2138 consedisse
893 2113 985 2137 nar-

332 2165 462 2195 rantur
482 2171 504 2194 a
523 2157 680 2194 meridie
706 2159 983 2209 Lyncestarum

331 2228 377 2251 ea
406 2216 445 2250 in
474 2214 650 2264 regione,
680 2227 777 2265 quae
799 2215 858 2249 vel
880 2215 985 2263 prio-

332 2272 434 2308 ribus
464 2271 597 2308 incolis
632 2270 757 2307 eiectis
795 2269 985 2307 Eordaeae

333 2341 475 2364 nomen
511 2327 665 2364 retinuit
711 2325 985 2362 Macedonibus

329 2384 493 2421 subdita.
564 2382 649 2420 Vid.
687 2385 876 2419 Mannert.
917 2382 987 2418 VII

330 2453 418 2491 pag.
449 2439 530 2482 485
550 2453 629 2491 seq.
658 2440 786 2491 ibique
806 2437 988 2489 Thucyd.

332 2500 379 2545 11,
411 2499 477 2537 99.
510 2497 633 2533 Strab.
660 2498 729 2534 Vll
758 2510 795 2547 p.
821 2494 902 2536 497
936 2496 982 2531 Β.

331 2568 362 2591 s.
393 2567 431 2604 p.
461 2557 554 2595 323.
611 2554 661 2589 Et
699 2553 800 2591 conf.
830 2564 983 2604 quoque

332 2608 524 2661 Lycophr.
559 2610 672 2648 Alex.
716 2608 837 2650 1342.
877 2608 983 2645 Scri-

332 2674 485 2717 pturam
524 2673 561 2703 et
606 2666 771 2703 sormam
818 2665 983 2702 nominis

333 2724 443 2771 (uam
463 2722 639 2762 dIcuntur
657 2718 982 2774 Ἐορδεῖς,’Έορ-

1044 1106 1108 1146 δοι.
1125 1113 1163 1144 et
1176 1101 1344 1156 Ἐορδοὶ,
1373 1110 1416 1142 ut
1450 1102 1552 1155 apud
1578 1104 1704 1140 Hero-

1045 1161 1191 1210 dotum,
1224 1162 1347 1212 alios)
1377 1162 1499 1211 attigit
1518 1162 1561 1199 F.
1591 1161 1638 1198 R.
1662 1159 1704 1197 C.

1043 1221 1221 1257 Krebsius
1254 1221 1373 1256 Lectt.
1403 1216 1579 1254 Diodorr.
1616 1228 1705 1267 pag.

1049 1277 1128 1318 150
1141 1289 1219 1328 seq.
1258 1277 1315 1312 De
1326 1274 1505 1312 Bottz'aeis
1514 1272 1593 1313 vid.
1619 1279 1705 1310 nott

1047 1332 1097 1370 ad
1118 1334 1198 1381 VII,
1223 1335 1315 1372 123.

1101 1408 1144 1451 τὸ
1171 1406 1414 1450 Χαλκιδικόν
1425 1407 1566 1464 γένος]
1598 1409 1705 1446 Gen-

1044 1474 1099 1506 tes
1137 1469 1401 1518 intelliguntur
1448 1465 1706 1503 Chalcidicam

1042 1525 1282 1576 peninsulam
1301 1524 1442 1561 colonis
1470 1523 1622 1560 Graecis
1642 1535 1706 1558 re-

1040 1583 1178 1618 sertam
1207 1588 1401 1627 tenentes3
1450 1593 1547 1631 quae.
1585 1591 1705 1630 quum

1040 1639 1142 1688 prius
1174 1636 1223 1673 ad
1252 1635 1461 1673 Thraciam
1490 1635 1703 1683 referretur,

1040 1692 1241 1745 postmodo
1258 1692 1306 1729 ad
1325 1691 1592 1728 Macedoniam
1615 1704 1705 1742 per-

1042 1751 1167 1787 tinuit.
1225 1751 1340 1786 Plura
1359 1751 1494 1799 Poppo
1522 1747 1706 1798 Thucyd.

1041 1808 1071 1856 I,
1094 1810 1121 1848 2
1141 1819 1228 1857 pag.
1250 1805 1332 1847 344
1353 1818 1432 1858 seq.
1445 1804 1587 1842 Herod.
1606 1805 1706 1853 VIII,

1046 1866 1125 1904 127
1153 1863 1221 1900 fin.

1099 1926 1277 1981 Βρύγοι]
1319 1930 1426 1967 Conf.
1447 1936 1543 1968 nott.
1566 1928 1614 1966 ad
1641 1929 1706 1977 Vl,

1042 1985 1111 2029 45.
1139 1988 1220 2035 VII,
1255 1990 1322 2028 73.
1379 1988 1437 2023 De
1466 1985 1592 2024 Pieria
1629 1984 1708 2023 vid.

1038 2050 1135 2081 nott.
1156 2043 1204 2080 ad
1223 2043 1304 2091 VII,
1329 2045 1420 2090 131,
1456 2042 1503 2080 de
1533 2042 1706 2080 Perrhae-

1044 2100 1096 2138 bis
1115 2107 1211 2137 nott.
1233 2099 1282 2136 ad
1302 2101 1390 2146 VII,
1417 2101 1522 2148 1283
1560 2098 1608 2136 de
1634 2098 1703 2136 Ae-

1041 2157 1208 2195 manibus
1228 2163 1323 2193 nott.
1345 2155 1393 2192 ad
1411 2156 1492 2202 VII,
1517 2157 1607 2201 132,
1639 2155 1705 2191 ubi

1044 2216 1158 2250 etiam
1179 2212 1226 2250 de
1254 2211 1443 2262 Dolopibus
1471 2223 1514 2247 ac
1551 2209 1707 2260 Magne—

1043 2272 1149 2309 tibus.
1189 2268 1334 2315 Achaez‘,
1365 2268 1430 2319 qui
1459 2265 1516 2304 his
1555 2267 1705 2304 addun-

1043 2333 1116 2373 tur,
1129 2331 1228 2371 suut,
1240 2322 1533 2374 opinor‚Achaei
1543 2323 1707 2361 Phthio-

1046 2381 1132 2419 tidis
1164 2382 1332 2428 incolae,
1376 2379 1422 2416 de
1457 2381 1593 2432 quibus
1622 2381 1704 2429 VII,

1051 2441 1143 2478 132.
1165 2459 1220 2464 —
1239 2438 1332 2473 Mox
1352 2433 1504 2476 τούτων
1533 2437 1704 2488 rescripsi

1043 2507 1110 2544 pro
1132 2491 1300 2533 τουτέων
1321 2500 1358 2529 et
1378 2506 1467 2530 cum
1504 2493 1704 2543 Schweig-

1044 2549 1187 2597 haeus.,
1204 2550 1322 2587 Gaisf.
1343 2556 1379 2586 et
1409 2548 1587 2587 Bekkero
1615 2550 1705 2587 scri·
1780 2552 1782 2554 ’

1044 2609 1101 2658 psi
1126 2607 1170 2646 αἱ
1187 2609 1312 2645 πᾶσαι
1338 2601 1497 2657 οἷνδρῶν
1522 2606 1568 2645 αἱ
1593 2601 1704 2657 μάχι-

1044 2679 1134 2715 μοι,
1172 2664 1237 2730 ubi
1267 2663 1408 2713 vulgo:
1451 2658 1610 2715 ἀνδρῶν
1660 2660 1706 2701 αἴ

1042 2723 1166 2761 πᾶσαι
1183 2733 1358 2772 μαχιμοι.
