1834 3258
12 830 77 877 87

546 209 849 248 ERATO.
910 211 983 247 vl.

1324 211 1406 252 351

141 326 251 376 ,,νῦν
281 319 379 365 οὕτε
408 335 449 362 τι
478 316 704 374 ἀπόγονόν
734 317 822 363 ἐστι
859 317 1013 369 οὐδὲν,
1059 316 1160 362 οὔτ’
1191 318 1303 375 ἱστίη
1334 317 1406 363 οὕ-

139 390 288 445 ,,δεμία
333 385 592 443 νομιζομένη
651 384 764 430 εἶναι

86 466 206 510 17,,τε
240 454 475 510 πρόῤῥιζος
512 453 560 497 ἐκ
599 452 819 511 Σπάρτης.

839 386 1042 431 Γλαύκου
1055 400 1065 411 ·

898 454 1027 499 Οὕτω
1066 451 1257 510 ἀγαθὸν,
1297 454 1406 511 μηδὲ

1136 386 1403 443 ἐκτέτριπταί
1459 388 1512 430 47
1516 391 1541 429 9

137 521 456 578 ,,διανοεέσθαι
493 522 594 575 περὶ
631 522 894 579 παραθῆκης
930 522 1036 567 ἄλλο
1078 538 1146 578 γε,
1205 520 1234 578 ἢ
1273 521 1461 566 εἶπαι-75

136 591 351 645 ,,τεόντων
381 589 682 634 ἄποδιδόναι.“

741 593 1007 648 Λευτυχίδης
1045 590 1123 646 μὲν
1153 592 1274 642 εἴπας
1302 593 1404 634 ταῦ-

135 676 212 711 τα,
244 658 305 710 ὥς
334 659 378 702 οἱ
406 656 510 702 οὐδὲ
540 656 656 702 οὕτω
686 658 902 717 ἐσήκουον
932 662 976 704 οἱ
999 659 1241 716 Ἀθηναῖοι,
1272 657 1404 703 ἀπαλ-

135 726 328 772 λάσσετο.

225 830 279 872 Οἱ
309 827 354 872 δὲ
385 828 634 883 Αἰγινῆται,
673 828 779 882 πρὶν
822 831 912 872 τῶν
949 829 1169 884 πρότερον
1199 825 1405 885 ἆδικημά·

134 913 223 941 των
253 897 410 940 δοῦναι
435 897 559 946 δίκας
587 899 673 940 τῶν
702 896 745 948 ἐς
770 895 1032 954 Ἀθηναίους
1066 897 1272 955 ὕβρισαν,
1322 899 1401 952 Θη-
1414 901 1457 936 80

105 966 305 1021 Ξβαίοισι
331 961 630 1020 χαριζόμενοι,
677 965 886 1021 ἐποίησαν
919 963 1103 1008 τοιόνδε.
1162 962 1404 1020 Μεμφόμε·

133 1050 205 1077 νοι
225 1037 339 1076 τοῖσι
366 1031 653 1088 Ἀθηναίοισι,
684 1032 758 1074 καὶ
787 1030 1008 1083 ἀξιοῦντες
1041 1030 1310 1083 ἅδικέεσθαι,
1344 1031 1403 1084 ὦς

132 1100 478 1157 τιμωρησόμενοι
507 1099 610 1151 τούς
629 1099 890 1156 Ἀθηναίους
913 1099 1283 1156 παρεσκευάζοντο
1297 1115 1306 1125 ·
1328 1100 1403 1144 καὶ

131 1163 188 1227 ἦν
217 1170 301 1226 γὰρ
331 1168 385 1226 δή
425 1174 540 1213 τοῖσι
567 1167 834 1225 Ἀθηναίοισι
861 1166 1076 1224 πεντήρης
1115 1168 1183 1212 ἐπὶ
1211 1168 1404 1226 Σουνίῳ,

1462 827 1515 856 Sic
1534 827 1704 868 Aeginetae

1460 870 1574 898 poenas
1592 870 1737 889 mcurslo-

1460 896 1506 923 nis
1524 897 1556 923 in
1571 904 1677 931 agrum
1687 897 1737 923 At-

1461 930 1553 957 ticum
1581 935 1622 965 Le,
1640 931 1700 965 eL]

1460 963 1558 991 luunt.
1585 965 1621 992 ld
1639 964 1736 1000 prius-

1461 1006 1551 1033 quam
1577 1002 1720 1035 pateren-

1460 1036 1519 1066 tur,
1540 1041 1649 1059 navem
1665 1033 1704 1059 A·

1461 1065 1664 1094 theniensium

1460 1099 1621 1141 Qemmaz
1642 1108 1721 1141 quqe

1460 1142 1543 1162 uros
1575 1143 1737 1170 prnmanos

1460 1167 1604 1206 veheret,
1631 1177 1668 1197 ex
1691 1169 1737 1198 in-

135 1349 228 1393 οῧτε
262 1369 300 1393 τι
326 1348 530 1407 α’πόγονόν
554 1352 635 1394 ἔστι
670 1348 741 1393 οὗ·-

79 1407 147 1449 δὲν
177 1405 259 1450 οὔτ’
295 1410 399 1462 ἱστίη
434 1408 628 1462 ου’δεμία]
673 1405 741 1450 ου’-

79 1467 195 1518 δεμία
215 1466 306 1504 dedi
324 1481 394 1520 pro
411 1464 590 1520 ου’δεμίη.
623 1466 741 1519 Apud

73 1525 298 1561 Iuvenalem
328 1526 353 1562 1.
385 1538 498 1576 supra
540 1526 567 1562 l.
604 1524 741 1562 dicitur

72 1580 290 1619 Exstinctus
309 1585 385 1619 tota
399 1584 538 1632 pariter
547 1594 623 1620 cum
640 1582 740 1632 prole

72 1637 249 1688 domoque.
308 1639 455 1677 Vocem
492 1639 597 1689 ἱστίη
627 1639 738 1690 attigi

73 1694 122 1731 ad
141 1695 187 1744 V,
215 1694 285 1736 40.
343 1696 522 1733 Similem
557 1697 687 1733 locum
716 1709 739 1732 e

74 1750 172 1791 Cels.
203 1753 307 1803 Orig.
334 1753 424 1790 VIII
442 1767 481 1804 p.
503 1751 586 1793 424
615 1753 739 1790 attulit

73 1807 279 1854 Valcken„
296 1810 459 1847 alterum
475 1811 646 1861 Lycurgi
666 1809 738 1847 ad-

74 1878 173 1902 vers.
186 1867 362 1903 Leocrat.
381 1879 469 1917 pag.
494 1866 574 1906 157
585 1866 651 1903 fin.
679 1868 736 1917 [p.

76 1923 156 1962 193
180 1923 232 1958 T.
260 1924 312 1959 IV
340 1921 498 1970 Reisk.]
541 1923 737 1960 subiunxit

73 1978 307 2029 Wesseling.
352 1979 457 2024 Quae
476 1980 657 2016 continuo
673 1993 736 2016 se-

75 2041 266 2086 quuntur:
297 2034 538 2087 ἐκτέτριπταί
550 2050 591 2075 τε
609 2031 735 2086 πρόῤ-

74 2090 181 2141 ῥιζος
218 2093 270 2138 (i.
288 2105 323 2129 e.
354 2096 430 2130 tota
448 2105 535 2142 gens
559 2092 734 2131 radicitus

73 2150 214 2196 excisa,
245 2150 446 2199 contrita),
487 2147 578 2186 hinc
599 2157 734 2187 enota-

71 2205 127 2242 vit
153 2204 327 2245 Eustath.
359 2205 407 2242 ad
437 2206 482 2242 Il.
502 2207 557 2241 III
577 2219 615 2256 p.
637 2205 733 2247 314.

71 2261 128 2298 Ac
149 2275 284 2299 vocem
297 2258 505 2314 πρόρᾆζον
520 2261 734 2314 Hesychius

71 2319 108 2354 H
126 2331 215 2369 pag.
238 2319 346 2360 1040
369 2320 638 2370 interpretatur
659 2317 735 2360 συν

72 2379 158 2421 ταῖς
199 2374 325 2424 ῥίζαις
352 2370 664 2427 οἷνασπαίμενον,
710 2391 734 2415 a

71 2431 255 2468 radicibus
273 2444 446 2480 eversum,
478 2447 502 2470 α
525 2435 633 2483 stirpe
651 2435 733 2471 sub-

73 2487 196 2535 latum,
227 2494 270 2524 ut
296 2490 347 2525 ait
366 2488 564 2537 Valcken.‚
587 2491 653 2542 qui
673 2491 733 2527 af-

72 2545 146 2581 fert
174 2544 358 2582 Herodot.
391 2547 420 2593 1,
451 2548 518 2586 82.
557 2547 732 2598 Euripid.

71 2602 226 2652 Hippol.
248 2604 342 2648 682,
375 2601 461 2649 [ubi
489 2601 566 2639 vid.
596 2603 733 2642 Monk.

72 2670 111 2708 p.
133 2660 185 2699 86
206 2659 306 2710 seq]
338 2658 473 2710 quibus
500 2659 733 2711 Wesseling.

73 2713 178 2751 addit
197 2714 339 2753 Herod.
361 2715 426 2763 111,
451 2715 517 2755 40.
549 2715 732 2766 Sophocl.

72 2771 212 2809 Electr.
246 2772 343 2813 765.
372 2793 424 2799 --
473 2771 652 2809 Larcher.
690 2775 730 2811 in

73 2834 164 2865 nota
191 2827 241 2866 ad
267 2827 307 2866 h.
343 2828 367 2864 l.
399 2827 527 2866 adiicit
565 2830 730 2867 similem

796 1350 1038 1390 Herodoteae
1073 1352 1120 1391 de
1151 1354 1297 1392 Glauco
1325 1367 1460 1392 narra*

796 1411 943 1447 fionem
963 1409 1067 1462 apud
1100 1411 1313 1449 stobaeum
1332 1413 1460 1451 serm.

799 1467 939 1506 CXVII
957 1481 996 1519 p.
1019 1470 1102 1510 362
1119 1469 1298 1507 inveniri.

947 1570 1040 1622 Cap.
1061 1571 1297 1612 LXXXVII.

849 1636 946 1691 πρὶν
959 1640 1041 1678 τῶν
1050 1634 1247 1692 πρότερον
1258 1635 1460 1692 α’δικημοὶ-

794 1708 874 1733 των
893 1695 1039 1735 ὃοῦναι
1061 1696 1202 1745 δίκας]
1225 1696 1310 1735 Vid.
1331 1698 1375 1745 V,
1390 1699 1459 1737 80.

795 1753 862 1793 87.
882 1753 1110 1804 Intelligitur
1127 1754 1292 1791 incursio
1315 1754 1361 1790 ab
1377 1754 1458 1789 Ae-

795 1809 931 1858 ginetis
944 1810 986 1845 in
999 1823 1136 1860 agrum
1151 1811 1324 1847 Atticum
1344 1811 1457 1847 facta.

793 1866 851 1901 De
872 1867 1058 1914 amicitia,
1099 1879 1198 1918 quae
1217 1868 1318 1904 inter
1335 1867 1458 1917 Aeg-i-

792 1928 899 1959 netas
920 1930 1034 1974 atque
1050 1921 1259 1960 Thebanos
1272 1925 1458 1961 interces-

791 1980 901 2026 serit,
935 1980 1040 2016 conf.
1060 1992 1159 2031 quae
1181 1979 1230 2017 ad
1250 1981 1296 2018 V.
1313 1983 1367 2023 80
1384 1979 1455 2018 ad·-

789 2036 1019 2086 scripsimus.
1057 2056 1114 2064 -—
1154 2032 1360 2085 ἀξιοῦντες
1391 2037 1456 2076 hic

789 2093 1011 2142 simpliciter
1029 2093 1151 2131 valet:
1189 2096 1451 2141 existimantes,

791 2149 1017 2187 arbitrantes-

846 2202 1046 2259 πεντήρης
1064 2204 1130 2246 ε’πὶ
1143 2206 1323 2260 Σουνίῳ]
1345 2207 1455 2244 Valla

791 2262 893 2314 apud
914 2276 1032 2316 quem
1053 2264 1211 2310 biremis,
1240 2264 1376 2314 legisse
1395 2265 1456 2302 vi-

791 2318 902 2356 detur
941 2316 1097 2372 διήρης.
1156 2321 1213 2357 Ac
1252 2316 1455 2373 πεντήρης

789 2378 897 2414 navis
935 2375 1073 2413 dicitur
1112 2376 1230 2429 quin&
1256 2390 1453 2414 remorum

788 2435 884 2470 serie
903 2447 933 2470 s.
947 2436 1116 2486 quinque
1135 2436 1304 2472 transtris
1313 2435 1454 2472 instru-

790 2497 862 2528 cta.
921 2490 1044 2538 Confi,
1065 2504 1114 2527 ne
1134 2491 1245 2541 plura
1261 2521 1271 2539 ‚
1303 2493 1449 2532 Potter.

788 2548 829 2583 in
860 2546 1115 2598 Archaeolog.
1139 2548 1206 2585 Gr.
1231 2549 1267 2584 ΙΙ
1295 2562 1334 2599 p.
1369 2550 1449 2588 263

789 2617 870 2656 seq.
930 2605 988 2640 De
1018 2611 1245 2655 argumento
1267 2605 1450 2641 locibene
1494 2598 1497 2604 ’

789 2662 841 2698 sic
851 2660 1058 2699 Valcken.:
1083 2662 1142 2709 „A
1155 2668 1327 2711 tempore
1339 2658 1453 2696 The-⁷

788 2719 863 2765 sei,
927 2719 989 2755 oui
1020 2717 1179 2755 debetur
1221 2718 1447 2766 institutum,

789 2776 990 2827 quotannis
1011 2775 1050 2810 in
1060 2775 1200 2811 Delum
1212 2775 1366 2810 missam
1375 2787 1448 2810 na-

785 2844 874 2868 vem
887 2860 897 2879 ,
957 2843 1075 2883 quam
1112 2830 1292 2883 θεωρίδα
1330 2843 1447 2869 voca-
