1870 3249
0 1538 71 1579 381

384 193 1043 231 TERPSICHORE.
1103 193 1146 229 V.

1343 194 1397 234 81

137 303 403 362 ,,βου’λεσθαι
422 304 664 359 μίσγεσθαι,
695 303 768 346 καὶ
793 300 976 360 ὁκόσῃσι
1007 296 1070 345 ὦν
1088 300 1270 347 αὐτέων·
1300 302 1399 347 τού·

108 382 251 427 2,,του
291 371 371 427 μὲν
406 372 505 424 πέρι
545 370 670 415 αὐτοὶ
707 372 1037 428 α’ποσημανέετε.
1084 375 1168 415 νῦν
1197 372 1262 423 δὲ,
1303 384 1396 427 σχε-

136 440 246 493 ,,ὃὸν
274 438 358 494 γὰρ
398 439 480 494 ἤδη
521 444 598 496 τῆς
635 442 781 496 κοίτης
821 439 914 496 ὤρη
955 439 1238 496 προσέρχεται
1275 439 1396 495 ὑμῖν,

135 508 237 560 „acal
273 512 414 559 καλῶς
454 507 630 562 ἔχοντας
669 506 804 564 ὑμέας
844 508 955 562 ὁρέω
994 509 1152 564 μέθης,
1189 512 1401 564 γυναῖκας

134 575 336 628 ,,ταύτας,
369 578 405 620 εἰ
428 575 535 632 ὑμῖν
557 579 687 632 φίλον
716 576 817 628 ἐστὶ,
848 576 978 633 ἄφετε
998 577 1270 621 λούσασθαι·
1301 580 1456 619 λου-65

105 644 354 700 3,,σαμένας
392 645 459 697 δὲ,
503 643 640 689 ὀπίσω
678 645 1011 698 προσδέκεσθε.“
1070 647 1213 696 Εἴπας
1249 647 1399 692 ταῦτα,

134 713 389 756 συνέπαινοι
419 713 500 767 γὰρ
525 708 638 769 ἦσαν
667 716 710 757 οἱ
735 714 913 767 Πέρσαι,
944 718 1155 769 γυναῖκας
1184 713 1262 768 μὲν
1291 712 1397 764 ἐξελ-

132 781 303 832 θούσας
340 781 556 839 ἀπέπεμπε
595 783 637 833 ἐς
675 782 754 838 τὴν
789 785 1073 838 γυναικηΐην·

1117 780 1248 832 αὐτὸς
1287 781 1332 825 δὲ
1372 779 1395 822 ὁ

131 851 409 907 Ἀλέξανδρος
453 854 578 903 ἴσους
625 856 723 910 τῇσι
769 851 938 907 γυναιξὶ
986 849 1179 906 ἀριθμόν
1230 848 1397 902 ἄνδρας

132 923 419 975 λειογενείους
448 925 500 977 τῇ
521 926 609 964 τῶν
629 925 853 977 γυναικῶν
881 920 1031 975 ἐσθῆτι
1059 918 1287 969 σκευάσας,
1319 917 1392 960 καὶ
1408 922 1453 956 70

103 988 364 1043 4ἐγχειρίδια
387 990 513 1041 δούς,
546 993 714 1044 παρῆγε
744 989 839 1032 ἔσω.
878 987 1091 1044 παράγων
1121 987 1166 1031 δὲ
1197 986 1395 1037 τούτους,

130 1057 245 1111 ἔλεγε
275 1063 387 1101 τοῖσι
410 1059 607 1115 Πέρσῃσι
636 1056 760 1100 τάδε·

799 1054 878 1108 ,ῘΩ
901 1059 1090 1111 Πέρσαι,
1122 1058 1267 1100 οἴκατε
1289 1070 1397 1099 παν·
1428 1074 1429 1078 ’

129 1128 303 1181 ,,δαισίῃ
333 1127 454 1183 τελέῃ
484 1128 741 1182 εἷστιῆσθαι.
782 1124 834 1167 τά
864 1141 907 1167 τε
936 1125 1022 1180 γοὶρ
1055 1123 1186 1176 ἄλλα,
1229 1123 1310 1168 ὅσα
1340 1126 1394 1167 ε’ί-

126 1210 306 1249 ,,χομεν,
357 1198 430 1237 καὶ
462 1195 571 1248 πρὸς
617 1193 671 1237 τοὶ
709 1191 782 1237 οἷοί
809 1211 852 1237 τε
881 1191 937 1250 ἧν
983 1192 1238 1248 ἐξευρόντας
1266 1193 1394 1246 παρέ-

100 1270 270 1317 5,,χειν,
318 1261 461 1305 πάντα
493 1261 599 1317 ὑμῖν
643 1262 837 1317 πάρεστι.

895 1263 968 1305 καὶ
998 1262 1051 1319 δή
1081 1262 1156 1306 καὶ
1185 1261 1301 1313 τόδε,
1345 1261 1393 1305 τὸ
1406 1267 1452 1302 75

129 1346 335 1382 ,,παντων
363 1331 586 1386 μέγιστον,
618 1347 693 1381 τας
723 1346 766 1372 τε
798 1329 971 1373 ἑωυτῶν
1001 1331 1188 1386 μητέρας
1217 1331 1289 1374 καὶ
1317 1348 1395 1381 τας

129 1395 368 1453 ,,αδελφεὰς
389 1397 799 1460 επιδαψιλευομεθα
801 1398 935 1456 ὑμῖν·
968 1415 1026 1449 ως
1051 1399 1292 1450 παντελέως
1317 1397 1394 1455 μα’-

128 1471 260 1522 ,,θητε
298 1466 565 1522 τιμεώμένοι
583 1466 696 1521 πρὸς
724 1465 869 1523 ημέων
898 1484 988 1510 των
1026 1468 1105 1522 πέρ
1144 1467 1236 1511 ἐστε
1267 1467 1392 1520 α’ξιοι,

130 1534 267 1588 ,,πρός
294 1535 339 1578 δὲ
366 1536 439 1578 καὶ
462 1535 632 1592 βασιλέϊ
659 1539 720 1592 τῷ
751 1535 968 1591 πέμψαντι
999 1534 1302 1592 ἀπαγγείλητε,
1334 1553 1393 1588 ως

128 1601 268 1658 ,,οἷνηρ
287 1602 467 1659 Έλλην,
499 1603 777 1648 Μακεδόνων
806 1604 1023 1695 ὕπτιαρχος,
1065 1605 1112 1647 εὐ
1143 1603 1276 1660 ὑμέας
1312 1605 1393 1648 έδέ-
1407 1612 1451 1644 8ο

102 1671 259 1724 6,,ξατο
299 1672 373 1715 καὶ
402 1672 588 1729 τραπέζῃ
618 1672 691 1715 καὶ
719 1673 882 1728 κοίτῃ.ιι

70 1844 139 1882 bus
159 1845 273 1884 codd.
295 1847 489 1884 invenitur
520 1843 730 1886 διασκευά-

73 1912 157 1947 σας.
187 1903 238 1939 At
257 1903 334 1940 vid.
355 1906 384 1951 Ι,
398 1904 464 1944 50.
477 1904 522 1951 V,
539 1907 602 1945 12.
624 1906 729 1940 Pau-

71 1969 152 1994 san.
173 1959 236 2006 lv,
257 1958 282 1999 4
306 1961 342 2005 §.
357 1963 395 2000 2.
412 1981 468 1986 —
488 1961 731 2009 πανδαισίην

71 2013 206 2065 τελέην
262 2014 572 2065 Schweighaeus.
631 2024 731 2053 recte

69 2071 341 2122 interpretatur
364 2073 485 2123 epulas
503 2075 597 2110 omni
617 2076 730 2110 muni-

68 2127 212 2175 ficentia
232 2132 425 2166 instructas
437 2129 599 2166 Suidam
610 2133 729 2167 citans

73 2184 143 2232 [Τ.
163 2185 218 2220 ΠΙ
237 2199 274 2236 p.
300 2186 418 2257 17.]‚'
438 2186 525 2223 ubi:
555 2188 728 2226 πανδαι-

71 2242 160 2290 σία,
188 2258 214 2292 η
235 2258 367 2281 παντα
397 2242 538 2294 ε’χουσα
560 2241 701 2291 ἅφθοι
706 2261 729 2283 α

69 2296 138 2337 καὶ
168 2296 293 2350 μηδὲν
333 2299 566 2339 ἐλλείπουσα
600 2300 642 2340 ἐν
680 2303 730 2357 τῇ

70 2353 184 2393 δαιτί.

129 2407 201 2458 τάς
232 2426 271 2450 τε
303 2411 731 2461 ἕωυτων-ἔπιδαψι-

73 2465 274 2516 λευόμεθα
313 2467 436 2519 ὑμῖν]
487 2471 592 2506 Haec
614 2471 729 2507 velba

71 2525 124 2560 ita
161 2525 296 2561 Latine
333 2525 497 2563 reddidit
527 2524 730 2578 Schweig-

72 2577 298 2618 haeuserus:
338 2588 501 2631 „matres
531 2587 669 2620 nostras
696 2588 730 2621 et

72 2650 221 2684 sorores,
257 2638 382 2683 veluti
407 2643 602 2690 postremas
624 2641 729 2678 laetz-

70 2695 143 2731 tias
183 2695 279 2731 vobis
310 2697 449 2745 insuper
489 2696 727 2745 offerz'mus;“

70 2750 110 2786 in
119 2751 603 2790 Lexic.Her0d0te0Vallae
612 2766 727 2804 prae-

70 2806 141 2843 fert
173 2808 543 2860 interpretationem:
591 2814 726 2848 nostras

952 1676 1099 1716 Ταῦτα
1138 1675 1259 1725 εἴπας
1283 1671 1394 1716 Ἀλέ-

785 1851 938 1898 ipsorum
962 1852 1091 1885 matres
1113 1852 1146 1884 et
1174 1861 1302 1885 sorores
1321 1848 1449 1885 libera-

786 1905 868 1941 liter
879 1906 974 1941 vobis
994 1905 1201 1941 exhibemus.
1243 1906 1379 1941 Exstat
1400 1904 1448 1941 de

786 1963 903 1997 verbo
943 1957 1301 2009 ἒπιδαψιλεύεσθαι
1337 1975 1449 2012 egre-

787 2018 849 2067 gia
871 2016 1146 2054 Hemsterhusii
1170 2017 1373 2069 disputatio
1399 2017 1448 2055 ad

784 2075 944 2111 Lucian.
974 2075 1072 2111 Dial.
1101 2076 1214 2112 Mort.
1238 2078 1292 2116 30
1312 2089 1350 2126 p.
1366 2075 1446 2116 549

785 2144 864 2183 seq.
887 2132 936 2168 T.
958 2133 993 2167 II
1013 2133 1099 2182 Bip.
1176 2133 1260 2177 Quo
1293 2139 1446 2169 auctore

785 2184 1146 2236 έπιᾶαψιλεύεσθαι
1193 2190 1362 2240 primum
1393 2190 1446 2226 si-

783 2244 939 2295 gnificat
977 2245 1188 2282 luculentum
1217 2249 1249 2282 et
1274 2249 1447 2297 copiosum

785 2315 815 2339 ε.
846 2302 1040 2339 liberaliter
1067 2303 1252 2351 largiendo
1284 2317 1311 2339 s.
1336 2304 1446 2353 quod—

787 2358 870 2395 libet
898 2359 999 2396 aliud
1021 2359 1193 2409 faciendo
1222 2361 1444 2410 seprafflere,

788 2414 948 2463 deiude,
971 2417 1036 2452 ubi
1056 2417 1134 2452 vim
1157 2418 1320 2453 activam
1341 2418 1442 2454 acci-

785 2473 841 2523 pit
862 2474 1197 2525 accusativulnque
1210 2474 1280 2510 sibi
1299 2473 1441 2510 adstrui

786 2531 947 2579 patitur:
979 2531 1052 2567 suis
1073 2543 1090 2566 e
1103 2532 1212 2580 copiis
1229 2534 1263 2567 et
1276 2530 1442 2581 faculta-

786 2586 878 2623 tibus
897 2586 1050 2638 largiter
1063 2586 1201 2637 aliquid
1218 2600 1363 2636 erogare
1383 2591 1442 2623 at-

785 2655 850 2692 que
887 2644 972 2680 aliis
1009 2644 1168 2681 tribuere.
1236 2645 1362 2695 Atque
1401 2642 1440 2680 id

782 2700 907 2750 ipsum
927 2707 1057 2737 nostro
1077 2701 1161 2737 loco
1181 2701 1307 2736 valere
1323 2712 1441 2737 nemo

782 2768 862 2793 nou
882 2757 1069 2807 intelligit.
1093 2777 1149 2783 -
1187 2758 1231 2792 In
1251 2755 1438 2803 Medioeo,

781 2813 949 2851 Florent.
979 2826 1022 2850 ac
1053 2812 1199 2850 duobus
1220 2813 1299 2851 aliis
1319 2821 1439 2852 exstat
