1789 3258
421 245 895 288 POLYMNIA.

954 252 986 288 V
998 254 1014 288 1
1027 254 1056 292 I.
1294 260 1372 298 6«ss

114 350 194 396 οὐκ
223 352 404 408 ἔφασαν,
450 352 693 409 ω’θεόμευοι
729 358 839 412 πρὸς
879 358 1028 404 αὐτῶν
1067 362 1134 406 ἐπὶ
1163 366 1372 422 κεφαλήν,

110 419 307 476 ποιήσειν
336 425 472 464 ταῦτα
494 420 689 480 οὐδαμάζ
722 424 822 470 οὔτε
842 426 926 482 γάρ
946 441 1025 484 σφι
1054 428 1102 473 ἐν
1122 430 1242 489 νόμῳ
1263 431 1376 478 εἶναι

85 487 360 542 Ξᾶνθρωπον
381 491 681 545 προσκυνέειν,
703 493 803 538 οὔτε
834 495 944 539 κατὰ
974 501 1111 541 ταῦτα
1140 498 1273 555 ἥκειν.
1315 500 1375 553 (ὃς

107 555 151 598 δὲ
180 554 503 612 ἀπεμαχέσαντο
534 564 663 603 τοῦτο
682 593 692 612 ,
725 561 907 616 δεύτερά
938 575 1018 621 σφι
1047 566 1222 622 λέγουσι
1269 568 1427 614 τάδε70

101 623 175 666 καὶ
202 624 336 680 λόγου
368 628 542 669 τοιοῦδε
571 626 775 684 ἐχόμενα,
807 625 883 683 ,ἶῼ
913 634 1094 687 βασιλεῦ
1114 635 1298 691 Μήδων,
1329 638 1370 681 3:-

102 698 304 746 ,,πεμψαν
332 692 466 747 ἡμέας
495 697 833 754 Λακεδαιμόνιοι
865 697 959 743 ἀντὶ
989 705 1078 744 τῶν
1107 702 1154 745 έν
1183 703 1369 763 Σπάρτῃ

99 756 413 815 υοῖπολομένων
443 762 677 819 κηρύκων,
708 765 871 822 ποινὴν
901 768 1080 813 ἐκείνων
1109 773 1368 825 τίσοντας·“

74 825 282 881 ὃλέγουσι
323 829 368 872 δὲ
409 830 579 875 αὐτοῖσι
608 837 745 877 ταῦτα
775 835 938 892 Ξέρξης
981 837 1066 882 ὑπὸ
1097 845 1366 897 μεγαλοφρο-

99 893 234 952 σύνης
286 895 406 949 „ozia
451 899 534 955 ἔφη
566 900 718 956 ὁμοῖος
749 902 923 947 ἔσεσθαι
952 909 1359 962 Λακεδαιμονίοισι·
1378 919 1422 953 75

97 964 295 1015 ,,κείνους
312 964 387 1021 μὲν
406 966 488 1023 γάρ
521 969 696 1026 συγχέαι
725 970 778 1014 τοὶ
806 972 984 1017 πάντων
1014 971 1265 1030 ἀνθρώπων
1294 978 1363 1023 νό-

37 1156 100 1204 IV,
134 1160 180 1198 11
217 1161 297 1205 §.3
320 1175 399 1214 seq.
439 1167 488 1204 12
511 1166 549 1210 ξ.
569 1170 596 1206 2
617 1180 696 1218 seq.

31 1220 74 1250 >et
89 1214 223 1252 conon
244 1217 345 1268 apud
378 1220 528 1260 Cornel.
558 1224 698 1274 Nepot.

35 1269 129 1308 Con.
147 1274 184 1312 3.

90 1323 165 1366 ov'n
186 1326 369 1380 ἔφασαν]
401 1333 424 1369 i.
447 1346 480 1370 e.
506 1340 695 1384 negarunt,

34 1389 77 1420 ut
94 1385 208 1434 paulo
229 1394 314 1437 post
339 1384 412 1428 οὐκ
441 1390 519 1440 ἔφη
535 1395 694 1440 negavit.

34 1440 98 1476 Tu
131 1440 208 1478 vid.
243 1445 287 1481 G.
310 1446 517 1483 Hermann.
549 1448 597 1485 ad
628 1450 695 1486 Vi-

32 1509 111 1547 ger.
131 1511 220 1548 pag.
242 1502 336 1542 839.
378 1503 489 1548 Quod
523 1512 611 1542 ante
632 1520 694 1542 se-

33 1566 151 1605 quens
179 1551 404 1607 ῡίθεόμενοι
442 1560 692 1601 Valckenaer.

30 1610 214 1648 insertum
250 1615 332 1651 vult
362 1612 466 1664 οὐδ’,
501 1631 566 1665 e0‚
603 1619 691 1656 mezi

30 1666 187 1719 quidem
215 1673 415 1721 sententia,
445 1672 550 1712 haud
582 1688 689 1726 opus.

29 1723 170 1763 Sensus
190 1734 263 1764 est:
286 1734 464 1778 negarunt
484 1745 518 1768 se
532 1732 689 1783 haecfa-

28 1784 144 1818 cturos
164 1795 234 1821 esse
252 1785 308 1821 vel
328 1788 361 1822 si
377 1789 413 1823 in
437 1793 543 1838 caput
566 1789 687 1827 detru-

27 1837 204 1876 cierentur.
275 1843 529 1880 Locutionem
565 1841 687 1885 ω’θεῖ-

26 1897 125 1933 σθαι
153 1894 219 1935 ἐπὶ
255 1896 436 1950 κεφαλήν
469 1901 685 1954 similesque

21 1949 238 2002 frequentat
247 1955 556 2008 Lucianus‚apud
568 1972 684 2010 quem

23 2007 139 2043 etiam
178 2007 243 2047 ἐπὶ
263 2014 443 2062 κεφαλῆς
479 2010 684 2054 ω’θεῖσθαι

23 2069 137 2115 atque
152 2063 218 2103 ἐπὶ
240 2062 436 2117 τράχηλον
459 2065 681 2110 ω’θεῖσθαιε

21 2117 68 2156 de
90 2121 225 2172 quibus
247 2122 323 2160 vid.
347 2125 388 2163 C.
410 2126 452 2162 F.
469 2128 681 2166 Hermann.

23 2175 72 2213 ad
106 2179 265 2216 Luc-ian.
312 2182 370 2217 De
404 2180 533 2220 histor.
569 2186 679 2225 scrib.

21 2246 111 2284 pag.
135 2236 204 2275 89.
229 2238 294 2276 90.
318 2237 566 2278 Valckenaer.
587 2243 681 2279 Pla-

21 2291 118 2328 tonis
137 2291 268 2328 locum
303 2296 477 2334 attuierat
506 2299 563 2334 De
583 2301 678 2350 Rep.

21 2345 106 2384 VIII
124 2361 162 2398 p.
175 2348 255 2390 553
276 2351 322 2388 Β.
347 2374 399 2379 -
420 2355 465 2390 In
480 2368 583 2407 seqq.
607 2353 681 2395 αύ-

20 2404 98 2443 rosv
119 2403 208 2442 dedi
226 2419 295 2456 pro
318 2404 482 2449 αὐτέων.
513 2412 575 2449 Ad
591 2427 679 2450 ver-

21 2458 68 2496 ba
88 2457 310 2512 ἄνθρωπον
320 2466 578 2516 προσκυνέειν
599 2469 676 2507 vid.

19 2515 152 2555 Matth.
176 2518 242 2554 Gr.
266 2520 332 2556 Gr.
355 2522 391 2566 ξ.
413 2522 508 2571 412,
543 2529 559 2565 1
585 2539 674 2577 pag.

20 2571 113 2614 754.
143 2571 241 2612 nato?
270 2578 392 2616 ταῦτα
418 2581 517 2618 valet
536 2595 611 2620 eam
636 2584 675 2620 ob

21 2639 173 2676 causam,
205 2631 243 2666 ob
261 2633 344 2669 ista.

75 2683 130 2733 ὥς
148 2683 190 2725 δὲ
209 2682 502 2739 ἅπεμαχέσαντο
537 2695 672 2743 τοῦτο]

19 2737 44 2776 ἰ.
65 2754 98 2781 e.
129 2744 192 2780 ubi
217 2744 278 2781 hoc
309 2752 536 2795 recusarunt,
585 2763 608 2787 α
639 2765 674 2789 se

18 2799 227 2847 repulerunt.
286 2801 497 2841 Lare-herus
527 2807 672 2843 malue-

18 2859 100 2891 rat:
149 2857 222 2907 qud
250 2870 327 2895 cum
359 2873 393 2896 se
434 2860 671 2911 defendissent

71 2911 291 2954 Hanonor.
313 2916 378 2954 111.

758 1170 923 1205 oratione.
962 1171 1079 1209 τοῦτο
1098 1184 1167 1222 pro
1188 1167 1314 1225 τούτῳ
1335 1174 1418 1211 iure

754 1236 859 1260 nunc
874 1227 1098 1275 repositum.
1145 1229 1418 1268 Accusativum

755 1282 859 1317 enim
878 1280 968 1318 huic
998 1284 1114 1320 verbo
1153 1285 1310 1322 adstruit
1332 1288 1418 1338 Ap-

751 1338 853 1387 pian.
874 1340 919 1375 Β.
940 1340 1048 1390 Hisp.
1079 1342 1146 1380 89-
1179 1344 1241 1382 90.
1265 1343 1417 1380 Mithri-

754 1393 831 1435 dat.
853 1397 920 1442 78,
959 1403 1116 1433 notante
1145 1399 1416 1451 VVesselingio,

753 1451 819 1501 qui
859 1452 1022 1488 conferri
1059 1454 1166 1491 iubet
1203 1457 1330 1493 Davis.
1367 1457 1415 1495 ad

750 1509 909 1544 Maxim.
936 1509 1032 1560 Tyr.
1052 1511 1070 1546 I
1088 1525 1127 1561 p.
1153 1510 1250 1552 499.

808 1561 971 1616 δεύτερά
1016 1579 1087 1614 σφι
1116 1566 1301 1619 λέγουσι]
1349 1570 1414 1610 λε’-

748 1634 862 1672 γουσι
886 1629 941 1659 est
956 1621 1103 1660 dativus
1122 1626 1322 1677 participii,
1346 1630 1412 1680 qui

746 1679 910 1728 pertinet
952 1678 1000 1716 ad
1034 1693 1117 1728 σφι,
1149 1682 1174 1718 i.
1207 1695 1240 1719 e.
1273 1679 1410 1732 αὐτοῖς

747 1734 967 1784 (Spartanis
997 1738 1119 1785 scil,);
1165 1740 1230 1790 qui
1262 1739 1408 1779 dativus

743 1792 914 1841 pluribus
943 1794 1066 1830 verbis
1106 1795 1309 1833 interiectis
1345 1811 1408 1834 re-

742 1849 883 1897 petitur
903 1850 1047 1886 verbis:
1078 1849 1235 1901 λέγουσι
1260 1850 1302 1890 δὲ
1328 1850 1407 1893 av'-

741 1907 844 1942 τοῖσι
861 1907 985 1943 ταῦτα
1001 1906 1085 1954 (ubi
1108 1904 1149 1945 δὲ
1159 1909 1272 1944 simili
1287 1910 1404 1948 modo

742 1959 937 2009 additum,
979 1975 1056 2014 quo
1106 1963 1208 2014 apud
1246 1966 1404 2004 Latinos

739 2025 824 2066 post
849 2018 975 2068 plures
1015 2032 1126 2057 voces
1164 2022 1403 2072 interpositas

741 2080 805 2109 aut
837 2081 922 2124 post
956 2075 1200 2125 parenthesin
1247 2082 1403 2130 ponitur

738 2130 816 2179 sed)
849 2139 885 2168 et
915 2132 1078 2170 refertur
1098 2133 1148 2171 ad
1178 2133 1256 2186 ἔφη
1277 2138 1357 2174 scil.
1380 2136 1403 2178 ό

740 2185 898 2238 Ξέρξης.
928 2189 1041 2227 Haud
1063 2192 1172 2228 aliter
1189 2192 1270 2241 Vll,
1297 2193 1398 2234 141:

738 2243 1018 2295 πειθομένοισι
1057 2245 1101 2286 δὲ
1139 2250 1263 2288 ταῦτα
1299 2254 1401 2290 τοῖσι

735 2293 986 2351 Ἀθηναίοισι
996 2302 1062 2343 καὶ
1070 2303 1225 2357 λέγουσι
1238 2328 1290 2334 —-
1301 2310 1398 2346 ταῦ-

736 2372 783 2394 τα
805 2355 855 2396 δὲ
874 2358 1097 2412 ξλέγουσι
1122 2360 1152 2412 η’
1181 2359 1398 2414 πρόμαντις

735 2416 810 2468 χρᾷ
834 2430 871 2453 κ.
891 2431 923 2454 τ.
943 2419 977 2455 λ.
991 2439 1046 2445 —
1075 2418 1138 2455 Ad
1167 2425 1395 2457 structuram

732 2471 938 2510 verborum
959 2469 1035 2513 οὐκ
1059 2473 1137 2524 ἔφη
1161 2473 1297 2525 ὁμοῖος
1317 2475 1394 2516 ἔσε-

733 2531 829 2567 σθαι
852 2545 889 2567 κ.
923 2546 956 2569 τ.
985 2533 1016 2569 λ.
1046 2533 1146 2570 conf.
1168 2531 1302 2569 Matth.
1326 2534 1391 2572 Gr.

733 2584 798 2622 Gr.
819 2586 853 2630 ξ.
877 2586 957 2628 536
972 2600 1059 2637 pag.
1084 2589 1191 2629 1052
1208 2595 1243 2624 et
1264 2588 1310 2625 ad
1323 2602 1392 2625 vo-

732 2654 794 2677 ces
822 2639 904 2682 ὕπὸ
931 2639 1286 2694 μεγαλοφροσύνης
1311 2646 1390 2693 Vll,

734 2696 827 2738 146.
862 2697 952 2738 147.
977 2700 1080 2746 ,V111,
1114 2702 1218 2740 118:
1255 2702 1391 2751 quibus

728 2752 820 2791 louis
859 2756 997 2792 Xerxis
1031 2758 1388 2804 magnanimitatem

726 2809 937 2859 praedicari
956 2818 1061 2848 notat
1083 2812 1181 2849 Gaii.

784 2867 943 2914 κείνους
961 2865 1032 2918 μὲν
1055 2865 1129 2920 γοῖρ
1160 2867 1317 2922 συγχέαι
1337 2868 1383 2910 τοὶ
