1815 3181
397 228 482 266 266
797 226 831 260 H
861 225 893 260 E
926 226 959 260 R
990 223 1020 260 Ο
1050 225 1085 260 D
1117 225 1146 261 Ο
1179 225 1216 260 Τ
1246 224 1263 260 1

274 340 339 382 3⁴:
484 332 764 387 Ἑτυροὶννευε
804 333 850 374 δὲ
882 330 1050 374 αὐτέων
1089 331 1215 388 μέχρι
1244 332 1340 377 τότε
1371 334 1612 390 Μιλτιάδης
1643 336 1670 378 ὁ

68 403 286 463 Εἷῇἳξῗῇᾗζηζμ
403 405 606 457 Κίμωνος
644 403 726 442 τοῦ
756 399 1072 455 Στησαγόρεω,
1113 401 1387 458 κτησαμένου
1417 401 1496 458 τὴν
1528 401 1668 458 ἀρχὴν

65 469 215 529 ᾗξξξξῗςῖᾓ,
251 470 292 495 ⁰⁰
401 470 565 525 ταύτην
605 469 821 522 πρότερον
858 468 1110 513 Μιλτιάδεω
1148 473 1230 513 τοῦ
1268 470 1480 522 Κυψέλου
1518 470 1669 530 τρόπῳ

65 520 325 603 ᾗξῗζζξῗθχῧξξηῗῑῖἷ
370 540 570 597 Ξτοιῷδε.
629 534 767 590 Εἶχον
795 537 1017 594 Δόλογκοι
1051 537 1233 595 Θρήϊκες
1272 539 1354 595 τήν
1384 537 1668 594 Χερσόνησον

64 603 305 670 ξξξᾷζξζῖῂῦξξξζζ,
398 606 575 661 ταύτην.
626 600 750 649 οὗτοι.
780 601 845 648 οἷν
883 608 928 649 οἱ
956 605 1176 662 Δόλογκοι
1206 607 1455 657 πιεσθέντες
1493 605 1726 663 πολέμῳ4ο

64 670 218 696 ⁰m⁰⁸¹¹¹¹¹¹
237 671 305 696 ’Μ’
399 672 486 717 ὑπὸ
515 672 769 726 Ἀψινθίων,
802 674 845 725 ἐς
865 674 1069 730 Δελφούς
1090 674 1286 730 ἔπεμψαν
1317 675 1422 726 τούς
1451 673 1667 730 βασιλέας,

367 742 498 795 3περὶ
534 746 616 784 τοῦ
652 742 850 797 πολέμου
884 742 1194 799 χρησομένους.
1243 743 1270 799 ἡ
1309 744 1354 788 δὲ
1398 744 1550 800 Πυθίη
1588 750 1666 799 σφι

397 808 537 852 ἀνεῖλε
574 810 800 868 ,,οἰκιστὴν
829 809 1067 866 ἐπάγεσθαι
1096 812 1164 857 ἐπὶ
1202 811 1282 868 τήν
1313 811 1462 868 χώρην
1492 815 1665 875 τοῦτον,

66 703 185 737 pnicum
206 703 274 731 adis·

62 740 145 777 sent,¹¹

395 876 472 931 ,ὃς
511 877 567 921 ἄν
606 890 743 935 σφεας
784 877 995 931 α’πιόντας
1035 880 1082 923 ἐκ
1119 883 1203 923 τοῦ
1243 881 1346 934 ἱροῦ
1379 882 1553 935 πρῶτος
1598 879 1667 923 ἐπὶ

364 947 560 1000 4,,ξείνια
589 947 795 1004 καλέσῃ.“
848 945 1006 999 Ἰόντες
1039 947 1086 992 δὲ
1122 950 1167 992 οἱ
1195 948 1416 1005 Δόλογκοι
1451 947 1532 1004 τὴν
1563 947 1666 1006 ἱρὴν
1678 952 1726 989 45

336 1135 534 1184 Kiessling.
567 1135 627 1170 De
656 1131 898 1173 Menaechm.
935 1134 1001 1172 Si-

337 1204 448 1243 cyon.
491 1198 527 1227 et
554 1192 713 1227 Hieron.
748 1189 860 1228 Card.
892 1190 1000 1241 (Ciz.

341 1248 465 1298 1830)
497 1261 585 1299 pag.
611 1250 663 1288 12
683 1260 791 1299 seqq.

521 1349 613 1401 cap.
635 1350 818 1387 xxxiv.

348 1450 350 1453 ,
388 1413 649 1469 Ἑτυροῖννευε
668 1415 711 1456 δὲ
734 1415 902 1467 αὐτέων]
941 1434 994 1457 sc.

333 1477 411 1513 τῶν
443 1477 516 1525 τῆς
536 1471 799 1526 Χερσονήσου
827 1472 995 1515 πόλεων.

333 1530 395 1568 Ad
406 1532 522 1568 verba
534 1526 766 1572 Μιλτιάδεω
782 1534 854 1571 τοῦ
859 1531 996 1583 Κυψέ-

333 1590 405 1627 λου
423 1588 454 1626 C
464 1602 496 1625 r.
517 1588 682 1626 conferri
691 1590 773 1626 vult
789 1590 994 1640 Wyttenb.

332 1645 619 1683 Animadverss.
650 1647 690 1683 in
718 1644 914 1683 Plutarch.
935 1648 995 1683 De

330 1703 427 1752 glor.
446 1701 618 1742 Athenn.
639 1704 704 1751 (11,
729 1704 770 1753 1)
793 1716 880 1753 pag.
902 1705 994 1744 149.

379 1756 514 1810 -Εἶχον
525 1756 739 1811 Δόλογκοι]
753 1760 904 1798 Doloncz'
911 1762 995 1811 pri—

330 1818 445 1853 mitus
466 1815 566 1853 hanc
584 1815 864 1854 Chersonesum
883 1818 995 1855 inco-

329 1874 442 1909 luisse
463 1873 641 1910 videntur
667 1873 895 1924 indigenae,
928 1876 994 1926 qui

328 1941 423 1967 mox
435 1931 596 1967 aliarum
607 1929 798 1967 Thraciae
817 1932 994 1981 gentium

331 1988 608 2024 incursionibus
626 1988 744 2038 pressi
764 1986 812 2025 ad
829 1989 994 2026 Graecos

330 2057 370 2080 se
390 2051 681 2093 converterunt,
726 2056 861 2082 eorum
883 2047 996 2083 auxi-

331 2101 427 2137 lium
443 2102 679 2139 invocantes.
708 2102 893 2140 Doloncis
901 2115 994 2154 pro—

330 2158 454 2194 ximos
485 2159 601 2209 ipsius
621 2157 848 2196 Chersonesi
878 2172 993 2196 acco-

330 2214 385 2251 l'as
414 2214 621 2264 Apsinthios
648 2216 762 2252 fuisse
782 2216 993 2266 probabili-

331 2278 387 2307 ter
424 2278 565 2308 statuas
601 2274 826 2322 praesertim
868 2285 991 2324 quum

330 2329 369 2364 in
389 2326 534 2365 scholio
563 2329 719 2366 Aristid.
761 2328 878 2379 (pag.
909 2331 991 2369 209

330 2383 392 2426 ed.
412 2386 663 2436 Frommel.)
702 2384 913 2436 Apsinthiis
948 2398 993 2422 ea

330 2443 567 2490 tribuantur,
599 2455 698 2495 quae
736 2442 786 2480 de
812 2443 994 2480 Doloncis

331 2498 448 2550 apud*
476 2499 718 2537 Herodotum
758 2506 992 2537 enm-mitur.

333 2556 445 2593 Cous.
486 2557 673 2594 Gatterer.
707 2558 765 2593 De
804 2556 990 2593 Herodot.

332 2611 481 2651 Thrae.¹
503 2626 592 2665 pag.
617 2613 675 2655 ‘¹46
695 2627 777 2667 seq.·
806 2614 994 2650 Mannert.

333 2671 474 2721 Geogr.
510 2671 580 2708 VII
606 2678 645 2721 p.
671 2670 753 2712 18⁴5
769 2683 849 2722 seq.
908 2670 997 2715 Quo

334 2726 470 2763 eodeni
482 2734 626 2779 spectat
637 2727 789 2764 Cornel.
800 2729 896 2778 Nep.
908 2728 993 2763 Mil-

333 2782 422 2820 tiad.
436 2787 470 2831 1,
493 2787 600 2822 cuins
621 2785 785 2822 narratio
801 2785 848 2821 ab
868 2785 993 2821 Hero—

333 2839 453 2878 doteis
471 2843 509 2878 in
531 2841 761 2894 quibusdam
793 2839 992 2893 discrepat,

1060 1133 1108 1170 de
1127 1134 1266 1186 quibus
1286 1133 1364 1171 vid.
1387 1135 1599 1184 interprett.
1630 1147 1721 1184 pag.

1060 1194 1111 1231 19
1151 1203 1257 1242 seqq.
1296 1188 1356 1226 ed.
1398 1190 1542 1228 Bardil.
1618 1189 1721 1228 Add.

1055 1248 1266 1285 Marcellin.
1286 1247 1362 1288 vit.
1384 1245 1566 1299 Thucyd.
1591 1247 1722 1299 ibique

1056 1305 1191 1355 Poppo
1212 1316 1299 1355 pag.
1323 1303 1403 1344 314
1426 1311 1463 1341 et
1482 1305 1656 1343 Voemel.
1680 1308 1722 1342 iu

1054 1363 1260 1412 scriptione
1291 1360 1338 1397 de
1368 1361 1502 1400 Solon.
1532 1374 1623 1412 pag.
1655 1366 1720 1411 16,

1055 1419 1122 1455 ubi
1131 1417 1346 1456 Miltiadem
1356 1419 1404 1466 ΙΙ,
1423 1419 1577 1470 Cypseli
1596 1418 1722 1457 filium

1054 1476 1216 1513 collocat
1236 1475 1391 1526 Olymp.
1420 1476 1500 1523 LV,
1523 1479 1544 1516 1
1577 1489 1607 1512 s.
1637 1476 1724 1517 560

1054 1545 1087 1569 a.
1111 1531 1200 1569 Chr.
1221 1546 1261 1569 n.
1284 1545 1453 1585 eumque
1485 1532 1575 1569 facit
1595 1545 1721 1569 avun-

1053 1590 1185 1627 culum
1203 1588 1383 1626 Miltiadis
1404 1590 1471 1636 111,
1506 1591 1571 1641 qui
1591 1590 1722 1626 Mare-

1052 1645 1171 1683 thone
1201 1648 1317 1695 vicit,
1346 1648 1377 1683 si
1409 1645 1568 1698 quidem
1586 1644 1651 1683 hic
1672 1646 1721 1683 fi-

1052 1704 1124 1740 lius
1148 1704 1221 1741 fuit
1242 1703 1412 1740 Cimonis
1434 1701 1521 1755 (qui
1539 1702 1721 1742 Miltiadis

1052 1761 1123 1798 fuit
1151 1759 1296 1811 frater)
1327 1772 1371 1797 ao
1393 1773 1513 1811 nepos
1535 1761 1720 1811 Stesago—

1052 1831 1116 1858 rae
1138 1825 1174 1854 et
1190 1818 1307 1855 frater
1325 1818 1453 1854 minor
1473 1824 1567 1854 natu
1588 1817 1721 1854 Stesa—

1051 1887 1168 1925 gorae
1189 1875 1238 1923 11,
1261 1875 1329 1927 qui
1345 1881 1432 1926 post
1449 1873 1664 1911 Miltiadem
1683 1875 1720 1911 11

1052 1932 1300 1984 tyrannidem
1338 1933 1504 1983 suscepit
1539 1944 1717 1984 eamque,

1055 2003 1145 2027 cum
1183 1991 1265 2027 siue
1303 1989 1382 2026 ulla
1413 1989 1522 2039 prole
1542 1995 1721 2026 mortuus

1053 2054 1160 2095 esset,
1190 2045 1354 2084 Miltiadi
1382 2046 1604 2094 111‚.fratri‚
1625 2046 1718 2082 reli-

1052 2106 1147 2156 quit.
1169 2104 1280 2141 Conf.
1297 2101 1492 2155 Lycophr.
1503 2101 1716 2142 Alexandr.

1051 2161 1132 2203 533
1162 2161 1257 2212 ibiq.
1288 2158 1528 2197 Bachmann.
1557 2173 1594 2209 p.
1622 2162 1715 2201 128.

1067 2267 1070 2270 Ι
1105 2213 1199 2263 τούς
1221 2214 1435 2268 βασιλέας]
1466 2217 1525 2252 Ita
1545 2214 1633 2252 dedi
1646 2228 1716 2267 pro

1048 2274 1255 2324 βασιλῆας.
1297 2273 1431 2310 Plures
1450 2273 1716 2310 Doloncorum

1050 2330 1163 2367 fuisse
1193 2336 1349 2380 gentes,
1404 2342 1502 2382 quae
1540 2329 1716 2380 singulae

1048 2399 1136 2424 suos
1167 2387 1340 2424 miserint
1379 2399 1486 2437 reges
1531 2384 1714 2438 Delphos,

1051 2455 1171 2494 ponas
1200 2456 1355 2481 necesse
1386 2444 1476 2492 erit,
1516 2443 1590 2480 nisi
1619 2439 1714 2490 τούς

1051 2497 1236 2551 βασιλέας
1257 2500 1416 2538 omnino
1437 2500 1600 2551 accipias
1614 2500 1714 2550 prin-

1053 2559 1144 2608 cipes
1164 2559 1344 2606 civitatis,
1369 2559 1552 2608 primores.
1601 2555 1712 2607 Confi}

1052 2614 1132 2662 Vll,
1159 2614 1250 2655 165.
1278 2616 1323 2651 Iu
1344 2625 1452 2667 seqq.
1473 2613 1522 2651 ad
1542 2611 1608 2654 ἐπὶ
1639 2612 1711 2661 ξεΐ-

1051 2687 1118 2710 νια
1139 2671 1241 2708 cons.
1254 2672 1300 2720 V,
1324 2672 1375 2712 18
1398 2679 1433 2709 et
1452 2671 1516 2719 VI,
1539 2669 1605 2711 35.

1107 2725 1180 2778 τήν
1201 2725 1294 2780 ἱρήν
1317 2724 1438 2776 ὃδόν]
1472 2727 1712 2777 „Celeberri-

1051 2797 1113 2821 ma
1142 2798 1246 2823 sacra
1280 2787 1364 2832 via,
1413 2797 1512 2836 quae
1552 2781 1713 2820 Athenis

1050 2842 1269 2879 Eleusinem
1291 2841 1466 2889 ducebat,
1497 2841 1536 2877 in
1546 2841 1712 2877 Pausan.
