1834 3258
392 247 865 284 POLYMNIA.
924 247 1028 284 VII.

0 361 30 406 4

1262 247 1347 287 619

173 355 222 400 Ὀ
249 356 326 410 μὲν
354 355 407 412 δή
431 355 634 406 ναυτικὸς
674 354 878 410 στρατὸς,
919 353 1060 398 αὐτοῦ
1089 355 1188 408 περὶ
1205 354 1354 407 ’Ἄξιον

92 425 297 480 ποταμόν,
313 424 385 467 καὶ
413 422 542 467 πόλιν
558 422 742 479 Θέρμην,
755 423 827 466 καὶ
847 422 921 473 τὰς
934 422 1091 478 μεταξύ
1107 421 1233 472 πόλις
1253 438 1352 465 του·

61 493 217 546 ἐτέων,
244 491 491 548 περιμένων
512 490 700 548 βασιλέα,
731 489 1127 544 ἐστρατοπεδεύετο.
1186 487 1348 546 Ξέρξης

91 561 137 605 δὲ
162 561 236 604 καὶ
265 558 289 604 ὁ
321 560 448 614 πεζὸς
469 559 653 614 στρατός
683 557 912 612 ἐπορεύετο
942 557 989 601 ἐκ
1017 563 1092 614 τῆς
1116 557 1377 612 Ἀκάνθου,5

87 629 166 685 τὴν
197 627 434 685 μεσόγαιαν
461 627 638 684 τάμνων
655 630 731 682 τῆς
759 624 882 677 ὁδοῦ,
913 624 1184 682 βουλόμενος
1213 625 1256 677 ἐς
1270 625 1349 682 τὴν

61 705 84 739 3
97 697 271 754 Θέρμην
310 696 558 741 ἀπικέσθαι.

617 695 843 750 ἐπορεύετο
883 694 930 737 δὲ
961 693 1034 736 διὰ
1061 697 1136 749 τῆς
1168 697 1350 737 Παιονι-

87 769 167 823 κῆς
194 766 268 810 καὶ
296 768 610 822 Κρηστωνικῆς
630 764 700 808 ε’πὶ
721 761 920 820 ποταμόν
935 759 1201 818 Ἐχείδωρον,
1233 760 1282 813 ὃς
1302 761 1350 806 ἐκ

33 976 135 1015 Gott.
155 975 254 1014 Anz.
278 977 383 1017 1833
411 988 471 1013 nr.
503 977 582 1016 127
602 987 692 1026 pag.

0 1034 2 1040 ’
35 1034 154 1074 1260.
211 1033 313 1069 Male
341 1031 417 1069 huc
445 1030 560 1069 trahit
582 1033 693 1068 Mau-

0 1090 5 1095 “
30 1096 127 1126 nert.
147 1090 215 1126 VII
234 1103 272 1140 p.
293 1088 374 1130 479
407 1088 586 1126 Bodenam
612 1090 691 1126 sive

0 1139 6 1149 '¹
40 1145 220 1195 Ϋοιῖίηαιη,
242 1147 384 1198 quippe
405 1159 503 1198 quae
522 1146 562 1182 in
582 1152 691 1184 vete-

31 1203 80 1240 ris
98 1201 264 1240 Edessae
283 1204 414 1240 locum
444 1203 565 1239 cessit.
625 1203 691 1241 Tu

32 1253 133 1297 oonf.
155 1261 270 1296 etiam
288 1258 509 1296 Tzsehuck.
530 1258 579 1296 ad
597 1260 688 1299 Mel.

30 1316 80 1364 Π,
109 1319 147 1363 3,
171 1318 191 1356 1
215 1329 304 1367 pag,
332 1319 412 1357 157
434 1323 530 1353 nott.
553 1329 690 1367 exegg.

32 1379 69 1409 et
89 1373 187 1409 Gall.
209 1372 257 1410 ad
277 1375 438 1425 Scyanu.
460 1371 599 1410 Chium
609 1375 690 1414 624

31 1430 82 1467 T.
102 1431 139 1466 II
157 1442 245 1480 pag.
267 1429 347 1471 384
373 1430 443 1467 Cr.
472 1428 534 1467 hie
561 1429 691 1468 laudat

30 1485 281 1524 Broendsted.
310 1487 447 1523 Reisen
479 1500 519 1523 u.
548 1488 692 1523 Unter-

31 1542 222 1595 suchung.
242 1544 283 1581 in
306 1542 525 1582 Griechenl.
546 1545 582 1581 Π
603 1556 692 1596 pag.

33 1602 128 1641 297.

214 1691 308 1743 Cap.
330 1690 505 1730 CXXIV.

89 1765 215 1809 αὐτοῦ
228 1768 320 1821 περὶ
332 1766 470 1818 ’Ἄξιον
492 1768 690 1820 ποταμόν]

32 1827 90 1862 De
123 1825 302 1864 adverbio
334 1822 482 1876 αὐτοῦ,
526 1828 594 1864 ubi
613 1829 694 1878 ipse

31 1883 139 1921 locus
168 1884 373 1932 subiicitur,
405 1883 483 1922 vid.
514 1885 624 1920 allata
645 1883 694 1921 ad

33 1940 96 1987 VI,
117 1942 183 1980 72.
206 1961 271 1976 —--
280 1941 375 1976 Mox
393 1941 523 1990 scripsi
541 1937 694 1980 τούτων

33 2009 102 2047 pro
120 1994 290 2035 τουτέων
304 2003 340 2032 et
361 1995 522 2047 βασιλέα
537 2010 605 2047 pro
618 1998 693 2048 βα-

35 2054 164 2103 σιλῆα.
223 2051 285 2089 Ad
318 2054 434 2090 verba
461 2050 535 2103 τήν
573 2052 692 2104 μεσό-

34 2123 151 2161 γαιαν
179 2104 341 2159 τάμνων
369 2111 439 2161 τῆς
467 2108 568 2149 ὁδοῦ
587 2110 690 2148 conf.

32 2172 129 2203 nott.
149 2164 198 2202 ad
217 2167 299 2215 VII,
325 2169 416 2207 123.

91 2241 157 2284 ὅιοὶ
175 2247 247 2295 τῆς
259 2247 483 2296 Παιονικῆς
499 2244 567 2284 καὶ
579 2248 691 2297 Κρη-

36 2303 259 2352 στωνικῆς]
309 2304 367 2339 De
401 2302 602 2340 Crestonica
630 2317 694 2339 re-

3 2393 19 2406 „
35 2358 148 2408 gione
170 2357 247 2396 vid.
276 2366 370 2398 nott.
408 2359 457 2396 ad
475 2362 505 2407 Ι,
528 2360 581 2401 57
592 2373 604 2407 3
645 2359 693 2397 de

0 2438 7 2447 »
37 2413 214 2452 Paeonica
232 2422 328 2453 nott.
344 2415 393 2453 ad
405 2417 448 2464 V,
468 2419 532 2456 12.
565 2417 693 2469 Atque

0 2510 5 2518 ,
36 2471 208 2508 observat
225 2473 413 2510 Mannert.
433 2474 502 2510 Vll
514 2486 600 2524 pag.
613 2473 695 2515 494

36 2526 219 2565 Herodoti
253 2536 373 2566 aetate
395 2531 596 2567 Paeonum
616 2537 696 2567 ter-

10 2554 120 2628 'n-am
154 2585 275 2621 multo
297 2587 550 2623 extensiorem
579 2588 695 2624 fuisse

6 2638 14 2647 ’
38 2641 156 2679 videri
182 2640 381 2678 meridiem
400 2656 528 2680 versus
549 2642 597 2679 ad
609 2657 694 2680 eam

7 2739 9 2742 ¹
40 2710 160 2750 usque
179 2700 389 2748 regionem,
412 2712 510 2750 quae
530 2699 694 2750 Mygdo-

0 2742 20 2798 ξ
41 2756 126 2791 niae
163 2767 307 2791 nomen
345 2754 546 2805 postmodo
594 2757 695 2794 tulit.

42 2809 196 2864 Alioqui
216 2813 320 2848 euim
339 2813 512 2849 Xerxem
525 2812 572 2849 ab
591 2810 695 2849 Atho

43 2867 112 2904 iter
150 2868 354 2907 facientem
386 2868 434 2906 ad
462 2870 552 2906 Axii
588 2869 695 2919 ostia,

747 973 979 1011 Paeonicam
1001 977 1037 1008 et
1048 971 1307 1009 crestonicam
1327 977 1407 1008 ter-

747 1043 831 1068 ram
867 1041 1065 1081 permeare
1107 1027 1212 1065 haud
1240 1029 1408 1079 potuisse

746 1094 867 1140 putat.
924 1085 987 1122 Ad
1017 1098 1133 1137 quam
1162 1085 1327 1122 eandem
1345 1099 1409 1122 re-

746 1146 900 1196 gionem
930 1142 1151 1179 Prasiadem
1179 1144 1307 1179 lacum
1329 1141 1406 1192 (de

747 1214 824 1254 quo
844 1201 890 1249 V,
915 1203 985 1247 16)
1015 1200 1146 1236 referri
1181 1201 1264 1237 vult
1292 1201 1407 1236 Man-

745 1265 887 1296 nertus.
935 1258 992 1293 Ac
1013 1270 1103 1293 sane
1122 1258 1265 1293 mirum
1285 1256 1407 1293 videri

746 1328 900 1367 quoque
912 1314 963 1350 ait
976 1314 1017 1352 C.
1041 1314 1083 1352 O.
1106 1315 1244 1350 Miiller
1265 1313 1409 1362 (Ueber

746 1371 807 1409 die
826 1369 983 1408 Maked.
1007 1384 1046 1421 p.
1060 1370 1118 1420 8),
1140 1370 1245 1422 quod
1260 1372 1409 1409 Xerxes

745 1427 922 1466 Acantho
939 1426 1153 1464 Thermam
1170 1428 1410 1478 profecturus

745 1487 979 1523 Paeonicam
998 1491 1035 1522 et
1045 1486 1304 1522 Crestonicam
1318 1498 1410 1535 per-

746 1556 876 1579 meare
897 1541 1057 1578 dicatur.
1090 1543 1303 1578 Paeoniam
1315 1542 1409 1579 olim

748 1601 870 1636 multo
902 1599 1156 1635 extensiorem
1177 1599 1257 1649 ipsa
1276 1599 1410 1635 Mace-

748 1656 862 1694 donia
883 1656 1006 1707 prisca
1027 1655 1120 1704 (vid.
1143 1663 1239 1693 nott.
1257 1654 1305 1692 ad
1326 1656 1408 1705 VII,

751 1712 858 1763 127)
887 1712 992 1750 idem
1022 1714 1146 1763 attigit
1173 1713 1215 1749 C.
1241 1713 1286 1750 Ο.
1307 1713 1410 1749 Mu!-

749 1770 817 1807 ler.
837 1771 862 1809 l.
885 1771 909 1807 l,
930 1782 1018 1820 pag.
1044 1771 1094 1810 18
1123 1783 1202 1821 seq.
1234 1768 1308 1806 hoc
1338 1768 1410 1805 ad-

748 1828 879 1864 iiciens
900 1833 1105 1876 angustum
1124 1827 1315 1862 Paeoniae
1329 1833 1409 1862 tra-

750 1890 857 1920 ctum
878 1882 926 1920 ad
946 1883 1096 1919 Pellam
1115 1896 1236 1934 usque
1257 1889 1409 1919 etmare

749 1941 973 1990 pertinuisse
1015 1937 1107 1975 inde
1146 1952 1168 1975 a
1207 1940 1409 1989 superioris

749 1997 839 2032 Axii
869 1996 1109 2046 regionibus,
1141 1996 1208 2031 ubi
1238 2009 1258 2031 e
1285 1997 1409 2046 prisco

747 2060 922 2104 tempore
948 2054 1148 2090 Paeonum
1162 2052 1268 2089 fuere
1289 2051 1409 2091 sedes.

807 2130 872 2172 ἐπὶ
919 2127 1097 2182 ποταμὸν
1136 2127 1408 2182 Ἐχείδωρον]

747 2190 805 2225 Ita
826 2196 862 2225 et
883 2187 923 2226 h.
943 2189 967 2228 l.
992 2196 1027 2226 et
1047 2189 1130 2237 VH,
1150 2191 1229 2230 127
1250 2188 1409 2238 editum,

749 2259 838 2282 cum
857 2246 943 2282 libri
962 2246 1103 2283 ferrent
1115 2246 1334 2298 Χείδωρον.
1364 2248 1408 2282 Ιι]

750 2303 909 2354 Scylace
929 2303 956 2340 l.
975 2303 1001 2340 l.
1022 2316 1125 2339 nunc
1152 2301 1276 2339 editur
1295 2298 1408 2354 Ἐχέ·

751 2359 901 2411 δωρος,
931 2359 1036 2411 quod
1064 2361 1105 2396 iu
1125 2358 1320 2397 Herodoto
1351 2366 1409 2396 et-

748 2417 827 2452 iam
863 2419 1087 2468 rescriptum
1111 2417 1283 2454 voluerat
1312 2415 1410 2453 Vos-

748 2475 835 2521 sius,
846 2473 1040 2512 firmatum
1054 2475 1276 2510 auctoritate
1287 2473 1410 2524 Apol-

751 2529 930 2579 lodonll,
945 2530 969 2571 5
984 2532 1021 2576 ξ.
1040 2533 1081 2571 11
1100 2531 1270 2582 Etymol.
1281 2531 1410 2580 Magn.

752 2600 780 2624 s.
797 2601 833 2624 v.
854 2600 893 2637 p.
922 2586 1004 2628 404
1026 2593 1064 2624 et
1092 2588 1306 2624 Ptolemaei
1326 2586 1408 2622 coll.

749 2645 937 2680 Mannert.
959 2645 1026 2680 VII
1047 2657 1083 2694 p.
1104 2643 1186 2684 474
1208 2656 1285 2695 seq.
1317 2643 1410 2678 Flu-

749 2701 801 2737 vii
835 2714 856 2736 e
887 2701 1102 2738 cres-tonica
1131 2707 1229 2736 terra
1270 2711 1410 2749 prove-

750 2758 887 2794 nientis
909 2758 1002 2794 ostia
1016 2757 1055 2792 in
1076 2756 1211 2792 intimo
1232 2756 1334 2792 sinus
1347 2768 1409 2790 re-

752 2826 859 2850 cessu
879 2814 1022 2864 aliquot
1049 2812 1231 2848 milliariis
1251 2823 1409 2861 geogra-

751 2867 872 2921 phicis
908 2870 955 2907 ab
985 2868 1079 2907 urbe
1119 2866 1409 2907 Thessalonices

1410 352 1523 380 Eodem
1542 353 1633 387 pede-

1410 391 1487 414 stres
1504 387 1608 421 copiae
1627 393 1680 426 per

1407 421 1539 447 mediam
1558 424 1651 446 conti·

1408 459 1529 481 nentem
1540 453 1678 480 tendunt.

1404 487 1573 527 Ephidorus
1591 488 1646 515 flu„

1405 530 1482 550 mus.
