2912 4368
1109 1001 1191 1040 572

1513 999 1972 1037 HERODOTI

1079 1112 1285 1151 4λασσαν.
1348 1111 1421 1160 τῆς
1461 1107 1508 1149 δὲ
1548 1108 1719 1163 Συρίης
1756 1112 1888 1152 τοῦτο
1930 1108 1979 1152 τό
2020 1111 2295 1165 χωρίον,καὶ
2326 1112 2426 1155 τό55

1108 1175 1231 1231 μέχρι
1271 1174 1496 1230 Αἰγύπτου
1527 1179 1627 1226 πᾶν,
1661 1178 1929 1233 Παλαιστίνη
1969 1178 2174 1221 καλέεται.
2234 1179 2370 1234 Αἰγύ-

1107 1259 1222 1286 πτιοι
1252 1243 1297 1286 δὲ
1326 1243 1425 1293 νέας
1455 1245 1712 1298 παρείχοντο
1746 1247 1981 1301 διηκοσίας.
2040 1240 2160 1289 οὗτοι
2180 1247 2224 1290 δὲ
2256 1245 2371 1302 εἶχον

1104 1312 1198 1365 περὶ
1228 1312 1307 1366 μὲν
1336 1314 1434 1367 τῇσι
1464 1316 1678 1369 κεφαλῇσι
1710 1312 1871 1367 κράνεα
1887 1312 2090 1368 χηλευτά,
2123 1313 2305 1365 ἀσπίδας
2324 1315 2369 1357 δὲ

1104 1381 1273 1431 κοίλας,
1320 1376 1395 1429 τὰς
1432 1379 1526 1430 ἴτυς
1567 1381 1752 1436 μεγάλας
1783 1380 1985 1437 ἐχούσας,
2026 1383 2100 1425 καὶ
2131 1382 2294 1436 δόρατά
2325 1399 2368 1425 τε

1074 1444 1318 1501 3ναύμαχα,
1350 1448 1423 1491 καὶ
1452 1448 1614 1499 τύκους
1644 1448 1870 1505 μεγάλους.
1927 1450 1976 1493 τὸ
2016 1450 2061 1494 δὲ
2092 1454 2260 1506 πλῆθος
2293 1450 2368 1493 αὐ-
2381 1460 2424 1493 60

1104 1518 1190 1556 τῶν
1219 1518 1534 1572 θωρηκοφόροι
1563 1512 1698 1572 ἦσαν,
1728 1518 1940 1573 μαχαίρας
1962 1518 2006 1561 δὲ
2026 1518 2211 1574 μεγάλας
2241 1517 2369 1575 εἶχον.

1100 1798 1250 1855 κράνεα
1284 1804 1478 1855 χηλευτά]
1535 1807 1578 1842 In
1623 1820 1701 1844 uno

1045 1860 1129 1899 cod.
1172 1868 1292 1897 exstat
1339 1859 1483 1901 πλεκτά
1521 1860 1701 1912 χηλευτά.

1045 1917 1254 1954 Conferunt
1285 1919 1484 1956 Pollucem
1515 1921 1596 1967 VII,
1635 1923 1700 1969 83,

1045 1976 1109 2025 qui
1132 1988 1179 2010 ex
1200 1972 1238 2011 h.
1260 1975 1285 2012 l.
1307 1976 1425 2012 citans
1452 1974 1619 2026 χηλευτά
1640 1979 1703 2013 in-

1041 2038 1266 2081 terpretatur
1296 2029 1343 2070 τά
1373 2028 1541 2071 πλεκτάε
1601 2034 1703 2085 quod

1042 2088 1167 2137 ipsum
1199 2089 1415 2126 invenimus
1444 2090 1525 2136 VII,
1543 2093 1594 2130 79
1617 2093 1702 2128 coll.

1043 2146 1093 2183 63
1118 2145 1245 2196 ibique
1256 2153 1351 2183 nott.
1400 2147 1478 2183 Nec
1501 2147 1607 2183 aliter
1623 2150 1704 2184 He-

1040 2199 1190 2251 sychius
1210 2203 1245 2237 H
1265 2216 1302 2252 p.
1325 2205 1405 2243 338
1428 2204 1590 2253 explicat
1611 2208 1703 2243 πλε-

1040 2254 1113 2294 κτά
1142 2257 1184 2296 ἐκ
1207 2259 1366 2308 σχοίνου
1398 2255 1426 2309 ἢ
1460 2258 1578 2310 ἄλλης
1600 2259 1702 2308 τινὸς

1038 2309 1137 2363 ’ὕλης
1175 2311 1348 2364 μαλάκια
1376 2316 1593 2354 Herodotus
1627 2320 1701 2368 igi-

1039 2377 1101 2406 tur
1130 2373 1262 2421 procul
1283 2372 1397 2409 dubio
1418 2374 1605 2411 intellexit
1620 2376 1701 2425 ple-

1037 2440 1106 2463 ,Τίτε
1127 2429 1252 2477 galeas
1265 2443 1294 2469 s.
1308 2431 1453 2477 flexiles,
1475 2432 1609 2479 sutiles,
1629 2431 1701 2469 do-

1037 2490 1146 2520 cente
1167 2486 1215 2521 H.
1238 2485 1434 2536 Stephano
1454 2488 1493 2523 in
1515 2488 1632 2527 Thes.
1655 2491 1698 2528 L.

1038 2541 1103 2577 Gr.
1125 2542 1175 2577 lv
1196 2542 1326 2592 p.5t5
1351 2544 1699 2595 [T.VHp.10596

1036 2610 1113 2648 seq.
1138 2597 1197 2634 ed.
1219 2600 1376 2650 Valpy].

1091 2652 1159 2692 καὶ
1187 2651 1333 2702 τύκους
1367 2653 1589 2709 μεγάλους]
1625 2660 1700 2696 Pro

1036 2707 1191 2758 τύκους,
1223 2712 1326 2764 quod
1358 2713 1521 2751 afferunt
1541 2716 1700 2751 Floren-

1035 2768 1134 2804 tinus
1157 2767 1310 2821 duoque
1331 2772 1502 2819 Parisini,
1523 2773 1561 2808 in
1574 2772 1699 2809 Medi-

1035 2837 1102 2859 ceo
1136 2832 1172 2860 et
1206 2826 1396 2864 Saucrosti
1417 2829 1511 2865 libro
1543 2826 1697 2879 τύχους,

1035 2880 1073 2915 iu
1104 2880 1244 2918 Aldina
1281 2898 1322 2919 ac
1354 2884 1500 2922 duobus
1521 2886 1600 2922 aliis
1621 2888 1698 2923 Pa-

1034 2936 1113 2973 riss.
1136 2938 1247 2975 codd.
1267 2938 1408 2989 τύχους
1430 2941 1496 2989 (in
1518 2955 1595 2978 uno
1616 2944 1699 2982 τοί-

1034 2994 1155 3043 χους)
1196 2993 1287 3045 ὅρυξ
1320 2995 1549 3043 λιθοξοϊκὸν
1583 2998 1698 3051 ἔργα·

1034 3052 1140 3088 λεῖον
1162 3065 1268 3102 μεγ.;
1291 3066 1406 3103 quam
1422 3055 1694 3103 glossambene

1036 3105 1239 3143 delendam
1261 3111 1405 3145 notavit
1434 3112 1624 3148 Cmnerar.
1646 3112 1694 3148 ad

1034 3163 1225 3200 Aristotel.
1260 3164 1347 3203 Eth.
1372 3167 1433 3212 w,
1460 3170 1509 3205 12
1539 3181 1575 3216 p.
1600 3168 1693 3207 304.

1034 3220 1158 3269 [psam
1190 3234 1324 3258 vocem
1356 3223 1471 3272 vulgo
1504 3225 1693 3273 explicant

1033 3277 1227 3325 bipennem,
1259 3281 1403 3316 securim
1426 3293 1587 3330 eamque
1608 3293 1693 3316 ma-

1033 3346 1162 3381 gnam.
1232 3337 1331 3371 Nos:
1380 3335 1572 3372 Strez'tast.
1636 3338 1691 3373 Ab

1032 3389 1220 3441 llesycliio
1232 3394 1435 3442 exponitur
1446 3390 1567 3444 σφήν,
1590 3394 1693 3444 quod

1032 3459 1099 3483 nos
1121 3461 1300 3486 vocamus
1323 3450 1418 3487 A'ez'l.
1439 3472 1493 3476 —
1524 3452 1566 3485 ln
1586 3464 1692 3502 seqq.

1031 3498 1163 3543 αὐτῶν
1174 3504 1261 3541 dedi
1282 3520 1348 3556 pro
1368 3502 1521 3545 αὐτέων
1543 3502 1693 3556 είῆσαν

1032 3572 1099 3607 pro
1137 3560 1244 3600 ἕσαν.

1088 3615 1355 3666 ἐσταλάδατο]
1389 3619 1452 3656 Sic
1482 3618 1556 3656 duo
1579 3618 1689 3656 codd.

974 1580 1039 1624 90
1100 1577 1225 1626 οὗτοι
1254 1583 1333 1637 μὲν
1356 1584 1471 1628 οὕτω
1494 1585 1772 1629 ἐσταλάδατο.
1834 1586 2024 1643 Κύπριοι
2042 1587 2086 1631 δὲ
2107 1589 2367 1643 παρείχοντο

773 1644 811 1677 (1)
824 1643 888 1678 prii.
916 1644 1028 1671 Eorum

772 1678 876 1712 plnres
898 1678 1001 1712 populi

771 1711 882 1744 singuli
895 1713 974 1738 und(¹
988 1712 1043 1746 (35-

771 1753 856 1779 prum
878 1745 1015 1773 venerint

1759 1814 1873 1858 atque
1894 1804 2066 1843 Eustath.
2088 1806 2135 1844 ad
2156 1807 2199 1845 ll.
2220 1819 2307 1858 pag.
2328 1806 2421 1855 234,

1762 1865 1812 1903 14
1834 1878 1863 1901 s.
1888 1866 1977 1911 177,
2000 1866 2067 1903 28.
2125 1866 2170 1900 111
2199 1865 2422 1901 Florentino

1761 1927 1881 1957 exstat
1903 1917 2148 1968 ἐστελάδατο,
2169 1922 2297 1957 inuno
2314 1922 2423 1956 Pari-

1760 1978 1842 2013 sino
1876 1973 2126 2024 ἐσκευάδατο,
2161 1977 2265 2029 quod
2285 1979 2422 2014 Portus

1760 2034 1892 2084 reponi
1907 2035 2039 2070 voluit.
2061 2033 2247 2071 Vale-ken.
2269 2034 2421 2070 refinxit

1761 2089 2009 2138 ἐστολίδατο,
2046 2089 2085 2126 id
2117 2098 2171 2127 est
2200 2088 2422 2141 ἐστολισμέ-

1760 2161 1824 2186 νοι
1848 2141 1952 2198 ἦσαν
1981 2147 2042 2184 vel
2080 2146 2173 2186 ἕσαν
2194 2146 2420 2198 ἐσταλμένοι

1761 2204 1849 2251 (sic)
1862 2217 1882 2240 a
1893 2204 2009 2241 verbo
2024 2204 2223 2251 στολίζειν.
2236 2202 2420 2254 Schwgh.

1756 2261 1867 2297 lectio
1917 2258 2153 2301 ἐσταλάδατο
2205 2274 2225 2297 e
2275 2260 2421 2298 duabus

1758 2318 1949 2368 scripturis
1970 2325 2051 2354 orta
2062 2317 2283 2355 videbatur:
2307 2313 2420 2357 ἐστά-

1758 2376 1851 2413 λατο
1889 2382 1925 2412 et
1965 2371 2202 2414 ἐσκευάδατο
2222 2404 2230 2422 ,
2283 2374 2377 2411 illud
2399 2387 2419 2410 a

1757 2432 1873 2467 verbo
1916 2429 2107 2478 στέλλειν,
2149 2431 2221 2468 hoc
2251 2445 2271 2467 a
2303 2432 2419 2468 verbo

1758 2484 1970 2534 σκευάζειν.
2020 2488 2119 2533 Quid
2140 2489 2299 2525 voluerit
2319 2489 2419 2524 Mat-

1757 2543 1879 2591 thiae,
1901 2546 1980 2595 ipse
2001 2546 2066 2581 vix
2087 2551 2326 2595 compertum
2347 2543 2419 2580 ha-

1758 2602 1881 2637 buisse
1920 2601 2092 2649 videtur,
2134 2603 2163 2638 si
2195 2600 2351 2653 quidem
2378 2602 2419 2637 in

1757 2659 1931 2695 Gramm.
1954 2660 2019 2695 Gr.
2041 2658 2170 2704 §.204
2192 2672 2229 2709 p.
2243 2660 2336 2705 377,
2353 2659 2419 2694 ubi

1758 2714 1804 2751 de
1826 2716 1868 2751 iis
1889 2717 2020 2752 tertiae
2048 2728 2232 2766 personae
2263 2716 2419 2765 pluralis

1755 2773 2218 2823 plusquamperfectorum
2274 2772 2416 2819 formis,

1757 2830 1886 2880 quales
1927 2830 2120 2879 attigimus
2156 2828 2204 2865 ad
2235 2828 2315 2875 VII,
2351 2830 2417 2877 62,

1756 2885 1932 2936 disputat,
1956 2900 2004 2923 ex
2024 2885 2061 2925 h.
2085 2887 2110 2924 l.
2138 2893 2174 2922 et
2195 2899 2243 2921 ex
2262 2883 2422 2926 Hesiod,·

1756 2943 1863 2983 scut.
1907 2945 1988 2983 288
2028 2942 2137 2979 affert
2158 2937 2365 2989 ἐστάλατο,
2395 2954 2416 2977 a

1754 3000 1870 3036 verbo
1894 2998 2062 3038 στέλλειν
2081 3012 2148 3049 pro
2166 2993 2270 3049 ἦσαν
2283 2998 2416 3037 ἐσταλ-

1755 3054 1886 3104 μένοι,
1924 3057 2054 3105 paucis
2085 3068 2174 3092 vero
2204 3055 2414 3091 ¹interiectis

1751 3110 1854 3147 idem
1886 3111 1993 3147 affert
2022 3111 2242 3151 ἐστολίδατο
2271 3110 2343 3146 hoc
2365 3122 2413 3145 ex

1751 3169 1834 3204 loco
1849 3167 2042 3215 Herodoti,
2066 3166 2326 3204 Valckenaerti
2342 3164 2412 3202 ad-

1750 3226 1987 3261 notationem
2017 3225 2160 3260 consuli
2182 3224 2328 3259 iubens.
2366 3224 2410 3258 In

1751 3281 1831 3330 ipso
1871 3280 2057 3317 Herodoti
2089 3287 2196 3317 textu
2227 3281 2412 3316 intactum

1751 3339 1900 3389 reliquit
1923 3333 2172 3384 ἐσταλάδατο,
2196 3335 2298 3388 quod
2313 3335 2413 3372 idem

1750 3396 1921 3431 stcerunt
1938 3396 2071 3445 reliqui
2094 3393 2266 3440 editores,
2289 3391 2413 3444 quod-

1750 3464 1825 3502 que
1857 3450 2168 3501 Scllweigliaeus.
2204 3452 2244 3486 in
2281 3449 2412 3486 Lexic.

1750 3508 1892 3544 Herod.
1915 3509 2038 3544 retulit
2060 3507 2107 3543 ad
2125 3508 2283 3545 verbum
2305 3503 2412 3543 στέλ-

1750 3568 1854 3612 λειν,
1883 3578 1903 3600 a
1934 3572 2150 3616 (luctamen
2170 3565 2233 3614 qui
2256 3560 2406 3597 formari

1748 3623 1911 3671 potuerit
1933 3617 2170 3662 ἑσταλάδατο
2187 3633 2253 3669 pro
2276 3617 2404 3654 ἐσταλ-
