1815 3181
246 263 314 307 64
371 258 660 311 Κυνοσαργεὶ.

375 151 459 190 108

775 147 1236 184 HERODOTI

720 253 844 298 Μετὰ
875 254 941 304 δὲ,
973 256 1309 310 Λακεδαιμόνιοι
1340 257 1450 312 μέζω
1480 255 1637 299 στόλον

41 337 158 366 Felicio
142 337 318 365 oralterius
375 327 640 374 στείλαντες,
676 321 934 377 ἀπέπεμψαν
962 321 1031 366 ἐπὶ
1059 324 1137 374 τοὶς
1158 323 1366 379 Ἀθήνας,
1397 325 1638 380 στρατηγὸν

376 397 450 449 τῆς
489 395 691 446 στρατιῆς
731 389 1017 444 ἀποδέξαντες
1067 393 1245 447 βασιλέα
1282 391 1526 448 Κλεομένεα
1562 390 1640 435 τόν

369 460 738 512 Ἀναξανδρίδεω,
782 457 929 502 οὐκέτι
965 459 1074 502 κατὰ
1111 459 1342 503 θάλασσαν
1384 461 1699 512 στείλαντες,90

347 526 490 571 Ξᾶλλὰ
520 524 616 570 κατ’
648 526 844 582 ἤπειρον.
878 531 990 570 τοῖσι
1030 527 1075 570 δὲ
1105 528 1337 582 ἐσβαλοῦσι
1375 527 1417 578 ἐς
1445 526 1526 582 τήν
1552 524 1639 569 Ἀτ-

371 594 496 651 τικὴν
523 593 671 651 χώρην
699 593 726 650 ἡ
756 598 845 638 τῶν
877 599 1111 638 Θεσσαλῶν
1140 597 1269 646 ἵππος
1305 594 1454 650 πρώτη
1485 594 1639 648 προσέ-

373 665 488 719 μιξε,
520 663 592 706 καὶ
623 661 680 706 ου’
709 662 815 717 μετὰ
843 663 957 706 πολὺ
988 660 1216 718 ἐτράπετο·
1255 665 1328 706 καί
1363 674 1511 717 σφεων
1549 661 1638 704 ἔπε-

374 745 455 775 σον
485 731 594 783 ὑπὲρ
616 729 931 784 τεσσεράκοντα
962 730 1148 785 ἄνδρας,
1181 733 1225 774 οἱ
1245 730 1290 773 δὲ
1315 729 1642 785 περιγενόμενοι

43 372 122 399 duce
135 371 301 399 Cleomene

44 409 217 442 susceptae.

345 797 708 842 Βᾶπαλλοὲσσοντο
741 798 800 850 οἷς
827 797 945 854 εἶχον
974 798 1075 851 ἰθύς
1106 799 1172 842 ἐπὶ
1205 800 1449 854 Θεσσαλίης.

1511 800 1638 840 Κλεο-
1652 803 1698 838 95

375 868 508 924 μένης
547 867 593 910 δὲ
627 866 891 922 α’πικόμενος
942 868 984 918 ἐς
1021 867 1070 910 τὸ
1113 866 1222 909 ἄστυ
1273 865 1362 921 ἅμα
1399 866 1641 920 Ἀθηναίων

374 940 490 979 τοῖσι
534 935 844 991 βουλομένοισι
894 932 1006 978 εἶναι
1052 935 1343 988 ἐλευθέροισι,
1391 931 1642 987 ἐπολιόρκεε
1703 924 1784 967 403

848 1001 1146 1060 ἀπεργμένους
1186 1003 1233 1046 ἐν
1278 1005 1340 1061 τῷ
1382 1003 1639 1060 Πελασγικῷ

376 1004 484 1056 τούς
523 1001 771 1058 τυράννους
780 1038 792 1055 ‚

316 1179 407 1215 situs
419 1184 455 1213 et
469 1176 622 1213 Herculi
642 1183 892 1224 consecratus,
909 1190 980 1213 cu-

316 1236 373 1271 ius
392 1235 582 1284 templum
600 1235 649 1269 in-
661 1241 792 1270 monte
803 1232 980 1270 Anches-

315 1304 404 1338 mo,
442 1291 509 1326 ubi
535 1303 638 1326 nunc
672 1291 804 1327 Sancti
825 1291 980 1340 Georgii

317 1347 429 1385 aedes
460 1348 709 1397 conspicitur3
753 1348 815 1383 cui
833 1348 979 1384 vicinus

317 1405 614 1454 Alopecensium
635 1402 769 1440 demus
797 1403 979 1440 undecim

313 1461 524 1499 stadiorum
561 1461 758 1497 intervallo
812 1461 859 1497 ab
892 1461 980 1510 ipsis

317 1516 478 1554 Athenis
499 1516 651 1554 distans.
710 1516 768 1569 Cf„
797 1518 895 1553 infra
915 1518 978 1565 VI,

322 1577 400 1614 116
421 1581 458 1610 et
481 1575 602 1610 Kruse
622 1574 749 1610 Hellas
769 1574 817 1620 ΙΙ,
843 1579 862 1614 1
886 1586 974 1624 pag.

320 1633 397 1671 129
433 1643 511 1682 seq.
568 1629 631 1666 Ad
659 1629 830 1667 dativum
860 1625 979 1669 Ἀλω-

316 1689 421 1742 πεκῇ
425 1699 462 1726 σι
482 1687 583 1724 conf.
604 1688 716 1723 citata
746 1686 795 1723 ad
813 1687 860 1734 V,
882 1688 950 1728 59.

530 1777 622 1827 Cap.
639 1776 776 1814 LXJV.

374 1850 640 1904 οἷποδὲξαντες
675 1853 864 1907 βασιλέα]
923 1857 980 1892 Ita

317 1910 405 1949 dedi
434 1926 502 1963 pro
535 1914 717 1964 βασιλῆα.
776 1914 834 1949 De
862 1913 978 1949 verbo

319 1964 609 2008 ἀποδεικνύναι
648 1971 687 2006 in
723 1970 860 2006 talibus
899 1967 977 2005 vid.

317 2032 415 2062 nott.
444 2025 492 2062 ad
511 2027 556 2073 V,
578 2024 645 2066 25.
712 2027 807 2063 Mox
828 2027 980 2076 reposui

318 2083 555 2129 Θεσσαλῶν,
586 2082 691 2132 quod
720 2096 810 2120 cum
830 2081 979 2119 duobus

317 2137 430 2176 codd.
451 2139 623 2189 praebuit
650 2140 889 2176 Florentinus
910 2150 979 2188 pro

321 2193 561 2234 Θεσσαλέων.
646 2195 758 2233 Conf.
796 2193 979 2232 Matthiae

317 2252 384 2289 Gr.
417 2252 483 2288 Gr.
512 2264 599 2302 pag.
624 2253 715 2294 150.
746 2275 796 2279 —
829 2253 886 2288 De
906 2264 979 2287 usu

318 2309 423 2345 verbi
434 2305 726 2359 προσμιγνύναι
738 2307 914 2344 vianott.
929 2306 978 2343 ad

318 2365 380 2412 IV,
403 2364 456 2406 46
479 2372 515 2402 et
535 2364 583 2401 ad
595 2366 709 2402 verba
730 2362 832 2415 ὑπὲρ
852 2376 977 2402 τεσσε-

319 2418 495 2472 ράκοντα
516 2419 663 2472 ἄνδρας
683 2420 817 2458 Matth.
835 2422 899 2457 Gr.
910 2421 975 2457 Gr.

320 2480 357 2524 §.
381 2479 463 2520 582
484 2479 518 2515 b.
541 2479 626 2516 coll.
648 2480 684 2523 ξ.
706 2480 799 2519 298.
831 2499 886 2505 --
915 2476 976 2513 Ad

320 2537 556 2572 locutionem
572 2534 625 2583 ὥς
645 2532 744 2586 εἶχεν
776 2535 876 2570 cons.
898 2536 978 2570 He—

320 2593 401 2630 rod.
421 2596 450 2642 1,
473 2593 539 2635 24.

379 2647 496 2696 ἰθύς
521 2649 582 2689 ἐπὶ
600 2647 834 2698 Θεσσαλίης]
859 2648 978 2682 Prae-

321 2706 434 2743 ferret
454 2702 784 2756 wesseling-1391),
805 2704 875 2740 nisi
897 2704 977 2739 aliis

321 2777 474 2817 quoque
516 2765 607 2801 locis
650 2764 785 2800 Noster
824 2760 977 2798 dixisset

1038 1173 1145 1225 ἰθύς,
1167 1184 1210 1213 ut
1220 1178 1249 1223 Ι,
1268 1178 1358 1216 207.
1390 1176 1500 1213 conf.
1514 1177 1629 1211 Hom.
1642 1175 1686 1213 ΙΙ,

1036 1235 1140 1281 ΧΙΠ,
1167 1236 1262 1274 601.
1302 1234 1360 1269 De
1378 1234 1460 1283 ipsa
1480 1239 1603 1281 strage
1623 1230 1696 1268 hac

1037 1289 1310 1327 Thessalorum
1356 1291 1530 1340 equitum
1567 1288 1697 1324 confer

1035 1345 1228 1397 Aristoph.
1249 1347 1392 1397 Lysistr
1411 1344 1516 1386 1154
1529 1352 1566 1381 et
1574 1346 1697 1381 Fron-

1034 1405 1105 1441 tini
1127 1404 1317 1453 Strategg.
1337 1404 1386 1451 II,
1402 1405 1428 1442 2
1449 1403 1485 1448 ξ.
1499 1404 1538 1442 9.

1093 1475 1189 1506 τους
1229 1474 1464 1511 τυραννους,
1501 1453 1696 1509 ἀπεργμέ-

1037 1517 1190 1564 νους]“
1180 1530 1206 1552 ι.
1227 1530 1260 1553 e.
1283 1515 1538 1553 Ριηζςίταΐὶἀαε
1553 1517 1592 1552 in
1603 1527 1698 1551 muro

1038 1573 1224 1622 Pelasgico
1251 1573 1415 1610 inclusos.
1472 1570 1535 1608 Ad
1574 1566 1698 1621 οἷπερ-

1036 1629 1206 1684 γμένους
1253 1628 1353 1666 conf.
1396 1629 1440 1675 V,
1459 1631 1526 1669 63.
1558 1630 1607 1674 Π,
1629 1629 1698 1668 99.

1040 1685 1132 1727 124-
1164 1685 1256 1726 148.
1289 1686 1352 1733 VI,
1384 1687 1452 1725 79.
1518 1685 1576 1720 De
1603 1696 1698 1720 voce

1035 1747 1160 1792 τεῖχος
1181 1742 1268 1789 (arx
1279 1770 1295 1787 ,
1321 1741 1526 1789 castellum)
1547 1741 1699 1777 monuit

1035 1799 1223 1842 Dodwell.
1252 1800 1292 1834 in
1321 1799 1489 1834 itinerar.
1508 1799 1539 1845 Ι,
1561 1801 1587 1838 2
1606 1809 1695 1847 pag.
1723 1815 1732 1826 ι

1039 1859 1117 1896 112
1138 1868 1234 1892 vers.
1256 1854 1448 1892 vernacul.
1466 1875 1524 1881 —
1560 1854 1618 1890 Ac
1637 1853 1698 1890 fe—

1035 1919 1171 1949 runtur
1192 1912 1397 1963 antiquitus
1417 1911 1533 1961 primi
1546 1910 1697 1960 Pelasgi

1036 1969 1230 2019 acropoliu
1273 1968 1476 2005 moenibus
1518 1967 1694 2014 cinxisse,

1037 2025 1260 2074 Pelasgicam
1308 2023 1398 2061 hinc
1439 2024 1695 2074 appellatam3

1034 2081 1103 2119 sed
1151 2083 1245 2118 murz·
1301 2080 1483 2128 Pelasgia·
1536 2080 1695 2116 nomine

1035 2137 1194 2188 posthac
1232 2138 1431 2173 innotuebe
1467 2148 1510 2172 ea
1543 2136 1695 2186 potissi-

1035 2208 1145 2230 mum
1171 2195 1433 2240 munimenta,
1472 2203 1569 2243 quae
1600 2192 1694 2228 arcis

1033 2251 1263 2300 Aci-opoleos
1311 2248 1457 2285 aditum
1491 2250 1695 2300 ipsumque

1034 2309 1230 2343 introitum
1270 2306 1496 2352 tuebantur,
1537 2318 1580 2342 ac
1609 2306 1694 2342 loca

1034 2362 1225 2414 quaedam
1237 2362 1414 2399 inferiora
1434 2362 1502 2399 sub
1523 2375 1608 2399 arce
1621 2374 1693 2412 po-

1032 2422 1101 2457 sita
1121 2419 1378 2456 includebant.
1437 2419 1580 2463 Quibus
1590 2418 1690 2455 bello

1033 2478 1184 2513 Persico
1195 2475 1343 2512 desum
1346 2477 1403 2522 tis,
1425 2474 1563 2512 eodem
1572 2475 1692 2511 ferme

1035 2535 1117 2570 loco
1140 2534 1302 2569 1)·οιίοΙοε
1322 2533 1534 2585 Propylaea
1551 2530 1691 2567 exstrui

1034 2591 1150 2627 iussit.
1191 2588 1415 2626 xid.K1use
1443 2590 1467 2625 l.
1488 2589 1513 2626 l.
1532 2588 1579 2634 ΙΙ,
1605 2589 1624 2626 1
1651 2599 1690 2637 p-
1729 2600 1743 2607 ³

1034 2648 1085 2686 78
1108 2647 1193 2683 coll.
1215 2645 1356 2683 llenod.
1376 2646 1439 2693 VI⁷
1465 2647 1555 2685 137.
1576 2640 1692 2679 Thu-

1034 2701 1119 2753 ‹zyd.
1141 2705 1187 2750 ΙΙ,
1212 2706 1275 2743 17.
1307 2703 1376 2740 Cr.
1406 2701 1567 2739 conferri
1586 2699 1688 2735 vult:

1034 2760 1202 2810 Gn'uing.
1224 2761 1320 2796 Anz.
1347 2760 1464 2799 1822.
1490 2770 1548 2794 ur.
1569 2754 1622 2796 47
1652 2768 1690 2806 p.
