1789 3213
444 131 922 169 POLYMNIA.
981 130 1088 171 V11.

1311 133 1394 173 689

105 238 459 295 4,,λαυνόμενος,
501 238 618 283 δέεαι
637 242 714 296 τῆς
741 242 949 296 ναυτικῆς
968 238 1129 321 ἄρχειν,
1161 237 1278 282 οὕτω
1309 239 1393 296 ἔχει

132 325 242 361 ,,τοι.
300 305 404 358 οὐδ’,
434 306 490 362 ἢν
522 305 545 350 ὁ
575 306 736 350 Λάκων
761 306 858 364 έπίη
885 324 954 351 τοι
984 305 1134 363 α’ρχειν
1164 305 1320 365 αὐτῆς,
1348 307 1394 364 ἡ-

133 380 253 431 ,,μεῖς
282 373 518 431 ἐπήσομεν·
549 374 731 431 ἡμετέρη
759 375 841 431 γάρ
872 376 962 419 ἐστι
992 375 1102 433 αὕτη
1132 392 1193 432 γε,
1223 374 1281 432 μὴ
1315 373 1393 419 αὐ·

106 451 151 496 5,
155 447 256 495 ,τῶν
304 442 584 499 βουλομένων
649 445 1020 499 Λακεδαιμονίων.
1078 443 1274 488 τούτοισι
1315 443 1450 499 μὲν75

0 513 33 564 ᾗ
104 519 127 553 6
138 527 229 564 ,,ων
248 509 451 567 ἡγέεσθαι
481 511 790 567 βουλομένοισι
821 511 902 555 οὐκ
937 509 1246 568 ἀντιτείνομεν,
1278 510 1393 570 ἄλλῳ

131 578 206 632 „6³0-
245 577 501 634 παρήσομεν
541 577 688 621 οὐδενὶ
727 580 994 635 ναυαρχέειν.
1052 579 1193 636 μάτην
1222 580 1306 636 γάρ
1338 580 1395 624 ἂν

131 649 244 699 „aide
287 646 485 702 πάραλον
516 644 744 702 Ελλήνων
788 647 977 702 στρατὸν
1011 653 1213 692 πλεῖστον
1248 650 1394 705 εἴημεν

129 714 394 771 ,,έκτημένοι,
425 716 462 758 εί
482 716 831 771 Συρηκουσίοισι
860 715 1004 767 ἐόντες
1029 715 1258 773 Ἀθηναῖοι
1288 729 1389 773 συγ·
1447 720 1529 764 580

129 782 411 840 ,,χωρη’σομεν
449 787 524 839 τῆς
554 782 799 839 ἡγεμονίης,
830 781 1118 840 ἀρχαιότατον
1160 784 1238 841 μὲν
1268 784 1452 837 ἔθνοςὸο

127 850 454 907 ,,παρεχόμενοι,
484 855 644 908 μοῦνοι
676 851 721 895 δὲ
752 849 894 903 ἐόντες
922 851 976 896 οὐ
1014 851 1278 908 μετανάσται
1301 850 1395 897 Ἐλ-

127 919 324 975 ,,λήνων·
375 924 463 963 τῶν
500 920 574 963 καὶ
590 919 791 976 ’Όμηρος
829 918 853 963 ὁ
885 920 1093 972 ἐποποιός
1123 920 1266 976 ἄνδρα
1297 920 1394 976 ἄρι-

127 998 260 1038 ,,στον
290 986 422 1044 ἔφησε
456 986 499 1038 ές
516 987 658 1031 Ἴλιον
688 986 942 1040 ἀπικέσθαι,
975 988 1098 1041 τάξαι
1125 1004 1170 1032 τε
1199 989 1273 1032 καὶ
1302 990 1392 1032 δια.

125 1058 367 1111 ,,κοσμῆσαι
412 1053 611 1109 στρατόν.
672 1054 787 1099 οὕτω
817 1053 898 1100 οὐκ
929 1055 1099 1108 ὄνειδος
1127 1054 1260 1100 οὐδὲν
1288 1056 1395 1113 ἡμῖν

68 1265 156 1301 scito
184 1276 256 1301 rem
284 1267 334 1301 sic
354 1277 424 1302 sese
443 1264 587 1312 habere,
615 1272 659 1302 ut
686 1266 728 1302 in

66 1320 234 1357 formula
264 1319 319 1367 οἷς
347 1317 452 1360 οὕτω
486 1317 653 1371 ἐχόντων
684 1335 728 1359 ac

67 1378 251 1414 similibus
271 1378 301 1426 I,
326 1380 418 1418 126.
440 1379 539 1427 VIII,
561 1378 654 1419 144.
673 1400 730 1406 —

65 1435 161 1472 Mox
171 1430 324 1474 τούτων
346 1433 433 1471 decli
453 1448 522 1486 pro
544 1433 729 1475 τουτέων.

64 1491 109 1528 In
121 1505 226 1544 seqq.
237 1491 353 1529 verba
362 1487 491 1543 μάτην
501 1489 575 1544 γᾶρ
587 1488 637 1530 ἂν
653 1486 731 1532 ὦδε

69 1544 253 1601 πάραλον
281 1563 318 1587 κ.
343 1563 375 1585 τ.
398 1551 432 1586 λ.
474 1549 583 1585 affert
617 1547 730 1586 Tho-

68 1618 151 1642 mas
180 1606 330 1655 Magist.
361 1617 449 1655 pag.
483 1608 564 1646 686
587 1603 728 1643 docens

67 1660 141 1700 dici
162 1669 198 1699 et
218 1658 398 1714 πάραλον
419 1668 456 1698 et
475 1657 688 1714 παράλιον.

123 1730 159 1770 εἰ
170 1728 483 1781 Συρηκουσίοισι
504 1727 633 1776 ἐόντες
652 1726 723 1768 'A-

65 1791 235 1838 θηναῖοι
253 1782 560 1839 συγχωρήσομεν
577 1788 650 1835 τῆς
673 1784 725 1836 ’ἡ-

65 1843 281 1896 γεμονίης]
322 1841 446 1880 Affert
479 1841 653 1880 Eustath.
675 1841 724 1879 ad

63 1901 107 1939 Il.
129 1914 168 1951 Ρ.
191 1900 287 1947 759,
309 1897 359 1938 41
384 1912 413 1935 s-
437 1902 530 1947 622,
553 1902 620 1941 39.
665 1901 724 1935 De

64 1963 253 1994 structura
271 1956 478 2007 particulae
504 1956 540 1995 εἰ
559 1967 650 1993 cum
660 1955 725 1992 fu-

64 2020 151 2050 turo
182 2012 260 2050 vid.
290 2010 426 2049 Matth.
461 2014 525 2052 Gr.
550 2014 616 2050 Gr.
635 2026 725 2063 pag.

66 2072 187 2118 1019,
209 2070 275 2122 qui
286 2069 389 2106 idem
411 2081 497 2120 pag.
523 2072 628 2110 1020
641 2068 727 2115 (ad-

63 2128 250 2164 sentiente
296 2126 478 2164 VVerfero
526 2128 567 2162 in
622 2126 725 2164 Aott.

63 2182 173 2234 phill.
193 2185 368 2221 Monacc.
388 2185 405 2219 I
425 2197 464 2233 p.
486 2183 587 2233 235)
622 2183 721 2220 bene

63 2241 193 2277 reiecit
233 2236 566 2292 συγχωρήσωμεν,
616 2239 721 2292 quod

3 2315 11 2323 -
66 2297 159 2334 olim
179 2295 242 2333 hic
261 2297 470 2348 legebatur.
528 2298 587 2333 De
618 2304 721 2333 stru-

65 2361 172 2391 ctura
191 2351 303 2391 huius
322 2354 428 2390 verbi
449 2366 538 2390 cum
550 2355 719 2404 genitivo

63 2409 168 2448 idem
188 2410 404 2447 consulatur
423 2424 461 2460 p.
483 2413 577 2451 667.
608 2410 720 2456 Quod

65 2479 156 2506 vero
184 2465 388 2514 Valcken.‚
417 2467 562 2503 abiecta
583 2468 720 2504 vocula

66 2523 103 2564 εἰ
121 2537 164 2561 ac
185 2530 331 2560 retento
352 2524 594 2560 coniunctivo
625 2535 721 2576 συγ-

65 2577 322 2633 χωρήσωμεν,
343 2592 485 2616 novam
505 2578 566 2616 hic
605 2581 721 2631 incipi

58 2639 148 2676 vult
166 2636 367 2688 periodum
387 2637 543 2673 oratoris
561 2637 721 2674 animosi

69 2701 107 2731 et
134 2695 175 2731 iu
204 2695 275 2732 ista
304 2694 558 2744 erumpentis:
619 2691 721 2740 „Nos

69 2753 133 2802 qui
147 2764 263 2790 sumus
290 2751 527 2798 Athenienses,
560 2747 721 2799 Syracu-

124 2809 347 2846 HERODOT.
368 2808 435 2844 111.

786 1266 885 1302 sanis
901 1264 1092 1302 cederemus
1107 1267 1342 1316 principatu!
1354 1265 1377 1285 ‘⁶
1406 1263 1448 1303 icl

786 1323 947 1358 minime
992 1320 1144 1359 videtur
1179 1321 1449 1370 necessarium,

786 1379 891 1416 libris
913 1379 1136 1429 praesertim
1148 1377 1449 1417 adversantibus.

786 1435 850 1472 Ad
861 1436 977 1473 verba
989 1431 1117 1481 ἐόντες
1126 1430 1346 1486 Ἀθηναῖοι
1358 1448 1449 1472 cum

787 1493 825 1528 vi
857 1491 1026 1544 quadam
1071 1493 1316 1543 pronuntiata
1360 1499 1447 1543 apte

786 1547 972 1586 Valcken.
987 1554 1185 1598 comparat
1212 1547 1448 1586 Demosthe-

784 1618 858 1642 nea
876 1619 915 1656 Ρ.
937 1604 1004 1651 49,
1027 1607 1052 1646 8
1086 1605 1193 1656 [pag.
1215 1608 1282 1654 78,
1307 1608 1357 1646 13
1378 1606 1446 1654 Β]

783 1676 822 1713 p.
846 1665 939 1709 126,
962 1660 1015 1702 35
1039 1662 1156 1713 [pag.
1181 1663 1273 1711 197,
1299 1664 1348 1703 11
1371 1662 1444 1711 R.]

783 1720 820 1755 T
823 1717 966 1770 hucyd
990 1718 1052 1765 VI,
1074 1719 1140 1759 59.

838 1780 1096 1837 ἀρχαιότατον
1118 1799 1192 1836 μεν
1222 1782 1347 1832 ε’θνος
1368 1800 1445 1825 πα-

782 1857 823 1895 ρ
811 1838 987 1893 χόμενοι
1011 1857 1046 1881 κ.
1068 1856 1101 1880 τ.
1122 1839 1182 1891 λ.]
1222 1840 1309 1880 Vid.
1345 1849 1445 1880 nott.

782 1898 830 1935 ad
850 1900 879 1946 Ι,
902 1898 954 1940 56
978 1905 1015 1935 et
1043 1897 1131 1937 add.
1153 1896 1375 1948 Thucydid.
1395 1901 1444 1947 H,

785 1958 851 1996 36.
870 1929 1028 1992 ’Isocran
1049 1956 1241 2006 Panegyr.
1262 1955 1315 1992 IV
1336 1956 1372 2000 §.
1389 1955 1444 1997 25

783 2013 914 2064 ibique
945 2009 1094 2063 Spohn.
1126 2014 1162 2058 ξ.
1192 2012 1283 2049 XVI
1308 2013 1345 2057 §.
1376 2014 1442 2061 63,

784 2070 850 2106 ubi
870 2070 1001 2106 similis
1030 2069 1230 2110 sententia.
1271 2067 1334 2105 Ad
1354 2082 1444 2106 ver-

784 2126 878 2163 bum
899 2137 1135 2177 μετανασται
1159 2125 1260 2163 conf.
1274 2126 1443 2166 Pausan

783 2183 911 2230 V11‚1
938 2184 976 2229 ὗ.
997 2185 1021 2222 3
1033 2183 1176 2250 ibique
1198 2182 1372 2221 Siebelis.

835 2235 855 2279 ὅ
875 2236 1095 2288 ἐποποιός]
1137 2240 1248 2277 Idem
1267 2239 1439 2277 vocabu-

777 2296 860 2333 lum
878 2297 1029 2344 11‚120
1050 2297 1136 2333 coll.
1152 2299 1243 2344 116,
1280 2294 1438 2333 ubivid.

776 2353 899 2403 plura.
966 2353 1180 2403 Respicitur
1212 2360 1342 2389 autem
1374 2350 1437 2389 hic

776 2409 902 2447 Iliadis
921 2409 1027 2446 locus
1048 2410 1096 2457 ΙΙ,
1119 2408 1215 2450 554.
1230 2431 1287 2437 —
1304 2411 1348 2445 In
1361 2408 1438 2445 fine

779 2480 862 2518 cap.
895 2480 985 2504 cum
1005 2464 1227 2516 Schweigh.
1253 2473 1289 2503 et
1319 2465 1435 2502 Gaisf.

779 2523 868 2560 dedi
906 2518 1025 2563 ου’ὂὲν
1064 2520 1163 2572 ’ἡμῖν
1205 2521 1308 2569 ἐστὶ,
1371 2521 1437 2557 ubi

778 2581 895 2631 vulgo
916 2577 1014 2631 ἡμῖν
1033 2577 1113 2617 ἐστι
1133 2572 1265 2617 ου’δὲν.
1319 2578 1436 2614 Uncis

778 2644 908 2674 autem
938 2642 980 2672 ut
1012 2635 1139 2685 spuria
1158 2635 1311 2670 inclusit
1334 2635 1436 2670 Mat-

777 2692 878 2730 thiae
915 2691 1030 2729 verba
1057 2693 1138 2729 τῶν
1165 2689 1234 2729 καὶ
1249 2686 1435 2742 ”Ὀμηρος

777 2765 813 2788 κ.
849 2765 882 2788 τ.
916 2750 951 2787 λ.
982 2759 1102 2799 usque
1136 2745 1185 2783 ad
1216 2746 1435 2799 διακοσμῆ-
