<?xml version="1.0" encoding="UTF-8"?>
<!DOCTYPE html PUBLIC "-//W3C//DTD XHTML 1.0 Transitional//EN"
    "http://www.w3.org/TR/xhtml1/DTD/xhtml1-transitional.dtd">
<html xmlns="http://www.w3.org/1999/xhtml" xml:lang="en" lang="en">
 <head>
  <title>
</title>
<meta http-equiv="Content-Type" content="text/html;charset=utf-8" />
  <meta name='ocr-system' content='tesseract 3.04.00' />
  <meta name='ocr-capabilities' content='ocr_page ocr_carea ocr_par ocr_line ocrx_word'/>
</head>
<body>
  <div class='ocr_page' id='page_1' title='image "./musaeherodoto03hero_0409.png"; bbox 0 0 1834 3258; ppageno 0'>
   <div class='ocr_carea' id='block_1_1' title="bbox 0 539 62 587">
    <p class='ocr_par' dir='ltr' id='par_1_1' title="bbox 0 539 62 587">
     <span class='ocr_line' id='line_1_1' title="bbox 0 539 62 587; baseline 0 0"><span class='ocrx_word' id='word_1_1' title='bbox 0 539 62 587; x_wconf 83' lang='lat'><strong><em>25</em></strong></span> 
     </span>
    </p>
   </div>
   <div class='ocr_carea' id='block_1_2' title="bbox 543 230 978 269">
    <p class='ocr_par' dir='ltr' id='par_1_2' title="bbox 543 230 978 269">
     <span class='ocr_line' id='line_1_2' title="bbox 543 230 978 269; baseline 0.002 -1"><span class='ocrx_word' id='word_1_2' title='bbox 543 230 846 269; x_wconf 86' lang='lat' dir='ltr'><strong>ERATO.</strong></span> <span class='ocrx_word' id='word_1_3' title='bbox 904 232 978 269; x_wconf 85' lang='lat' dir='ltr'><strong><em>VI.</em></strong></span> 
     </span>
    </p>
   </div>
   <div class='ocr_carea' id='block_1_3' title="bbox 328 338 339 354">
    <p class='ocr_par' dir='ltr' id='par_1_3' title="bbox 328 338 339 354">
     <span class='ocr_line' id='line_1_3' title="bbox 328 338 339 354; baseline 0 0"><span class='ocrx_word' id='word_1_4' title='bbox 328 338 339 354; x_wconf 77' lang='lat'><em>2</em></span> 
     </span>
    </p>
   </div>
   <div class='ocr_carea' id='block_1_4' title="bbox 1310 232 1394 273">
    <p class='ocr_par' dir='ltr' id='par_1_4' title="bbox 1310 232 1394 273">
     <span class='ocr_line' id='line_1_4' title="bbox 1310 232 1394 273; baseline 0.012 -1"><span class='ocrx_word' id='word_1_5' title='bbox 1310 232 1394 273; x_wconf 80' lang='lat'><strong><em>399</em></strong></span> 
     </span>
    </p>
   </div>
   <div class='ocr_carea' id='block_1_5' title="bbox 125 338 1420 396">
    <p class='ocr_par' dir='ltr' id='par_1_5' title="bbox 125 338 1420 396">
     <span class='ocr_line' id='line_1_5' title="bbox 187 338 1357 366; baseline 0.001 -11"><span class='ocrx_word' id='word_1_6' title='bbox 187 344 206 355; x_wconf 80' lang='grc' dir='ltr'><strong><em>ιιι</em></strong></span> <span class='ocrx_word' id='word_1_7' title='bbox 411 340 433 356; x_wconf 72' lang='grc'><strong><em>71</em></strong></span> <span class='ocrx_word' id='word_1_8' title='bbox 534 338 556 353; x_wconf 67' lang='grc' dir='ltr'><strong><em>,Ι</em></strong></span> <span class='ocrx_word' id='word_1_9' title='bbox 721 340 734 356; x_wconf 75' lang='grc'><strong>7</strong></span> <span class='ocrx_word' id='word_1_10' title='bbox 789 343 808 353; x_wconf 67' lang='lat' dir='ltr'><em>u</em></span> <span class='ocrx_word' id='word_1_11' title='bbox 880 339 893 355; x_wconf 66' lang='lat'>3</span> <span class='ocrx_word' id='word_1_12' title='bbox 933 340 942 354; x_wconf 76' lang='grc'><strong><em>1</em></strong></span> <span class='ocrx_word' id='word_1_13' title='bbox 1116 339 1127 354; x_wconf 75' lang='grc' dir='ltr'><strong><em>Ι</em></strong></span> <span class='ocrx_word' id='word_1_14' title='bbox 1171 352 1183 366; x_wconf 59' lang='lat'><strong>.</strong></span> <span class='ocrx_word' id='word_1_15' title='bbox 1236 339 1258 355; x_wconf 66' lang='lat' dir='ltr'>ss</span> <span class='ocrx_word' id='word_1_16' title='bbox 1349 342 1357 356; x_wconf 68' lang='grc' dir='ltr'><strong><em>ν</em></strong></span> 
     </span>
     <span class='ocr_line' id='line_1_6' title="bbox 125 343 1420 396; baseline -0.003 -8"><span class='ocrx_word' id='word_1_17' title='bbox 125 357 254 388; x_wconf 88' lang='grc' dir='ltr'><strong><em>τουτο</em></strong></span> <span class='ocrx_word' id='word_1_18' title='bbox 284 355 368 384; x_wconf 87' lang='grc' dir='ltr'><strong><em>ουκ</em></strong></span> <span class='ocrx_word' id='word_1_19' title='bbox 409 349 499 384; x_wconf 89' lang='grc' dir='ltr'><strong><em>εστι</em></strong></span> <span class='ocrx_word' id='word_1_20' title='bbox 527 343 667 392; x_wconf 90' lang='grc' dir='ltr'><strong><em>αλλως</em></strong></span> <span class='ocrx_word' id='word_1_21' title='bbox 696 355 844 391; x_wconf 86' lang='grc' dir='ltr'><strong><em>ειπειν,</em></strong></span> <span class='ocrx_word' id='word_1_22' title='bbox 876 357 1043 396; x_wconf 80' lang='grc' dir='ltr'><strong><em>εγενετο</em></strong></span> <span class='ocrx_word' id='word_1_23' title='bbox 1072 356 1156 396; x_wconf 83' lang='grc' dir='ltr'><strong><em>γαρ</em></strong></span> <span class='ocrx_word' id='word_1_24' title='bbox 1232 358 1280 392; x_wconf 90' lang='grc' dir='ltr'><strong><em>ος</em></strong></span> <span class='ocrx_word' id='word_1_25' title='bbox 1310 349 1420 396; x_wconf 88' lang='grc' dir='ltr'><strong><em>μεν5</em></strong></span> 
     </span>
    </p>
   </div>
   <div class='ocr_carea' id='block_1_6' title="bbox 338 406 351 422">
    <p class='ocr_par' dir='ltr' id='par_1_6' title="bbox 338 406 351 422">
     <span class='ocr_line' id='line_1_7' title="bbox 338 406 351 422; baseline 0 0"><span class='ocrx_word' id='word_1_26' title='bbox 338 406 351 422; x_wconf 69' lang='grc' dir='ltr'><strong><em>θ</em></strong></span> 
     </span>
    </p>
   </div>
   <div class='ocr_carea' id='block_1_7' title="bbox 125 403 1391 465">
    <p class='ocr_par' dir='ltr' id='par_1_7' title="bbox 125 403 1391 465">
     <span class='ocr_line' id='line_1_8' title="bbox 125 403 1391 465; baseline -0.002 -10"><span class='ocrx_word' id='word_1_27' title='bbox 125 428 193 455; x_wconf 87' lang='grc' dir='ltr'><strong><em>τοι</em></strong></span> <span class='ocrx_word' id='word_1_28' title='bbox 229 403 287 465; x_wconf 75' lang='grc' dir='ltr'><strong><em>ἦν</em></strong></span> <span class='ocrx_word' id='word_1_29' title='bbox 325 426 349 452; x_wconf 94' lang='grc' dir='ltr'><strong><em>ο</em></strong></span> <span class='ocrx_word' id='word_1_30' title='bbox 395 406 629 464; x_wconf 82' lang='grc' dir='ltr'><strong><em>ἀναδέξας,</em></strong></span> <span class='ocrx_word' id='word_1_31' title='bbox 692 406 776 452; x_wconf 82' lang='grc' dir='ltr'><strong><em>οὐκ</em></strong></span> <span class='ocrx_word' id='word_1_32' title='bbox 823 407 904 465; x_wconf 74' lang='grc' dir='ltr'><strong><em>ἔχω</em></strong></span> <span class='ocrx_word' id='word_1_33' title='bbox 949 408 1212 464; x_wconf 81' lang='grc' dir='ltr'><em>προσωτέρω</em></span> <span class='ocrx_word' id='word_1_34' title='bbox 1253 410 1391 453; x_wconf 86' lang='grc' dir='ltr'><strong><em>εἰπεῖν</em></strong></span> 
     </span>
    </p>
   </div>
   <div class='ocr_carea' id='block_1_8' title="bbox 124 476 305 524">
    <p class='ocr_par' dir='ltr' id='par_1_8' title="bbox 124 476 305 524">
     <span class='ocr_line' id='line_1_9' title="bbox 124 476 305 524; baseline -0.028 0"><span class='ocrx_word' id='word_1_35' title='bbox 124 476 305 524; x_wconf 85' lang='grc' dir='ltr'><strong><em>τούτων.</em></strong></span> 
     </span>
    </p>
   </div>
   <div class='ocr_carea' id='block_1_9' title="bbox 212 538 1390 600">
    <p class='ocr_par' dir='ltr' id='par_1_9' title="bbox 212 538 1390 600">
     <span class='ocr_line' id='line_1_10' title="bbox 212 538 1390 600; baseline 0.002 -13"><span class='ocrx_word' id='word_1_36' title='bbox 212 546 267 588; x_wconf 84' lang='grc' dir='ltr'><strong><em>Οἱ</em></strong></span> <span class='ocrx_word' id='word_1_37' title='bbox 295 544 342 587; x_wconf 82' lang='grc' dir='ltr'><strong><em>δὲ</em></strong></span> <span class='ocrx_word' id='word_1_38' title='bbox 363 542 703 600; x_wconf 86' lang='grc' dir='ltr'><strong><em>Ἀλκμαιωνίδαι</em></strong></span> <span class='ocrx_word' id='word_1_39' title='bbox 731 538 844 600; x_wconf 81' lang='grc' dir='ltr'><strong><em>ἦσαν</em></strong></span> <span class='ocrx_word' id='word_1_40' title='bbox 880 543 960 600; x_wconf 73' lang='grc' dir='ltr'><strong><em>μὲν</em></strong></span> <span class='ocrx_word' id='word_1_41' title='bbox 987 544 1061 588; x_wconf 87' lang='grc' dir='ltr'><strong><em>καὶ</em></strong></span> <span class='ocrx_word' id='word_1_42' title='bbox 1089 542 1143 588; x_wconf 77' lang='grc' dir='ltr'><strong><em>τοὶ</em></strong></span> <span class='ocrx_word' id='word_1_43' title='bbox 1175 542 1390 589; x_wconf 87' lang='grc' dir='ltr'><strong><em>ἀνέκαθεν</em></strong></span> 
     </span>
    </p>
   </div>
   <div class='ocr_carea' id='block_1_10' title="bbox 120 610 1391 736">
    <p class='ocr_par' dir='ltr' id='par_1_10' title="bbox 120 610 1391 736">
     <span class='ocr_line' id='line_1_11' title="bbox 121 610 1391 669; baseline -0.002 -10"><span class='ocrx_word' id='word_1_44' title='bbox 121 613 308 669; x_wconf 85' lang='grc' dir='ltr'><strong><em>λαμπροὶ</em></strong></span> <span class='ocrx_word' id='word_1_45' title='bbox 338 611 385 654; x_wconf 92' lang='grc' dir='ltr'><strong><em>ἐν</em></strong></span> <span class='ocrx_word' id='word_1_46' title='bbox 410 615 510 668; x_wconf 84' lang='grc' dir='ltr'><strong><em>τῇσι</em></strong></span> <span class='ocrx_word' id='word_1_47' title='bbox 531 611 760 669; x_wconf 77' lang='grc' dir='ltr'><strong><em>Ἀθήνῃσι·</em></strong></span> <span class='ocrx_word' id='word_1_48' title='bbox 792 610 877 656; x_wconf 81' lang='grc' dir='ltr'><strong><em>ἀπὸ</em></strong></span> <span class='ocrx_word' id='word_1_49' title='bbox 910 612 956 656; x_wconf 77' lang='grc' dir='ltr'><strong><em>δὲ</em></strong></span> <span class='ocrx_word' id='word_1_50' title='bbox 980 611 1289 668; x_wconf 81' lang='grc' dir='ltr'><strong><em>Ἀλκμαίωνος,</em></strong></span> <span class='ocrx_word' id='word_1_51' title='bbox 1318 613 1391 657; x_wconf 86' lang='grc' dir='ltr'><strong><em>καὶ</em></strong></span> 
     </span>
     <span class='ocr_line' id='line_1_12' title="bbox 120 676 1390 736; baseline -0.002 -11"><span class='ocrx_word' id='word_1_52' title='bbox 120 676 242 731; x_wconf 78' lang='grc' dir='ltr'><strong><em>αὖτις</em></strong></span> <span class='ocrx_word' id='word_1_53' title='bbox 291 680 571 736; x_wconf 78' lang='grc' dir='ltr'><strong><em>Μεγακλέος,</em></strong></span> <span class='ocrx_word' id='word_1_54' title='bbox 622 680 824 736; x_wconf 75' lang='grc' dir='ltr'><strong><em>ἐγένοντο</em></strong></span> <span class='ocrx_word' id='word_1_55' title='bbox 871 681 945 724; x_wconf 87' lang='grc' dir='ltr'><strong><em>καὶ</em></strong></span> <span class='ocrx_word' id='word_1_56' title='bbox 996 679 1135 736; x_wconf 78' lang='grc' dir='ltr'><strong><em>κάρτα</em></strong></span> <span class='ocrx_word' id='word_1_57' title='bbox 1187 681 1390 736; x_wconf 90' lang='grc' dir='ltr'><strong><em>λαμπροί.</em></strong></span> 
     </span>
    </p>
   </div>
   <div class='ocr_carea' id='block_1_11' title="bbox 90 747 1441 805">
    <p class='ocr_par' dir='ltr' id='par_1_11' title="bbox 90 747 1441 805">
     <span class='ocr_line' id='line_1_13' title="bbox 90 747 1441 805; baseline -0.001 -14"><span class='ocrx_word' id='word_1_58' title='bbox 90 752 251 793; x_wconf 67' lang='grc' dir='ltr'><strong><em>Ξτοῦτο</em></strong></span> <span class='ocrx_word' id='word_1_59' title='bbox 293 747 372 803; x_wconf 77' lang='grc' dir='ltr'><strong><em>μὲν</em></strong></span> <span class='ocrx_word' id='word_1_60' title='bbox 410 748 521 805; x_wconf 72' lang='grc' dir='ltr'><strong><em>γάρ,</em></strong></span> <span class='ocrx_word' id='word_1_61' title='bbox 556 747 798 804; x_wconf 84' lang='grc' dir='ltr'><strong><em>Ἀλκμαίων</em></strong></span> <span class='ocrx_word' id='word_1_62' title='bbox 834 748 859 791; x_wconf 89' lang='grc' dir='ltr'>ὁ</span> <span class='ocrx_word' id='word_1_63' title='bbox 895 748 1152 804; x_wconf 75' lang='grc' dir='ltr'><strong><em>Μεγακλέος</em></strong></span> <span class='ocrx_word' id='word_1_64' title='bbox 1189 754 1303 793; x_wconf 86' lang='grc' dir='ltr'><strong><em>τοῖσι</em></strong></span> <span class='ocrx_word' id='word_1_65' title='bbox 1337 750 1384 793; x_wconf 88' lang='grc' dir='ltr'><strong><em>ἐκ</em></strong></span> <span class='ocrx_word' id='word_1_66' title='bbox 1400 757 1441 790; x_wconf 87' lang='grc'><strong><em>10</em></strong></span> 
     </span>
    </p>
   </div>
   <div class='ocr_carea' id='block_1_12' title="bbox 91 814 1387 1144">
    <p class='ocr_par' dir='ltr' id='par_1_12' title="bbox 91 814 1387 1144">
     <span class='ocr_line' id='line_1_14' title="bbox 116 814 1385 872; baseline -0.002 -11"><span class='ocrx_word' id='word_1_67' title='bbox 116 817 325 872; x_wconf 79' lang='grc' dir='ltr'><strong><em>Σαρδίων</em></strong></span> <span class='ocrx_word' id='word_1_68' title='bbox 353 819 540 860; x_wconf 82' lang='grc' dir='ltr'><strong><em>Λυδοῖσι</em></strong></span> <span class='ocrx_word' id='word_1_69' title='bbox 563 815 681 872; x_wconf 84' lang='grc' dir='ltr'><strong><em>παρά</em></strong></span> <span class='ocrx_word' id='word_1_70' title='bbox 702 816 904 870; x_wconf 80' lang='grc' dir='ltr'><strong><em>Κροίσου</em></strong></span> <span class='ocrx_word' id='word_1_71' title='bbox 935 814 1288 872; x_wconf 79' lang='grc' dir='ltr'><strong><em>ἀπικνεομένοισι</em></strong></span> <span class='ocrx_word' id='word_1_72' title='bbox 1317 816 1385 860; x_wconf 86' lang='grc' dir='ltr'><strong><em>ἐπὶ</em></strong></span> 
     </span>
     <span class='ocr_line' id='line_1_15' title="bbox 115 883 1387 941; baseline -0.001 -12"><span class='ocrx_word' id='word_1_73' title='bbox 115 884 166 929; x_wconf 84' lang='grc' dir='ltr'>τὸ</span> <span class='ocrx_word' id='word_1_74' title='bbox 195 883 459 941; x_wconf 84' lang='grc' dir='ltr'><strong><em>χρηστήριον</em></strong></span> <span class='ocrx_word' id='word_1_75' title='bbox 487 884 537 928; x_wconf 82' lang='grc' dir='ltr'><strong><em>τὸ</em></strong></span> <span class='ocrx_word' id='word_1_76' title='bbox 567 884 614 928; x_wconf 92' lang='grc' dir='ltr'><strong><em>ἐν</em></strong></span> <span class='ocrx_word' id='word_1_77' title='bbox 642 888 856 939; x_wconf 81' lang='grc' dir='ltr'><strong><em>Δελφοῖσι</em></strong></span> <span class='ocrx_word' id='word_1_78' title='bbox 896 883 1193 941; x_wconf 79' lang='grc' dir='ltr'><strong><em>συμπρήκτωρ</em></strong></span> <span class='ocrx_word' id='word_1_79' title='bbox 1232 900 1277 927; x_wconf 91' lang='grc' dir='ltr'><strong><em>τε</em></strong></span> <span class='ocrx_word' id='word_1_80' title='bbox 1304 884 1387 940; x_wconf 83' lang='grc' dir='ltr'><strong><em>ἐγί-</em></strong></span> 
     </span>
     <span class='ocr_line' id='line_1_16' title="bbox 91 951 1387 1009; baseline 0.001 -14"><span class='ocrx_word' id='word_1_81' title='bbox 91 961 223 998; x_wconf 86' lang='grc' dir='ltr'><strong><em>3νετο</em></strong></span> <span class='ocrx_word' id='word_1_82' title='bbox 254 953 326 996; x_wconf 87' lang='grc' dir='ltr'><strong><em>καὶ</em></strong></span> <span class='ocrx_word' id='word_1_83' title='bbox 361 951 662 1009; x_wconf 79' lang='grc' dir='ltr'><strong><em>συνελάμβανε</em></strong></span> <span class='ocrx_word' id='word_1_84' title='bbox 690 951 938 1008; x_wconf 77' lang='grc' dir='ltr'><strong><em>προθύμως.</em></strong></span> <span class='ocrx_word' id='word_1_85' title='bbox 982 953 1057 995; x_wconf 88' lang='grc' dir='ltr'><strong><em>καί</em></strong></span> <span class='ocrx_word' id='word_1_86' title='bbox 1086 968 1163 1008; x_wconf 90' lang='grc' dir='ltr'><strong><em>μιν</em></strong></span> <span class='ocrx_word' id='word_1_87' title='bbox 1190 954 1387 1007; x_wconf 84' lang='grc' dir='ltr'><strong><em>Κροῖσος</em></strong></span> 
     </span>
     <span class='ocr_line' id='line_1_17' title="bbox 115 1018 1385 1078; baseline -0.002 -12"><span class='ocrx_word' id='word_1_88' title='bbox 115 1020 372 1078; x_wconf 87' lang='grc' dir='ltr'><strong><em>πυθόμενος</em></strong></span> <span class='ocrx_word' id='word_1_89' title='bbox 411 1024 500 1064; x_wconf 80' lang='grc' dir='ltr'><strong><em>τῶν</em></strong></span> <span class='ocrx_word' id='word_1_90' title='bbox 531 1022 714 1073; x_wconf 76' lang='grc' dir='ltr'><strong><em>Λυδῶν,</em></strong></span> <span class='ocrx_word' id='word_1_91' title='bbox 751 1024 838 1063; x_wconf 82' lang='grc' dir='ltr'><strong><em>τῶν</em></strong></span> <span class='ocrx_word' id='word_1_92' title='bbox 867 1019 909 1071; x_wconf 89' lang='grc' dir='ltr'><strong><em>ἐς</em></strong></span> <span class='ocrx_word' id='word_1_93' title='bbox 938 1020 990 1063; x_wconf 78' lang='grc' dir='ltr'><strong><em>τὰ</em></strong></span> <span class='ocrx_word' id='word_1_94' title='bbox 1017 1018 1256 1076; x_wconf 76' lang='grc' dir='ltr'><strong><em>χρηστήρια</em></strong></span> <span class='ocrx_word' id='word_1_95' title='bbox 1286 1037 1385 1076; x_wconf 85' lang='grc' dir='ltr'><strong><em>φοι-</em></strong></span> 
     </span>
     <span class='ocr_line' id='line_1_18' title="bbox 115 1083 1385 1144; baseline -0.002 -10"><span class='ocrx_word' id='word_1_96' title='bbox 115 1090 327 1141; x_wconf 86' lang='grc' dir='ltr'><strong><em>τεόντων,</em></strong></span> <span class='ocrx_word' id='word_1_97' title='bbox 359 1087 528 1132; x_wconf 76' lang='grc' dir='ltr'><strong><em>ἑωυτόν</em></strong></span> <span class='ocrx_word' id='word_1_98' title='bbox 559 1083 608 1132; x_wconf 79' lang='grc' dir='ltr'><strong><em>εὖ</em></strong></span> <span class='ocrx_word' id='word_1_99' title='bbox 626 1088 813 1140; x_wconf 84' lang='grc' dir='ltr'><strong><em>ποιέειν,</em></strong></span> <span class='ocrx_word' id='word_1_100' title='bbox 843 1087 1161 1144; x_wconf 87' lang='grc' dir='ltr'><strong><em>μεταπέμπεται</em></strong></span> <span class='ocrx_word' id='word_1_101' title='bbox 1193 1088 1236 1139; x_wconf 86' lang='grc' dir='ltr'><strong><em>ἐς</em></strong></span> <span class='ocrx_word' id='word_1_102' title='bbox 1265 1088 1385 1144; x_wconf 81' lang='grc' dir='ltr'><strong><em>Σάρ-</em></strong></span> 
     </span>
    </p>
   </div>
   <div class='ocr_carea' id='block_1_13' title="bbox 115 1154 1441 1212">
    <p class='ocr_par' dir='ltr' id='par_1_13' title="bbox 115 1154 1441 1212">
     <span class='ocr_line' id='line_1_19' title="bbox 115 1154 1441 1212; baseline -0.003 -10"><span class='ocrx_word' id='word_1_103' title='bbox 115 1160 202 1210; x_wconf 83' lang='grc' dir='ltr'><strong><em>δις·</em></strong></span> <span class='ocrx_word' id='word_1_104' title='bbox 242 1155 512 1212; x_wconf 71' lang='grc' dir='ltr'><strong><em>ἀπικόμενον</em></strong></span> <span class='ocrx_word' id='word_1_105' title='bbox 541 1156 588 1199; x_wconf 81' lang='grc' dir='ltr'><strong><em>δὲ</em></strong></span> <span class='ocrx_word' id='word_1_106' title='bbox 618 1156 823 1211; x_wconf 80' lang='grc' dir='ltr'><strong><em>δωρέεται</em></strong></span> <span class='ocrx_word' id='word_1_107' title='bbox 850 1161 1022 1212; x_wconf 76' lang='grc' dir='ltr'><strong><em>χρυσῷ,</em></strong></span> <span class='ocrx_word' id='word_1_108' title='bbox 1053 1156 1133 1199; x_wconf 86' lang='grc' dir='ltr'><strong><em>τόν</em></strong></span> <span class='ocrx_word' id='word_1_109' title='bbox 1163 1154 1220 1199; x_wconf 69' lang='grc' dir='ltr'><strong><em>ἂν</em></strong></span> <span class='ocrx_word' id='word_1_110' title='bbox 1251 1156 1385 1212; x_wconf 88' lang='grc' dir='ltr'><strong><em>δύνη-</em></strong></span> <span class='ocrx_word' id='word_1_111' title='bbox 1398 1163 1441 1198; x_wconf 90' lang='grc'><strong><em>15</em></strong></span> 
     </span>
    </p>
   </div>
   <div class='ocr_carea' id='block_1_14' title="bbox 1445 542 1721 781">
    <p class='ocr_par' dir='ltr' id='par_1_14' title="bbox 1445 542 1721 781">
     <span class='ocr_line' id='line_1_20' title="bbox 1447 542 1705 579; baseline 0.012 -9"><span class='ocrx_word' id='word_1_112' title='bbox 1447 542 1508 570; x_wconf 83' lang='lat' dir='ltr'><strong><em>iam</em></strong></span> <span class='ocrx_word' id='word_1_113' title='bbox 1523 543 1594 571; x_wconf 77' lang='lat' dir='ltr'>inde</span> <span class='ocrx_word' id='word_1_114' title='bbox 1609 553 1627 572; x_wconf 79' lang='lat' dir='ltr'>a</span> <span class='ocrx_word' id='word_1_115' title='bbox 1642 545 1705 579; x_wconf 76' lang='lat' dir='ltr'>pri-</span> 
     </span>
     <span class='ocr_line' id='line_1_21' title="bbox 1448 577 1721 613; baseline 0.011 -10"><span class='ocrx_word' id='word_1_116' title='bbox 1448 577 1505 604; x_wconf 80' lang='lat' dir='ltr'>scis</span> <span class='ocrx_word' id='word_1_117' title='bbox 1524 580 1721 613; x_wconf 72' lang='lat' dir='ltr'><strong>temporibus-</strong></span> 
     </span>
     <span class='ocr_line' id='line_1_22' title="bbox 1450 612 1721 640; baseline 0.011 -3"><span class='ocrx_word' id='word_1_118' title='bbox 1450 612 1563 639; x_wconf 66' lang='lat' dir='ltr'><strong>Auctus</strong></span> <span class='ocrx_word' id='word_1_119' title='bbox 1583 614 1721 640; x_wconf 79' lang='lat' dir='ltr'>familiae</span> 
     </span>
     <span class='ocr_line' id='line_1_23' title="bbox 1446 645 1672 682; baseline 0.009 -11"><span class='ocrx_word' id='word_1_120' title='bbox 1446 645 1591 680; x_wconf 74' lang='lat' dir='ltr'>splendor</span> <span class='ocrx_word' id='word_1_121' title='bbox 1618 655 1672 682; x_wconf 83' lang='lat' dir='ltr'><strong><em>per</em></strong></span> 
     </span>
     <span class='ocr_line' id='line_1_24' title="bbox 1447 679 1662 707; baseline 0.009 -2"><span class='ocrx_word' id='word_1_122' title='bbox 1447 679 1662 707; x_wconf 75' lang='lat' dir='ltr'><strong>Alcmaeonem</strong></span> 
     </span>
     <span class='ocr_line' id='line_1_25' title="bbox 1447 712 1720 749; baseline 0.007 -11"><span class='ocrx_word' id='word_1_123' title='bbox 1447 712 1597 748; x_wconf 79' lang='lat' dir='ltr'><strong>Mcgaclis</strong></span> <span class='ocrx_word' id='word_1_124' title='bbox 1612 714 1720 749; x_wconf 77' lang='lat' dir='ltr'>filium,</span> 
     </span>
     <span class='ocr_line' id='line_1_26' title="bbox 1445 749 1679 781; baseline 0.004 -8"><span class='ocrx_word' id='word_1_125' title='bbox 1445 755 1532 781; x_wconf 81' lang='lat' dir='ltr'>quem</span> <span class='ocrx_word' id='word_1_126' title='bbox 1549 749 1679 775; x_wconf 71' lang='lat' dir='ltr'>Croesus</span> 
     </span>
    </p>
   </div>
   <div class='ocr_carea' id='block_1_15' title="bbox 1441 781 1719 879">
    <p class='ocr_par' dir='ltr' id='par_1_15' title="bbox 1441 781 1719 879">
     <span class='ocr_line' id='line_1_27' title="bbox 1443 781 1719 820; baseline 0 -12"><span class='ocrx_word' id='word_1_127' title='bbox 1443 781 1556 809; x_wconf 81' lang='lat' dir='ltr'>Sardes</span> <span class='ocrx_word' id='word_1_128' title='bbox 1591 781 1719 820; x_wconf 46' lang='lat' dir='ltr'>arcos-si-</span> 
     </span>
     <span class='ocr_line' id='line_1_28' title="bbox 1441 819 1686 850; baseline 0 -7"><span class='ocrx_word' id='word_1_129' title='bbox 1441 819 1505 843; x_wconf 74' lang='lat' dir='ltr'><strong><em>tum</em></strong></span> <span class='ocrx_word' id='word_1_130' title='bbox 1524 823 1637 850; x_wconf 81' lang='lat' dir='ltr'>magna</span> <span class='ocrx_word' id='word_1_131' title='bbox 1655 823 1686 843; x_wconf 71' lang='lat' dir='ltr'><strong><em>vn</em></strong></span> 
     </span>
     <span class='ocr_line' id='line_1_29' title="bbox 1441 849 1633 879; baseline 0 -1"><span class='ocrx_word' id='word_1_132' title='bbox 1441 849 1509 878; x_wconf 85' lang='lat' dir='ltr'>auri</span> <span class='ocrx_word' id='word_1_133' title='bbox 1534 849 1633 879; x_wconf 78' lang='lat' dir='ltr'><strong>donat.</strong></span> 
     </span>
    </p>
   </div>
   <div class='ocr_carea' id='block_1_16' title="bbox 85 1222 1520 1484">
    <p class='ocr_par' dir='ltr' id='par_1_16' title="bbox 85 1222 1520 1484">
     <span class='ocr_line' id='line_1_30' title="bbox 113 1222 1520 1284; baseline -0.001 -14"><span class='ocrx_word' id='word_1_134' title='bbox 113 1243 183 1270; x_wconf 90' lang='grc' dir='ltr'><strong><em>ται</em></strong></span> <span class='ocrx_word' id='word_1_135' title='bbox 212 1229 274 1284; x_wconf 77' lang='grc' dir='ltr'><strong><em>τῷ</em></strong></span> <span class='ocrx_word' id='word_1_136' title='bbox 302 1224 470 1268; x_wconf 78' lang='grc' dir='ltr'><strong><em>ἑωυτοῦ</em></strong></span> <span class='ocrx_word' id='word_1_137' title='bbox 510 1222 677 1280; x_wconf 79' lang='grc' dir='ltr'><strong><em>σώματι</em></strong></span> <span class='ocrx_word' id='word_1_138' title='bbox 710 1225 1006 1277; x_wconf 75' lang='grc' dir='ltr'><strong><em>ἐξενείκασθαι</em></strong></span> <span class='ocrx_word' id='word_1_139' title='bbox 1041 1223 1216 1277; x_wconf 80' lang='grc' dir='ltr'><strong><em>ἐσάπαξ.</em></strong></span> <span class='ocrx_word' id='word_1_140' title='bbox 1277 1224 1301 1268; x_wconf 91' lang='grc' dir='ltr'>ὁ</span> <span class='ocrx_word' id='word_1_141' title='bbox 1334 1226 1381 1268; x_wconf 82' lang='grc' dir='ltr'><strong><em>δὲ</em></strong></span> <span class='ocrx_word' id='word_1_142' title='bbox 1438 1230 1520 1274; x_wconf 81' lang='grc'><strong><em>496</em></strong></span> 
     </span>
     <span class='ocr_line' id='line_1_31' title="bbox 85 1290 1385 1351; baseline 0.001 -16"><span class='ocrx_word' id='word_1_143' title='bbox 85 1293 352 1351; x_wconf 83' lang='grc' dir='ltr'><strong><em>4Ἀλκμαίων</em></strong></span> <span class='ocrx_word' id='word_1_144' title='bbox 369 1292 477 1347; x_wconf 84' lang='grc' dir='ltr'><strong><em>πρὸς</em></strong></span> <span class='ocrx_word' id='word_1_145' title='bbox 504 1291 584 1347; x_wconf 84' lang='grc' dir='ltr'><strong><em>τὴν</em></strong></span> <span class='ocrx_word' id='word_1_146' title='bbox 605 1292 795 1349; x_wconf 86' lang='grc' dir='ltr'><strong><em>δωρεὴν,</em></strong></span> <span class='ocrx_word' id='word_1_147' title='bbox 826 1292 988 1336; x_wconf 86' lang='grc' dir='ltr'><strong><em>ἐοῦσαν</em></strong></span> <span class='ocrx_word' id='word_1_148' title='bbox 1013 1290 1234 1348; x_wconf 80' lang='grc' dir='ltr'><strong><em>τοιαύτην,</em></strong></span> <span class='ocrx_word' id='word_1_149' title='bbox 1264 1292 1385 1336; x_wconf 84' lang='grc' dir='ltr'><strong><em>τοιά-</em></strong></span> 
     </span>
     <span class='ocr_line' id='line_1_32' title="bbox 113 1360 1383 1418; baseline -0.001 -12"><span class='ocrx_word' id='word_1_150' title='bbox 113 1364 160 1406; x_wconf 89' lang='grc' dir='ltr'><strong><em>δε</em></strong></span> <span class='ocrx_word' id='word_1_151' title='bbox 188 1360 470 1418; x_wconf 78' lang='grc' dir='ltr'><strong><em>ἐπιτηδεύσας</em></strong></span> <span class='ocrx_word' id='word_1_152' title='bbox 498 1361 758 1417; x_wconf 82' lang='grc' dir='ltr'><strong><em>προσέφερε.</em></strong></span> <span class='ocrx_word' id='word_1_153' title='bbox 796 1360 924 1411; x_wconf 82' lang='grc' dir='ltr'><strong><em>ἐνδὺς</em></strong></span> <span class='ocrx_word' id='word_1_154' title='bbox 945 1364 1118 1404; x_wconf 76' lang='grc' dir='ltr'><strong><em>κιθῶνα</em></strong></span> <span class='ocrx_word' id='word_1_155' title='bbox 1144 1361 1281 1418; x_wconf 78' lang='grc' dir='ltr'><strong><em>μέγαν</em></strong></span> <span class='ocrx_word' id='word_1_156' title='bbox 1309 1362 1383 1406; x_wconf 82' lang='grc' dir='ltr'><strong><em>καὶ</em></strong></span> 
     </span>
     <span class='ocr_line' id='line_1_33' title="bbox 112 1429 1381 1484; baseline 0 -11"><span class='ocrx_word' id='word_1_157' title='bbox 112 1429 279 1474; x_wconf 87' lang='grc' dir='ltr'><strong><em>κόλπον</em></strong></span> <span class='ocrx_word' id='word_1_158' title='bbox 305 1429 447 1473; x_wconf 78' lang='grc' dir='ltr'><strong><em>πολύν</em></strong></span> <span class='ocrx_word' id='word_1_159' title='bbox 475 1429 817 1484; x_wconf 85' lang='grc' dir='ltr'><strong><em>καταλιπόμενος</em></strong></span> <span class='ocrx_word' id='word_1_160' title='bbox 853 1434 935 1472; x_wconf 85' lang='grc' dir='ltr'><strong><em>τοῦ</em></strong></span> <span class='ocrx_word' id='word_1_161' title='bbox 966 1434 1181 1481; x_wconf 76' lang='grc' dir='ltr'><strong><em>κιθῶνος,</em></strong></span> <span class='ocrx_word' id='word_1_162' title='bbox 1218 1429 1381 1484; x_wconf 87' lang='grc' dir='ltr'><strong><em>κοθόρ-</em></strong></span> 
     </span>
    </p>
   </div>
   <div class='ocr_carea' id='block_1_17' title="bbox 110 1496 1438 1555">
    <p class='ocr_par' dir='ltr' id='par_1_17' title="bbox 110 1496 1438 1555">
     <span class='ocr_line' id='line_1_34' title="bbox 110 1496 1438 1555; baseline 0 -15"><span class='ocrx_word' id='word_1_163' title='bbox 110 1514 219 1549; x_wconf 90' lang='grc' dir='ltr'><strong><em>νους</em></strong></span> <span class='ocrx_word' id='word_1_164' title='bbox 244 1497 347 1549; x_wconf 79' lang='grc' dir='ltr'><strong><em>τούς</em></strong></span> <span class='ocrx_word' id='word_1_165' title='bbox 376 1497 548 1551; x_wconf 84' lang='grc' dir='ltr'><strong><em>εὕρισκε</em></strong></span> <span class='ocrx_word' id='word_1_166' title='bbox 569 1496 835 1552; x_wconf 82' lang='grc' dir='ltr'><strong><em>εὐρυτάτους</em></strong></span> <span class='ocrx_word' id='word_1_167' title='bbox 863 1496 1013 1549; x_wconf 88' lang='grc' dir='ltr'><strong><em>ἐόντας</em></strong></span> <span class='ocrx_word' id='word_1_168' title='bbox 1031 1496 1379 1555; x_wconf 77' lang='grc' dir='ltr'><strong><em>ὑποδησάμενος,</em></strong></span> <span class='ocrx_word' id='word_1_169' title='bbox 1391 1506 1438 1540; x_wconf 73' lang='lat'><strong><em>20</em></strong></span> 
     </span>
    </p>
   </div>
   <div class='ocr_carea' id='block_1_18' title="bbox 83 1564 1380 1623">
    <p class='ocr_par' dir='ltr' id='par_1_18' title="bbox 83 1564 1380 1623">
     <span class='ocr_line' id='line_1_35' title="bbox 83 1564 1380 1623; baseline 0.003 -16"><span class='ocrx_word' id='word_1_170' title='bbox 83 1565 184 1623; x_wconf 74' lang='grc' dir='ltr'><strong><em>ὄῆϊε</em></strong></span> <span class='ocrx_word' id='word_1_171' title='bbox 217 1565 261 1618; x_wconf 87' lang='grc' dir='ltr'><strong><em>ἐς</em></strong></span> <span class='ocrx_word' id='word_1_172' title='bbox 297 1566 376 1611; x_wconf 87' lang='grc' dir='ltr'><strong><em>τὸν</em></strong></span> <span class='ocrx_word' id='word_1_173' title='bbox 413 1564 646 1623; x_wconf 83' lang='grc' dir='ltr'><strong><em>θησαυρὸν</em></strong></span> <span class='ocrx_word' id='word_1_174' title='bbox 673 1565 717 1618; x_wconf 88' lang='grc' dir='ltr'><strong><em>ἐς</em></strong></span> <span class='ocrx_word' id='word_1_175' title='bbox 745 1565 824 1610; x_wconf 88' lang='grc' dir='ltr'><strong><em>τόν</em></strong></span> <span class='ocrx_word' id='word_1_176' title='bbox 853 1567 898 1610; x_wconf 82' lang='grc' dir='ltr'><strong><em>οἱ</em></strong></span> <span class='ocrx_word' id='word_1_177' title='bbox 925 1567 1202 1623; x_wconf 78' lang='grc' dir='ltr'><strong><em>κατηγέοντο.</em></strong></span> <span class='ocrx_word' id='word_1_178' title='bbox 1261 1566 1380 1611; x_wconf 83' lang='grc' dir='ltr'><strong><em>ἐσπε-</em></strong></span> 
     </span>
    </p>
   </div>
   <div class='ocr_carea' id='block_1_19' title="bbox 51 1753 717 2357">
    <p class='ocr_par' dir='ltr' id='par_1_19' title="bbox 252 1753 524 1805">
     <span class='ocr_line' id='line_1_36' title="bbox 252 1753 524 1805; baseline 0.007 -15"><span class='ocrx_word' id='word_1_179' title='bbox 252 1753 345 1805; x_wconf 83' lang='lat' dir='ltr'><strong><em>cap.</em></strong></span> <span class='ocrx_word' id='word_1_180' title='bbox 368 1753 524 1792; x_wconf 84' lang='lat' dir='ltr'>CXXV.</span> 
     </span>
    </p>

    <p class='ocr_par' dir='ltr' id='par_1_20' title="bbox 51 1806 717 2357">
     <span class='ocr_line' id='line_1_37' title="bbox 109 1806 717 1862; baseline -0.005 -13"><span class='ocrx_word' id='word_1_181' title='bbox 109 1811 227 1850; x_wconf 82' lang='grc' dir='ltr'><strong><em>τοῦτο</em></strong></span> <span class='ocrx_word' id='word_1_182' title='bbox 252 1807 325 1861; x_wconf 81' lang='grc' dir='ltr'><strong><em>μὲν</em></strong></span> <span class='ocrx_word' id='word_1_183' title='bbox 349 1806 452 1862; x_wconf 74' lang='grc' dir='ltr'><strong><em>γάρ]</em></strong></span> <span class='ocrx_word' id='word_1_184' title='bbox 482 1812 599 1848; x_wconf 81' lang='lat' dir='ltr'>Deest</span> <span class='ocrx_word' id='word_1_185' title='bbox 618 1810 717 1847; x_wconf 80' lang='lat' dir='ltr'>alte-</span> 
     </span>
     <span class='ocr_line' id='line_1_38' title="bbox 54 1866 715 1906; baseline 0 -3"><span class='ocrx_word' id='word_1_186' title='bbox 54 1879 142 1903; x_wconf 86' lang='lat' dir='ltr'><strong><em>rum</em></strong></span> <span class='ocrx_word' id='word_1_187' title='bbox 165 1868 282 1906; x_wconf 83' lang='grc' dir='ltr'><strong><em>τοῦτο</em></strong></span> <span class='ocrx_word' id='word_1_188' title='bbox 306 1867 362 1905; x_wconf 87' lang='grc' dir='ltr'><strong><em>δέ.</em></strong></span> <span class='ocrx_word' id='word_1_189' title='bbox 387 1866 475 1905; x_wconf 86' lang='lat' dir='ltr'><strong>Vid.</strong></span> <span class='ocrx_word' id='word_1_190' title='bbox 497 1866 634 1904; x_wconf 83' lang='lat' dir='ltr'>Matth.</span> <span class='ocrx_word' id='word_1_191' title='bbox 647 1868 715 1904; x_wconf 85' lang='lat' dir='ltr'><strong><em>Gr.</em></strong></span> 
     </span>
     <span class='ocr_line' id='line_1_39' title="bbox 55 1924 714 1974; baseline 0.005 -14"><span class='ocrx_word' id='word_1_192' title='bbox 55 1924 122 1960; x_wconf 85' lang='lat' dir='ltr'><strong><em>Gr.</em></strong></span> <span class='ocrx_word' id='word_1_193' title='bbox 134 1937 172 1974; x_wconf 88' lang='lat' dir='ltr'><strong><em>p.</em></strong></span> <span class='ocrx_word' id='word_1_194' title='bbox 204 1924 299 1964; x_wconf 86' lang='grc'><strong>579.</strong></span> <span class='ocrx_word' id='word_1_195' title='bbox 327 1925 422 1961; x_wconf 84' lang='lat' dir='ltr'><strong><em>Mox</em></strong></span> <span class='ocrx_word' id='word_1_196' title='bbox 445 1937 535 1960; x_wconf 87' lang='lat' dir='ltr'><strong><em>cum</em></strong></span> <span class='ocrx_word' id='word_1_197' title='bbox 554 1931 714 1963; x_wconf 84' lang='lat' dir='ltr'>recentt.</span> 
     </span>
     <span class='ocr_line' id='line_1_40' title="bbox 56 1974 716 2031; baseline 0.002 -16"><span class='ocrx_word' id='word_1_198' title='bbox 56 1978 145 2016; x_wconf 84' lang='lat' dir='ltr'>dedi</span> <span class='ocrx_word' id='word_1_199' title='bbox 184 1974 507 2031; x_wconf 87' lang='grc' dir='ltr'><strong><em>ἀπικνεομένοισι</em></strong></span> <span class='ocrx_word' id='word_1_200' title='bbox 555 1994 577 2016; x_wconf 86' lang='lat' dir='ltr'>e</span> <span class='ocrx_word' id='word_1_201' title='bbox 622 1981 716 2017; x_wconf 80' lang='lat' dir='ltr'>Flo-</span> 
     </span>
     <span class='ocr_line' id='line_1_41' title="bbox 54 2031 716 2089; baseline 0.006 -16"><span class='ocrx_word' id='word_1_202' title='bbox 54 2037 204 2073; x_wconf 85' lang='lat' dir='ltr'>rentino</span> <span class='ocrx_word' id='word_1_203' title='bbox 239 2036 395 2088; x_wconf 79' lang='lat' dir='ltr'>aliisque</span> <span class='ocrx_word' id='word_1_204' title='bbox 424 2050 494 2088; x_wconf 88' lang='lat' dir='ltr'><strong><em>pro</em></strong></span> <span class='ocrx_word' id='word_1_205' title='bbox 521 2031 716 2089; x_wconf 83' lang='grc' dir='ltr'><strong><em>ἀπικομέ-</em></strong></span> 
     </span>
     <span class='ocr_line' id='line_1_42' title="bbox 52 2092 715 2144; baseline -0.002 -12"><span class='ocrx_word' id='word_1_206' title='bbox 52 2105 173 2132; x_wconf 87' lang='grc' dir='ltr'><strong><em>νοισι.</em></strong></span> <span class='ocrx_word' id='word_1_207' title='bbox 230 2094 289 2128; x_wconf 87' lang='lat' dir='ltr'><strong><em>De</em></strong></span> <span class='ocrx_word' id='word_1_208' title='bbox 330 2094 458 2130; x_wconf 80' lang='lat' dir='ltr'>Croesi</span> <span class='ocrx_word' id='word_1_209' title='bbox 491 2094 625 2144; x_wconf 81' lang='lat' dir='ltr'>legatis</span> <span class='ocrx_word' id='word_1_210' title='bbox 666 2092 715 2131; x_wconf 84' lang='lat' dir='ltr'><strong><em>ad</em></strong></span> 
     </span>
     <span class='ocr_line' id='line_1_43' title="bbox 51 2148 714 2200; baseline 0.005 -15"><span class='ocrx_word' id='word_1_211' title='bbox 51 2148 282 2200; x_wconf 84' lang='lat' dir='ltr'>Delphicum</span> <span class='ocrx_word' id='word_1_212' title='bbox 296 2151 495 2187; x_wconf 81' lang='lat' dir='ltr'>oraculum</span> <span class='ocrx_word' id='word_1_213' title='bbox 514 2150 592 2188; x_wconf 84' lang='lat' dir='ltr'>vid.</span> <span class='ocrx_word' id='word_1_214' title='bbox 602 2151 632 2199; x_wconf 90' lang='lat' dir='ltr'><strong><em>I,</em></strong></span> <span class='ocrx_word' id='word_1_215' title='bbox 643 2150 714 2191; x_wconf 81' lang='grc'><strong><em>47.</em></strong></span> 
     </span>
     <span class='ocr_line' id='line_1_44' title="bbox 52 2205 715 2259; baseline -0.002 -14"><span class='ocrx_word' id='word_1_216' title='bbox 52 2206 121 2248; x_wconf 83' lang='lat'><strong><em>53.</em></strong></span> <span class='ocrx_word' id='word_1_217' title='bbox 140 2205 208 2246; x_wconf 88' lang='lat'><strong><em>55.</em></strong></span> <span class='ocrx_word' id='word_1_218' title='bbox 263 2208 309 2242; x_wconf 85' lang='lat' dir='ltr'><strong><em>Iu</em></strong></span> <span class='ocrx_word' id='word_1_219' title='bbox 329 2220 436 2259; x_wconf 86' lang='lat' dir='ltr'><strong>seqq.</strong></span> <span class='ocrx_word' id='word_1_220' title='bbox 460 2221 528 2259; x_wconf 88' lang='grc' dir='ltr'><strong><em>μιν</em></strong></span> <span class='ocrx_word' id='word_1_221' title='bbox 563 2206 612 2243; x_wconf 83' lang='lat' dir='ltr'><strong><em>ad</em></strong></span> <span class='ocrx_word' id='word_1_222' title='bbox 630 2207 715 2245; x_wconf 80' lang='lat' dir='ltr'><em>Alc-</em></span> 
     </span>
     <span class='ocr_line' id='line_1_45' title="bbox 52 2261 714 2315; baseline 0.009 -16"><span class='ocrx_word' id='word_1_223' title='bbox 52 2275 223 2300; x_wconf 77' lang='lat' dir='ltr'>maeonem</span> <span class='ocrx_word' id='word_1_224' title='bbox 257 2271 422 2315; x_wconf 81' lang='lat' dir='ltr'>spectat,</span> <span class='ocrx_word' id='word_1_225' title='bbox 473 2261 625 2304; x_wconf 76' lang='grc' dir='ltr'><strong><em>ἑωυτὸν</em></strong></span> <span class='ocrx_word' id='word_1_226' title='bbox 664 2263 714 2302; x_wconf 75' lang='lat' dir='ltr'><strong><em>ad</em></strong></span> 
     </span>
     <span class='ocr_line' id='line_1_46' title="bbox 52 2319 249 2357; baseline 0.01 -2"><span class='ocrx_word' id='word_1_227' title='bbox 52 2319 249 2357; x_wconf 86' lang='lat' dir='ltr'><strong>Croesum.</strong></span> 
     </span>
    </p>
   </div>
   <div class='ocr_carea' id='block_1_20' title="bbox 52 2396 714 2906">
    <p class='ocr_par' dir='ltr' id='par_1_21' title="bbox 52 2396 714 2906">
     <span class='ocr_line' id='line_1_47' title="bbox 108 2396 714 2451; baseline 0 -15"><span class='ocrx_word' id='word_1_228' title='bbox 108 2396 354 2451; x_wconf 85' lang='grc' dir='ltr'><strong><em>προσέφερε]</em></strong></span> <span class='ocrx_word' id='word_1_229' title='bbox 384 2397 570 2436; x_wconf 79' lang='lat' dir='ltr'>Valcken.</span> <span class='ocrx_word' id='word_1_230' title='bbox 588 2399 714 2450; x_wconf 86' lang='lat' dir='ltr'>suspi-</span> 
     </span>
     <span class='ocr_line' id='line_1_48' title="bbox 53 2457 712 2507; baseline 0.006 -17"><span class='ocrx_word' id='word_1_231' title='bbox 53 2461 160 2491; x_wconf 81' lang='lat' dir='ltr'>catur</span> <span class='ocrx_word' id='word_1_232' title='bbox 179 2457 427 2507; x_wconf 78' lang='grc' dir='ltr'><strong><em>προσεφεῦρε</em></strong></span> <span class='ocrx_word' id='word_1_233' title='bbox 444 2458 586 2506; x_wconf 78' lang='lat' dir='ltr'><em>insuper</em></span> <span class='ocrx_word' id='word_1_234' title='bbox 617 2457 712 2494; x_wconf 78' lang='lat' dir='ltr'><em>talia</em></span> 
     </span>
     <span class='ocr_line' id='line_1_49' title="bbox 54 2512 712 2562; baseline 0.005 -14"><span class='ocrx_word' id='word_1_235' title='bbox 54 2515 261 2549; x_wconf 80' lang='lat' dir='ltr'><em>commentus</em></span> <span class='ocrx_word' id='word_1_236' title='bbox 271 2515 332 2548; x_wconf 74' lang='lat' dir='ltr'><strong><em>est.</em></strong></span> <span class='ocrx_word' id='word_1_237' title='bbox 343 2513 460 2549; x_wconf 86' lang='lat' dir='ltr'>Recte</span> <span class='ocrx_word' id='word_1_238' title='bbox 472 2512 505 2550; x_wconf 83' lang='lat' dir='ltr'><strong><em>S</em></strong></span> <span class='ocrx_word' id='word_1_239' title='bbox 512 2526 529 2550; x_wconf 87' lang='lat' dir='ltr'><strong><em>c</em></strong></span> <span class='ocrx_word' id='word_1_240' title='bbox 542 2513 563 2550; x_wconf 70' lang='lat' dir='ltr'><em>h</em></span> <span class='ocrx_word' id='word_1_241' title='bbox 574 2525 605 2550; x_wconf 88' lang='lat' dir='ltr'><em>w</em></span> <span class='ocrx_word' id='word_1_242' title='bbox 617 2515 658 2550; x_wconf 80' lang='lat' dir='ltr'><strong><em>ei</em></strong></span> <span class='ocrx_word' id='word_1_243' title='bbox 665 2526 712 2562; x_wconf 83' lang='lat' dir='ltr'><strong><em>g-</em></strong></span> 
     </span>
     <span class='ocr_line' id='line_1_50' title="bbox 53 2567 710 2622; baseline 0.009 -18"><span class='ocrx_word' id='word_1_244' title='bbox 53 2567 217 2605; x_wconf 72' lang='lat' dir='ltr'><strong><em>Imeus.</em></strong></span> <span class='ocrx_word' id='word_1_245' title='bbox 257 2569 453 2615; x_wconf 82' lang='lat' dir='ltr'>„verbum</span> <span class='ocrx_word' id='word_1_246' title='bbox 487 2569 710 2622; x_wconf 80' lang='grc' dir='ltr'><strong><em>προσέφερε</em></strong></span> 
     </span>
     <span class='ocr_line' id='line_1_51' title="bbox 52 2625 712 2677; baseline 0.005 -17"><span class='ocrx_word' id='word_1_247' title='bbox 52 2625 295 2662; x_wconf 82' lang='lat' dir='ltr'>sollicitatum</span> <span class='ocrx_word' id='word_1_248' title='bbox 318 2626 482 2670; x_wconf 88' lang='lat' dir='ltr'>nollem,</span> <span class='ocrx_word' id='word_1_249' title='bbox 510 2633 712 2677; x_wconf 79' lang='lat' dir='ltr'>peraptum</span> 
     </span>
     <span class='ocr_line' id='line_1_52' title="bbox 54 2677 712 2721; baseline 0.008 -5"><span class='ocrx_word' id='word_1_250' title='bbox 54 2677 142 2718; x_wconf 84' lang='lat' dir='ltr'><strong>huic</strong></span> <span class='ocrx_word' id='word_1_251' title='bbox 192 2682 302 2719; x_wconf 89' lang='lat' dir='ltr'>loco:</span> <span class='ocrx_word' id='word_1_252' title='bbox 361 2682 411 2720; x_wconf 77' lang='lat' dir='ltr'><strong><em>acl</em></strong></span> <span class='ocrx_word' id='word_1_253' title='bbox 449 2682 576 2719; x_wconf 81' lang='lat' dir='ltr'><em>donum</em></span> <span class='ocrx_word' id='word_1_254' title='bbox 617 2683 712 2721; x_wconf 73' lang='lat' dir='ltr'><em>illud</em></span> 
     </span>
     <span class='ocr_line' id='line_1_53' title="bbox 55 2735 712 2789; baseline 0.006 -15"><span class='ocrx_word' id='word_1_255' title='bbox 55 2735 153 2786; x_wconf 86' lang='lat' dir='ltr'><strong>(scil.</strong></span> <span class='ocrx_word' id='word_1_256' title='bbox 177 2739 410 2789; x_wconf 78' lang='lat' dir='ltr'><strong><em>capiendum)</em></strong></span> <span class='ocrx_word' id='word_1_257' title='bbox 439 2739 513 2776; x_wconf 83' lang='lat' dir='ltr'><strong><em>tale</em></strong></span> <span class='ocrx_word' id='word_1_258' title='bbox 537 2741 712 2779; x_wconf 73' lang='lat' dir='ltr'><strong><em>inventum</em></strong></span> 
     </span>
     <span class='ocr_line' id='line_1_54' title="bbox 54 2794 712 2846; baseline 0.008 -17"><span class='ocrx_word' id='word_1_259' title='bbox 54 2794 176 2832; x_wconf 77' lang='lat' dir='ltr'><em>attulit</em></span> <span class='ocrx_word' id='word_1_260' title='bbox 204 2796 355 2833; x_wconf 77' lang='lat' dir='ltr'><em>Callias.</em></span> <span class='ocrx_word' id='word_1_261' title='bbox 401 2797 487 2846; x_wconf 86' lang='lat' dir='ltr'>Ipsa</span> <span class='ocrx_word' id='word_1_262' title='bbox 506 2796 571 2832; x_wconf 83' lang='lat' dir='ltr'>illa</span> <span class='ocrx_word' id='word_1_263' title='bbox 590 2798 712 2846; x_wconf 84' lang='lat' dir='ltr'>notio,</span> 
     </span>
     <span class='ocr_line' id='line_1_55' title="bbox 56 2853 713 2906; baseline 0.014 -20"><span class='ocrx_word' id='word_1_264' title='bbox 56 2861 169 2902; x_wconf 81' lang='lat' dir='ltr'>quam</span> <span class='ocrx_word' id='word_1_265' title='bbox 197 2853 315 2892; x_wconf 84' lang='lat' dir='ltr'>verbo</span> <span class='ocrx_word' id='word_1_266' title='bbox 352 2854 607 2906; x_wconf 78' lang='grc' dir='ltr'><strong><em>προσεφεῦρε</em></strong></span> <span class='ocrx_word' id='word_1_267' title='bbox 644 2866 713 2892; x_wconf 84' lang='lat' dir='ltr'><strong><em>ex-</em></strong></span> 
     </span>
    </p>
   </div>
   <div class='ocr_carea' id='block_1_21' title="bbox 765 1751 1435 2596">
    <p class='ocr_par' dir='ltr' id='par_1_22' title="bbox 765 1751 1435 2596">
     <span class='ocr_line' id='line_1_56' title="bbox 772 1751 1435 1804; baseline 0.006 -17"><span class='ocrx_word' id='word_1_268' title='bbox 772 1764 943 1802; x_wconf 85' lang='lat' dir='ltr'>pressam</span> <span class='ocrx_word' id='word_1_269' title='bbox 962 1751 1150 1791; x_wconf 83' lang='lat' dir='ltr'>Valcken.</span> <span class='ocrx_word' id='word_1_270' title='bbox 1169 1755 1343 1792; x_wconf 79' lang='lat' dir='ltr'>voluerat</span> <span class='ocrx_word' id='word_1_271' title='bbox 1357 1785 1367 1804; x_wconf 82' lang='grc'><strong><em>,</em></strong></span> <span class='ocrx_word' id='word_1_272' title='bbox 1393 1756 1435 1791; x_wconf 86' lang='lat' dir='ltr'><strong><em>in</em></strong></span> 
     </span>
     <span class='ocr_line' id='line_1_57' title="bbox 771 1806 1433 1861; baseline 0.003 -15"><span class='ocrx_word' id='word_1_273' title='bbox 771 1809 889 1846; x_wconf 80' lang='lat' dir='ltr'>verbo</span> <span class='ocrx_word' id='word_1_274' title='bbox 911 1806 1172 1861; x_wconf 75' lang='grc' dir='ltr'><strong><em>ἐπιτηδεύσας</em></strong></span> <span class='ocrx_word' id='word_1_275' title='bbox 1191 1812 1302 1848; x_wconf 78' lang='lat' dir='ltr'>inest.</span> <span class='ocrx_word' id='word_1_276' title='bbox 1315 1813 1339 1831; x_wconf 73' lang='lat'><strong><em>‘⁶</em></strong></span> <span class='ocrx_word' id='word_1_277' title='bbox 1374 1813 1433 1848; x_wconf 82' lang='lat' dir='ltr'><strong><em>Ac</em></strong></span> 
     </span>
     <span class='ocr_line' id='line_1_58' title="bbox 771 1866 1435 1920; baseline 0.006 -20"><span class='ocrx_word' id='word_1_278' title='bbox 771 1866 844 1901; x_wconf 85' lang='lat' dir='ltr'>nisi</span> <span class='ocrx_word' id='word_1_279' title='bbox 872 1866 1001 1914; x_wconf 73' lang='lat' dir='ltr'>fallor,</span> <span class='ocrx_word' id='word_1_280' title='bbox 1039 1868 1157 1917; x_wconf 84' lang='lat' dir='ltr'>possis</span> <span class='ocrx_word' id='word_1_281' title='bbox 1189 1881 1344 1920; x_wconf 86' lang='lat' dir='ltr'>quoque</span> <span class='ocrx_word' id='word_1_282' title='bbox 1372 1869 1435 1904; x_wconf 87' lang='lat' dir='ltr'><strong><em>in-</em></strong></span> 
     </span>
     <span class='ocr_line' id='line_1_59' title="bbox 771 1921 1432 1972; baseline 0.008 -15"><span class='ocrx_word' id='word_1_283' title='bbox 771 1924 969 1972; x_wconf 80' lang='lat' dir='ltr'>terpretari</span> <span class='ocrx_word' id='word_1_284' title='bbox 987 1923 1252 1961; x_wconf 81' lang='lat' dir='ltr'>subaudiendo</span> <span class='ocrx_word' id='word_1_285' title='bbox 1270 1921 1432 1964; x_wconf 72' lang='grc' dir='ltr'><strong><em>ἕωυτόνε</em></strong></span> 
     </span>
     <span class='ocr_line' id='line_1_60' title="bbox 772 1978 1433 2033; baseline 0.006 -19"><span class='ocrx_word' id='word_1_286' title='bbox 772 1982 918 2015; x_wconf 68' lang='lat' dir='ltr'><strong><em>accessit</em></strong></span> <span class='ocrx_word' id='word_1_287' title='bbox 943 1978 995 2028; x_wconf 84' lang='lat' dir='ltr'><strong><em>(se</em></strong></span> <span class='ocrx_word' id='word_1_288' title='bbox 1017 1980 1161 2031; x_wconf 69' lang='lat' dir='ltr'><strong><em>attulit)</em></strong></span> <span class='ocrx_word' id='word_1_289' title='bbox 1184 1980 1233 2018; x_wconf 78' lang='lat' dir='ltr'><strong><em>acl</em></strong></span> <span class='ocrx_word' id='word_1_290' title='bbox 1252 1981 1305 2029; x_wconf 82' lang='lat' dir='ltr'><strong><em>id,</em></strong></span> <span class='ocrx_word' id='word_1_291' title='bbox 1329 1981 1433 2033; x_wconf 82' lang='lat' dir='ltr'>quod</span> 
     </span>
     <span class='ocr_line' id='line_1_61' title="bbox 771 2036 1433 2087; baseline 0.008 -17"><span class='ocrx_word' id='word_1_292' title='bbox 771 2036 844 2085; x_wconf 79' lang='lat' dir='ltr'>ipsi</span> <span class='ocrx_word' id='word_1_293' title='bbox 865 2043 944 2072; x_wconf 82' lang='lat' dir='ltr'>erat</span> <span class='ocrx_word' id='word_1_294' title='bbox 962 2038 1204 2087; x_wconf 70' lang='lat' dir='ltr'>permisstun.</span> <span class='ocrx_word' id='word_1_295' title='bbox 1224 2039 1433 2075; x_wconf 77' lang='lat' dir='ltr'>Alcmaeo-</span> 
     </span>
     <span class='ocr_line' id='line_1_62' title="bbox 770 2093 1433 2146; baseline 0.009 -19"><span class='ocrx_word' id='word_1_296' title='bbox 770 2093 828 2128; x_wconf 82' lang='lat' dir='ltr'><strong><em>nis</em></strong></span> <span class='ocrx_word' id='word_1_297' title='bbox 850 2101 1115 2130; x_wconf 84' lang='lat' dir='ltr'>commentum</span> <span class='ocrx_word' id='word_1_298' title='bbox 1148 2096 1270 2146; x_wconf 82' lang='lat' dir='ltr'>tangit</span> <span class='ocrx_word' id='word_1_299' title='bbox 1299 2108 1320 2131; x_wconf 81' lang='lat' dir='ltr'>a</span> <span class='ocrx_word' id='word_1_300' title='bbox 1339 2097 1433 2133; x_wconf 81' lang='lat' dir='ltr'>Val-</span> 
     </span>
     <span class='ocr_line' id='line_1_63' title="bbox 771 2147 1431 2203; baseline 0.009 -19"><span class='ocrx_word' id='word_1_301' title='bbox 771 2147 883 2187; x_wconf 80' lang='lat' dir='ltr'>cken.</span> <span class='ocrx_word' id='word_1_302' title='bbox 910 2149 1085 2188; x_wconf 79' lang='lat' dir='ltr'>laudatus</span> <span class='ocrx_word' id='word_1_303' title='bbox 1120 2153 1194 2188; x_wconf 79' lang='lat' dir='ltr'><strong><em>Dio</em></strong></span> <span class='ocrx_word' id='word_1_304' title='bbox 1238 2150 1431 2203; x_wconf 77' lang='lat' dir='ltr'><strong>Chrysost.</strong></span> 
     </span>
     <span class='ocr_line' id='line_1_64' title="bbox 771 2206 1430 2258; baseline 0.006 -16"><span class='ocrx_word' id='word_1_305' title='bbox 771 2206 834 2244; x_wconf 80' lang='lat' dir='ltr'><strong><em>Or.</em></strong></span> <span class='ocrx_word' id='word_1_306' title='bbox 857 2207 966 2244; x_wconf 75' lang='lat' dir='ltr'>XVII</span> <span class='ocrx_word' id='word_1_307' title='bbox 998 2221 1036 2258; x_wconf 83' lang='lat' dir='ltr'><strong><em>p.</em></strong></span> <span class='ocrx_word' id='word_1_308' title='bbox 1058 2209 1140 2249; x_wconf 78' lang='lat'><strong><em>253</em></strong></span> <span class='ocrx_word' id='word_1_309' title='bbox 1163 2216 1200 2245; x_wconf 84' lang='lat' dir='ltr'><strong><em>et</em></strong></span> <span class='ocrx_word' id='word_1_310' title='bbox 1230 2211 1430 2247; x_wconf 73' lang='lat' dir='ltr'><strong>Lxxvm</strong></span> 
     </span>
     <span class='ocr_line' id='line_1_65' title="bbox 769 2263 1429 2319; baseline 0.006 -19"><span class='ocrx_word' id='word_1_311' title='bbox 769 2276 808 2313; x_wconf 81' lang='lat' dir='ltr'><strong><em>P·</em></strong></span> <span class='ocrx_word' id='word_1_312' title='bbox 830 2263 925 2304; x_wconf 84' lang='lat'>659.</span> <span class='ocrx_word' id='word_1_313' title='bbox 961 2286 1014 2292; x_wconf 89' lang='lat'>—</span> <span class='ocrx_word' id='word_1_314' title='bbox 1053 2267 1098 2301; x_wconf 89' lang='lat' dir='ltr'><strong><em>In</em></strong></span> <span class='ocrx_word' id='word_1_315' title='bbox 1127 2267 1303 2316; x_wconf 77' lang='lat' dir='ltr'>proxime</span> <span class='ocrx_word' id='word_1_316' title='bbox 1323 2280 1429 2319; x_wconf 83' lang='lat' dir='ltr'>seqq.</span> 
     </span>
     <span class='ocr_line' id='line_1_66' title="bbox 769 2319 1429 2372; baseline 0.012 -17"><span class='ocrx_word' id='word_1_317' title='bbox 769 2320 896 2370; x_wconf 80' lang='lat' dir='ltr'>plures</span> <span class='ocrx_word' id='word_1_318' title='bbox 934 2319 1046 2360; x_wconf 84' lang='lat' dir='ltr'><strong>codd.</strong></span> <span class='ocrx_word' id='word_1_319' title='bbox 1099 2319 1215 2369; x_wconf 69' lang='grc' dir='ltr'><strong><em>ἐνδύς</em></strong></span> <span class='ocrx_word' id='word_1_320' title='bbox 1258 2326 1429 2372; x_wconf 76' lang='grc' dir='ltr'><strong><em>κιθῶνα,</em></strong></span> 
     </span>
     <span class='ocr_line' id='line_1_67' title="bbox 769 2376 1429 2431; baseline 0.006 -19"><span class='ocrx_word' id='word_1_321' title='bbox 769 2379 907 2414; x_wconf 79' lang='lat' dir='ltr'>omissa</span> <span class='ocrx_word' id='word_1_322' title='bbox 928 2391 1024 2415; x_wconf 79' lang='lat' dir='ltr'>voce</span> <span class='ocrx_word' id='word_1_323' title='bbox 1035 2376 1168 2430; x_wconf 77' lang='grc' dir='ltr'><strong><em>μέγαν,</em></strong></span> <span class='ocrx_word' id='word_1_324' title='bbox 1191 2393 1306 2431; x_wconf 77' lang='lat' dir='ltr'><strong>quam</strong></span> <span class='ocrx_word' id='word_1_325' title='bbox 1316 2393 1429 2431; x_wconf 77' lang='lat' dir='ltr'>prae-</span> 
     </span>
     <span class='ocr_line' id='line_1_68' title="bbox 765 2435 1429 2474; baseline 0.008 -5"><span class='ocrx_word' id='word_1_326' title='bbox 765 2439 825 2470; x_wconf 84' lang='lat' dir='ltr'><strong><em>ter</em></strong></span> <span class='ocrx_word' id='word_1_327' title='bbox 844 2435 934 2471; x_wconf 79' lang='lat' dir='ltr'>alios</span> <span class='ocrx_word' id='word_1_328' title='bbox 950 2441 1077 2471; x_wconf 81' lang='lat' dir='ltr'>tuetur</span> <span class='ocrx_word' id='word_1_329' title='bbox 1095 2436 1315 2474; x_wconf 80' lang='lat' dir='ltr'><strong>Eustathius</strong></span> <span class='ocrx_word' id='word_1_330' title='bbox 1334 2435 1429 2474; x_wconf 80' lang='lat' dir='ltr'>haec</span> 
     </span>
     <span class='ocr_line' id='line_1_69' title="bbox 766 2492 1428 2545; baseline 0.009 -19"><span class='ocrx_word' id='word_1_331' title='bbox 766 2492 882 2527; x_wconf 80' lang='lat' dir='ltr'>verba</span> <span class='ocrx_word' id='word_1_332' title='bbox 904 2492 1023 2529; x_wconf 78' lang='lat' dir='ltr'>citans</span> <span class='ocrx_word' id='word_1_333' title='bbox 1052 2492 1102 2530; x_wconf 85' lang='lat' dir='ltr'><strong><em>ad</em></strong></span> <span class='ocrx_word' id='word_1_334' title='bbox 1117 2494 1163 2534; x_wconf 88' lang='lat' dir='ltr'><strong><em>Il.</em></strong></span> <span class='ocrx_word' id='word_1_335' title='bbox 1183 2507 1224 2545; x_wconf 89' lang='lat' dir='ltr'><strong><em>p.</em></strong></span> <span class='ocrx_word' id='word_1_336' title='bbox 1255 2494 1351 2542; x_wconf 86' lang='lat'><strong><em>655,</em></strong></span> <span class='ocrx_word' id='word_1_337' title='bbox 1373 2496 1428 2535; x_wconf 80' lang='lat'><strong><em>62</em></strong></span> 
     </span>
     <span class='ocr_line' id='line_1_70' title="bbox 766 2546 978 2596; baseline -0.005 -8"><span class='ocrx_word' id='word_1_338' title='bbox 766 2560 797 2584; x_wconf 88' lang='lat' dir='ltr'><strong><em>s.</em></strong></span> <span class='ocrx_word' id='word_1_339' title='bbox 819 2546 913 2596; x_wconf 81' lang='lat'><strong>521,</strong></span> <span class='ocrx_word' id='word_1_340' title='bbox 937 2547 978 2588; x_wconf 86' lang='lat'><strong><em>5.</em></strong></span> 
     </span>
    </p>
   </div>
   <div class='ocr_carea' id='block_1_22' title="bbox 766 2623 1426 2907">
    <p class='ocr_par' dir='ltr' id='par_1_23' title="bbox 766 2623 1426 2907">
     <span class='ocr_line' id='line_1_71' title="bbox 824 2623 1426 2681; baseline 0 -16"><span class='ocrx_word' id='word_1_341' title='bbox 824 2625 894 2665; x_wconf 86' lang='grc' dir='ltr'><strong><em>καὶ</em></strong></span> <span class='ocrx_word' id='word_1_342' title='bbox 914 2623 1066 2667; x_wconf 86' lang='grc' dir='ltr'><strong><em>κόλπον</em></strong></span> <span class='ocrx_word' id='word_1_343' title='bbox 1087 2625 1236 2678; x_wconf 72' lang='grc' dir='ltr'><strong><em>πολῦν]</em></strong></span> <span class='ocrx_word' id='word_1_344' title='bbox 1268 2630 1426 2681; x_wconf 78' lang='lat' dir='ltr'><strong>Aliquot</strong></span> 
     </span>
     <span class='ocr_line' id='line_1_72' title="bbox 766 2679 1424 2735; baseline 0.006 -16"><span class='ocrx_word' id='word_1_345' title='bbox 766 2683 853 2720; x_wconf 83' lang='lat' dir='ltr'>libri</span> <span class='ocrx_word' id='word_1_346' title='bbox 872 2679 1022 2723; x_wconf 82' lang='grc' dir='ltr'><strong><em>κόλπον</em></strong></span> <span class='ocrx_word' id='word_1_347' title='bbox 1040 2682 1190 2735; x_wconf 70' lang='grc' dir='ltr'><strong><em>βαθύν,</em></strong></span> <span class='ocrx_word' id='word_1_348' title='bbox 1213 2688 1319 2723; x_wconf 85' lang='lat' dir='ltr'><strong>cuius</strong></span> <span class='ocrx_word' id='word_1_349' title='bbox 1339 2687 1424 2723; x_wconf 86' lang='lat' dir='ltr'>loco</span> 
     </span>
     <span class='ocr_line' id='line_1_73' title="bbox 766 2737 1425 2792; baseline 0.009 -16"><span class='ocrx_word' id='word_1_350' title='bbox 766 2741 933 2778; x_wconf 85' lang='lat' dir='ltr'>Florent.</span> <span class='ocrx_word' id='word_1_351' title='bbox 955 2737 1079 2792; x_wconf 75' lang='grc' dir='ltr'><strong><em>βαθύ.</em></strong></span> <span class='ocrx_word' id='word_1_352' title='bbox 1109 2742 1162 2777; x_wconf 88' lang='lat' dir='ltr'><strong><em>At</em></strong></span> <span class='ocrx_word' id='word_1_353' title='bbox 1186 2739 1332 2789; x_wconf 85' lang='grc' dir='ltr'><strong><em>κόλπος</em></strong></span> <span class='ocrx_word' id='word_1_354' title='bbox 1348 2757 1425 2782; x_wconf 90' lang='grc' dir='ltr'><strong><em>πο-</em></strong></span> 
     </span>
     <span class='ocr_line' id='line_1_74' title="bbox 767 2795 1425 2847; baseline 0.002 -12"><span class='ocrx_word' id='word_1_355' title='bbox 767 2795 839 2844; x_wconf 80' lang='grc' dir='ltr'><strong><em>λυ“ς</em></strong></span> <span class='ocrx_word' id='word_1_356' title='bbox 872 2804 927 2835; x_wconf 85' lang='lat' dir='ltr'><strong><em>est</em></strong></span> <span class='ocrx_word' id='word_1_357' title='bbox 959 2799 1056 2834; x_wconf 78' lang='lat' dir='ltr'><em>sinus</em></span> <span class='ocrx_word' id='word_1_358' title='bbox 1075 2797 1236 2847; x_wconf 73' lang='lat' dir='ltr'><strong><em>amplus,</em></strong></span> <span class='ocrx_word' id='word_1_359' title='bbox 1260 2806 1303 2835; x_wconf 87' lang='lat' dir='ltr'><strong><em>ut</em></strong></span> <span class='ocrx_word' id='word_1_360' title='bbox 1322 2806 1425 2836; x_wconf 79' lang='lat' dir='ltr'>recte</span> 
     </span>
     <span class='ocr_line' id='line_1_75' title="bbox 768 2853 1425 2907; baseline 0.005 -17"><span class='ocrx_word' id='word_1_361' title='bbox 768 2854 1032 2905; x_wconf 80' lang='lat' dir='ltr'>interpretatur</span> <span class='ocrx_word' id='word_1_362' title='bbox 1041 2853 1425 2907; x_wconf 80' lang='lat' dir='ltr'>Schweighaeus.,ci-</span> 
     </span>
    </p>
   </div>
  </div>
 </body>
</html>
