1806 3181
301 159 386 200 820
852 164 1205 204 ἶΑῙ)Ι)ΕΝῙ)Α

521 268 625 302 demis
645 268 767 303 Atticis
791 281 889 305 unum
913 276 1015 317 caput
1038 273 1239 319 impendisse
1261 277 1384 322 campis
1394 278 1615 316 Marathoniis
1635 282 1774 329 locoque

517 325 654 393 lpugpale
689 317 881 393 apcuratius
924 319 1156 355 describendo.
1204 322 1272 356 Sed
1295 324 1406 369 ipsum
1447 325 1569 361 librum
1607 328 1787 382 inspicere-¹

543 371 583 393 au
643 372 710 393 1cu1
730 387 738 395 .

301 412 352 448 Ad
376 414 435 455 VI,
460 416 526 451 106
542 426 619 460 pag.
644 417 712 451 376
735 416 790 451 lin.
807 419 830 452 2
865 420 970 453 verba
992 417 1042 465 μή
1071 420 1116 456 ου’
1141 421 1296 466 πλήρεος
1320 422 1448 466 ἐόντος
1471 428 1539 461 τοῦ
1564 426 1699 463 κύκλου
1723 430 1774 467 sic

515 461 692 494 vernacule
716 463 884 506 expressit
907 466 1075 511 Hartung.
1103 468 1124 502 l.
1143 469 1164 502 l.
1189 470 1286 504 Tom.
1310 471 1343 504 11
1366 484 1443 516 pag.
1470 475 1552 507 173:
1576 475 1690 508 indcm
1714 477 1791 511 der,

513 507 623 540 Nlond
647 508 740 541 nicht
763 510 944 545 nicht-vell
967 524 1047 556 seyn
1071 515 1165 554 darf,
1188 527 1285 549 wenn
1307 518 1356 550 sie
1379 520 1580 559 auszielzen5
1627 520 1793 565 itemque'·

517 553 564 585 G.
590 552 770 587 Hermann.
797 554 832 587 in
855 556 1038 592 Schulzeit.
1065 561 1152 594 1833
1177 572 1225 593 nr.
1250 564 1294 596 99
1318 572 1394 606 pag.
1411 565 1489 604 789,
1513 565 1620 598 citans
1641 567 1794 611 quoque‘

514 597 641 631 Herod.
668 598 712 634 11.
740 601 824 634 110:
848 603 920 642 „sie
944 605 1083 638 wilrden
1099 607 1193 640 nicht
1213 618 1267 639 am
1280 614 1425 642 neunten
1449 611 1640 653 auszieheu,
1664 612 1787 650 damit,

514 643 564 676 sie
586 643 682 677 nicht
705 645 764 688 hey
788 648 882 681 nicht
904 650 1024 682 vollem
1049 652 1176 684 Mende
1199 655 1410 697 auszbgen.“

298 695 352 730 Ad
377 698 435 739 VI,
462 699 527 734 108
551 710 627 742 pag.
646 700 714 734 380
736 700 792 734 lin.
813 705 828 736 1
857 700 924 737 (niu
939 702 1142 749 ἠπίστησαν
1165 707 1291 751 Negris
1313 708 1556 756 interpretatur
1579 709 1647 746 οὐκ
1665 709 1766 757 vinet-
1792 751 1795 753 ,

513 746 649 788 θησαν,
675 745 780 779 citans
804 747 960 791 Sophocl.
988 752 1102 795 Antig.
1129 754 1206 788 225.
1231 755 1311 789 387.

298 800 353 833 Ad
377 801 433 841 VI,
459 802 524 837 109
548 813 624 846 pag.
648 803 716 836 383
740 803 797 836 lin.
825 806 877 839 15.
925 806 977 841 Ad
1007 808 1114 841 verba
1143 808 1205 843 καὶ
1237 806 1275 843 ἐκ
1299 808 1360 844 σέο
1386 807 1546 855 ἅρτηται
1584 814 1672 849 conf.
1699 816 1794 864 Ho-s,

513 858 595 880 mer.
611 848 735 890 Odyss.
763 849 819 891 VI,
838 854 914 891 197,
939 853 995 886 ubi
1005 853 1092 886 hunc
1103 854 1266 888 Herodoti
1289 856 1396 890 locum
1413 859 1497 891 bene
1506 858 1607 892 affert
1618 859 1774 896 Nitzsch.

511 892 616 926 Paulo
641 899 718 927 ante
741 895 782 928 ad
808 896 1006 931 locutionem
1030 899 1079 943 (p.
1103 901 1238 935 3821511.
1262 900 1310 945 4)
1335 899 1372 935 ἐν
1406 902 1465 937 σοὶ
1487 923 1533 928 -
1557 902 1643 947 ἔστι,
1667 918 1773 951 penes
1791 937 1798 946 ,Δ

514 943 549 972 te
573 944 634 979 est,
659 939 762 973 multa
784 941 898 975 attulit
921 944 1106 978 Blomfield.
1130 946 1172 979 ad
1197 947 1353 991 Aeschyl.
1378 948 1474 982 Pers.
1497 951 1573 984 177.
1785 993 1790 1002 .

296 991 350 1026 Ad
375 992 432 1035 VI,
456 995 624 1049 109‚pag.
647 996 795 1050 384'lin.
824 1000 854 1033 1.
878 1001 910 1034 2.
958 1000 1086 1043 Negris
1109 1002 1215 1057 edidit
1237 999 1285 1054 ἢν
1306 1001 1350 1057 ῥὲ
1382 1001 1441 1057 τοὶ
1456 1005 1562 1058 .(pro
1585 1004 1672 1061 τὴν)
1697 1009 1773 1065 τῶν
1794 1005 1806 1095 ³

513 1042 822 1131 αηζὲεἷξεέῇὲντων
846 1056 878 1079 κ.
899 1057 930 1080 τ,
947 1046 978 1079 λ.
1004 1050 1039 1080 et
1060 1058 1122 1092 pro
1147 1050 1227 1094 ελῃ,
1259 1050 1317 1083 ubl
1349 1050 1508 1084 Rmskms
1531 1059 1676 1087 coniecit
1698 1065 1771 1100 εχῃ,

297 1137 349 1172 Ad
373 1140 431 1183 VI,
457 1143 522 1176 112
549 1155 627 1187 pag.
652 1146 719 1179 387
742 1145 799 1179 lin.
823 1147 846 1181 2
867 1147 912 1180 ad
936 1148 1060 1182 verba:
1083 1149 1225 1191 πρῶτοι
1247 1148 1287 1184 δὲ
1320 1149 1516 1196 ἀνέσχοντο
1539 1165 1573 1188 κ.
1603 1166 1637 1189 τ.
1671 1156 1702 1190 λ.
1725 1157 1770 1191 cf.

511 1189 699 1224 Blomfield.
724 1191 766 1224 ad
789 1193 946 1236 Aeschyl.
965 1194 1058 1228 Pers.
1082 1197 1139 1237 27,
1164 1195 1220 1239 qui
1242 1196 1330 1230 idem
1354 1197 1389 1231 in
1413 1198 1567 1235 Glossar.
1593 1200 1638 1234 ad
1660 1201 1772 1236 choe-

512 1235 608 1279 phor.
633 1237 701 1270 980
725 1238 769 1270 ad
791 1248 936 1281 sequens
959 1236 1049 1279 τέως
1073 1237 1111 1273 δὲ
1138 1242 1370 1276 conserendus.

296 1286 349 1319 Ad
372 1288 430 1330 VI,
460 1291 523 1324 113
550 1302 628 1334 pag.
653 1293 721 1328 387
743 1293 798 1326 lin.
825 1295 846 1328 9
871 1293 1048 1328 dictionem
1073 1293 1109 1335 ἐς
1131 1294 1200 1340 τὴν
1222 1297 1423 1342 μεσόγαιαν
1446 1301 1545 1334 Ross.
1561 1301 1604 1336 ad
1623 1302 1682 1345 VI,
1704 1305 1772 1339 102
1796 1303 1799 1306 ’

511 1336 666 1370 laudatus
691 1338 836 1383 accipit:
862 1341 1131 1384 lundeinwcirts,
1163 1343 1188 1378 i.
1215 1355 1243 1380 e.
1279 1346 1344 1379 den
1376 1347 1570 1381 westlichen
1607 1349 1796 1384 Thalarm'

511 1382 647 1424 hinauf.
1792 1403 1806 1428 ἰ

295 1431 347 1466 Ad
370 1433 429 1477 VI,
455 1435 521 1470 114
545 1448 621 1481 pag.
644 1439 711 1473 388
732 1438 789 1472 lin.
816 1439 833 1472 1
859 1439 902 1473 ad
927 1438 1001 1475 ἀπὸ
1029 1439 1061 1475 δ’
1087 1440 1200 1477 ἔθανε
1223 1446 1310 1479 conf.
1333 1446 1462 1484 Herod.
1498 1449 1592 1489 VIII,
1616 1451 1672 1485 89.
1716 1451 1771 1485 Ad
1798 1459 1806 1493 i

511 1483 616 1516 verba
639 1486 714 1517 τῶν
739 1480 937 1527 ἀφλάστων
959 1484 1048 1530 νηὸς
1076 1489 1159 1522 haec
1193 1490 1373 1536 adscripsit
1406 1493 1550 1537 Negris:
1579 1491 1771 1538 ἄφλαστον
1804 1529 1806 1531 ,

513 1524 674 1562 ἐκαλεῖτο
703 1528 746 1564 τὸ
782 1527 968 1573 ἀνώτερον
995 1531 1107 1576 μέρος
1129 1535 1196 1578 τῆς
1218 1534 1407 1581 πρύμνης·
1442 1536 1518 1573 nimi
1545 1541 1612 1574 τοῦ
1629 1540 1677 1586 μὴ
1705 1540 1769 1585 ῥα·
1800 1564 1805 1570 ·

511 1573 598 1613 δίως
623 1575 792 1617 φλᾶσθαι
814 1574 981 1610 τουτέστι
1003 1579 1172 1613 θλᾶσθαι
1188 1592 1196 1600 ·
1218 1579 1313 1616 nate}
1336 1580 1403 1617 τόν
1426 1581 1652 1619 Εὕστάθιον.
1676 1587 1768 1621 Idem
1800 1584 1806 1596 ⁵

509 1617 604 1652 initio
627 1632 699 1664 seq.
723 1632 797 1665 cap.
816 1618 1167 1667 ἐξανακρουσάμενοι
1189 1626 1277 1661 idem
1301 1640 1374 1662 esse
1399 1630 1448 1662 ait
1470 1636 1573 1675 atque
1599 1630 1771 1676 τὴνπρύ-
1804 1646 1806 1650 ’

510 1675 607 1706 μναν
629 1665 973 1709 κρουσάμενοικδοά
996 1681 1082 1713 quae
1098 1682 1173 1715 cap.
1201 1673 1267 1707 114
1290 1674 1332 1706 de
1359 1676 1552 1721 Cynaegiro
1581 1678 1687 1711 tradit
1697 1679 1770 1711 He-

511 1710 661 1752 rodotus,
684 1723 727 1745 ex
749 1712 792 1745 iis
815 1712 897 1756 ipsis
920 1713 1106 1754 historiam,
1132 1728 1232 1760 quam
1263 1718 1340 1752 inde
1365 1721 1481 1754 retulit
1504 1721 1651 1756 Iustinus
1674 1723 1719 1766 ΙΙ,
1733 1725 1767 1765 9,

512 1755 688 1835 ξεέῐέθῗξὲἓι
705 1769 780 1836 8359
802 1757 990 1793 arbitratur
1011 1760 1197 1796 Blomfield.
1223 1763 1258 1796 in
1281 1765 1432 1799 Glossar.
1456 1766 1498 1800 ad
1508 1767 1768 1812 AeschyliPers.
1796 1803 1806 1822 r

676 1814 715 1835 en
741 1829 750 1838 .

295 1850 348 1885 Ad
369 1853 429 1896 VI,
456 1856 518 1891 121
542 1869 620 1902 pag.
647 1861 715 1895 396
737 1859 793 1893 lin.
819 1861 852 1894 5.
878 1863 911 1896 6.
958 1861 1011 1896 Ad
1034 1863 1218 1906 particulas
1250 1876 1289 1899 τε
1311 1864 1381 1910 γὰρ
1407 1866 1456 1900 ita
1478 1868 1600 1903 iunctis
1624 1870 1768 1914 faciunt,

511 1915 597 1947 quae
621 1904 804 1959 disputavit
833 1906 999 1952 Hartung.
1031 1909 1143 1944 Lehre
1167 1922 1232 1945 von
1256 1912 1321 1945 den
1346 1912 1560 1951 Griechisch.
1591 1916 1725 1952 Partik.
1750 1916 1769 1950 1
1804 1956 1806 1958 ,

296 1998 346 2032 Ad
371 2000 429 2045 VI,
455 1960 579 2050 122papg.
601 1952 679 2041 392.
695 2008 776 2042 397.
823 2007 898 2042 Hoc
921 2013 1035 2054 caput,
1058 2011 1148 2056 quod
1165 2013 1328 2047 Herodoti
1338 2026 1411 2049 num
1423 2016 1479 2056 sit,
1490 2015 1645 2051 dubitare
1665 2028 1768 2063 quos-
1804 2059 1806 2062 Ι

512 2051 588 2084 dam
612 2052 682 2085 dixi
703 2052 736 2086 in
759 2058 826 2086 not.
849 2055 1028 2096 genuinum
1050 2056 1174 2091 habent
1196 2065 1231 2092 et
1254 2060 1378 2104 Negris
1402 2067 1437 2095 et
1460 2062 1604 2098 Schoell.
1621 2063 1656 2097 in
1679 2075 1767 2100 vers,
1796 2081 1806 2112 1

510 2098 700 2131 vernacula.
746 2099 817 2131 Sed
854 2100 1026 2134 Bekkerus
1054 2106 1160 2136 totum
1187 2109 1287 2150 caput
1312 2118 1331 2139 e
1355 2110 1450 2140 textu
1472 2108 1482 2140 i
1509 2120 1545 2141 so
1572 2108 1712 2143 eiectum
1732 2109 1767 2143 in
1794 2116 1806 2140 -θ

511 2146 593 2175 nota
616 2143 767 2178 exhibuit
789 2144 840 2178 his
864 2146 975 2179 verbis
999 2148 1094 2182 modo
1118 2151 1326 2192 praemissis:
1351 2152 1458 2193 „Post
1480 2153 1684 2197 εμηχανᾶτο
1696 2154 1767 2198 ple·
1800 2167 1806 2193 ἰ

510 2186 607 2230 rique
638 2189 806 2222 addunt.“
851 2190 936 2224 Ibid.
971 2203 1048 2237 pag.
1079 2195 1228 2232 3971in.
1252 2197 1274 2231 6
1303 2208 1364 2242 pro
1389 2195 1538 2242 ἐγίνετο,
1561 2199 1651 2244 quod
1676 2199 1765 2243 dedi,
1801 2206 1806 2243 J

510 2231 657 2266 Bekker.
682 2234 822 2268 retinuit
846 2233 998 2278 ἐγένετο.
1802 2246 1806 2276 i

297 2283 346 2317 Ad
370 2284 429 2326 VI,
456 2287 519 2321 12⁴
544 2299 622 2332 pag.
645 2290 784 2324 3931in.
807 2292 867 2326 ult.
893 2294 1018 2328 Graec.
1042 2297 1125 2329 text.
1152 2294 1331 2342 ἀνεδέχθη
1362 2296 1427 2341 μὲν
1450 2297 1520 2343 γὰρ
1545 2297 1667 2341 οἷσπίς.
1711 2302 1766 2337 De
1794 2302 1806 2348 ,ἦ

511 2345 572 2366 usu
604 2335 792 2378 particulae
829 2336 897 2380 γὰρ
924 2341 1047 2374 confer.
1073 2342 1240 2386 Hartung.
1275 2344 1298 2379 l.
1328 2343 1348 2377 Ι.
1381 2345 1480 2379 Tom.
1503 2346 1521 2380 I
1542 2357 1577 2392 p.
1602 2346 1682 2390 472,
1705 2348 1765 2382 ubi
1797 2354 1806 2387 ‘j

513 2390 646 2424 quoque
669 2380 796 2414 excitat
818 2382 942 2416 Herod.
970 2385 1032 2426 IX,
1056 2387 1111 2420 46.
1136 2388 1191 2421 50.

300 2432 349 2465 Ad
373 2433 432 2475 VI,
458 2436 524 2471 127
548 2447 580 2480 p.
605 2435 671 2471 403
694 2437 751 2470 lin.
780 2440 809 2472 1.
855 2439 907 2471 Ad
931 2452 1030 2474 voces
1054 2439 1104 2481 εἶς
1128 2438 1244 2487 α’νήρ,
1268 2445 1326 2479 ubi
1349 2446 1575 2492 superlativus
1597 2460 1762 2494 praegre-
1804 2467 1806 2469 ·

511 2481 604 2514 ditur
628 2483 713 2515 conf.
738 2483 922 2517 Blomfield.
942 2486 1092 2520 Glossar.
1118 2489 1159 2520 ad
1183 2491 1335 2535 Aeschyl.
1360 2493 1452 2526 Pers.
1486 2494 1565 2529 333.
1612 2495 1696 2530 Ibid.
1720 2495 1763 2532 de
1803 2521 1806 2533 .

511 2527 594 2559 urbe
617 2528 688 2561 Sin·
709 2530 794 2562 conf.
821 2529 919 2563 etiam
941 2530 1102 2566 Herodot.
1127 2534 1218 2575 VIII,
1243 2538 1298 2578 62,
1321 2538 1379 2572 ubi
1397 2537 1522 2584 Negris
1543 2541 1656 2574 nescio
1673 2541 1762 2576 unde

512 2572 624 2613 affert,
649 2573 733 2606 hanc
756 2575 870 2608 urbem
894 2587 980 2610 nunc
1002 2578 1116 2611 vocari
1144 2582 1263 2618 Senno.

298 2624 348 2658 Ad
378 2626 438 2668 vl,
478 2629 542 2663 128
573 2640 650 2673 pag.
685 2629 752 2665 406
779 2631 834 2665 lin.
868 2634 923 2668 11.
970 2634 1092 2678 Vopem
1127 2632 1236 2680 ὀργῆς
1266 2639 1394 2682 Negris
1415 2639 1669 2686 linterpretatur
1689 2639 1759 2685 τὴν
1800 2667 1806 2674 .

510 2672 645 2716 κλίσιν,
676 2674 744 2720 τὴν
777 2675 912 2720 φύσιν,
943 2675 985 2713 τὸ
1009 2680 1117 2723 η’θος,
1133 2679 1199 2716 τόν
1221 2683 1434 2730 χαρακτῆρά
1449 2698 1534 2720 των.
1581 2686 1651 2727 Qui
1671 2685 1759 2721 idem
1804 2694 1806 2697 '

511 2730 585 2764 cap.
620 2723 683 2756 129
714 2721 785 2756 init.
813 2723 878 2766 τῆς
899 2726 1127 2767 κατακλίσιος
1149 2728 1215 2762 τοῦ
1238 2727 1356 2772 γάμου
1379 2731 1503 2777 accipit
1534 2731 1599 2775 τῆς
1619 2729 1758 2766 τελειῶ-
1797 2711 1806 2789 4

1793 2945 1806 3181 g
