1789 3213
451 139 927 177 POLYMNIA.
985 139 1088 177 VII.

1316 141 1399 182 7⁰9

145 246 205 299 ὥς
233 247 425 298 διέδεξαν
455 245 523 290 ὅτι
541 247 596 291 οὔ
625 259 704 304 σφι
719 247 878 304 ἥνδανε
897 247 950 291 τοὶ
981 248 1026 291 οἱ
1045 245 1266 290 Ἀλευάδαι
1296 246 1399 303 ἐμη-

111 315 375 371 Ξχανέωντο.
434 314 524 358 ἐπεί
552 331 596 358 τε
624 315 705 371 γὰρ
735 313 953 358 έπυθεάτο
984 313 1160 370 τάχιστα
1188 313 1400 369 μέλλοντα

139 384 380 439 διαβαίνειν
410 381 489 425 τόν
521 383 698 438 Πέρσην
734 382 777 433 ές
806 381 886 437 τὴν
915 381 1151 438 Εὐρώπην,
1181 381 1399 436 πέμπουσι

140 450 183 502 ἐς
213 450 291 493 τόν
317 447 499 505 Ἰσθμὸν
530 449 749 506 ἀγγέλους.
782 449 828 492 έν
854 448 899 492 δὲ
928 454 989 509 τῷ
1016 450 1179 508 Ἰσθμῷ
1207 445 1320 505 ἦσαν
1350 449 1400 493 ἆ-

138 518 329 574 λισμένοι
357 515 602 572 πρόβουλοι
630 521 704 574 τῆς
728 515 956 568 Ἑλλάδος,
995 517 1280 573 ἀραιρημένοι
1310 515 1394 561 ἀπὸ
1410 525 1455 559 55

137 589 225 628 τῶν
267 587 432 630 πολίων
460 589 549 628 τῶν
577 585 629 629 τοὶ
661 586 822 642 ἀμείνω
854 584 1163 640 φρονεουσέων
1192 585 1291 638 περὶ
1320 585 1400 641 τὴν

108 649 343 695 3Ἑλλοὲδα.
403 652 662 709 ἀπικόμενοι
706 653 751 696 δὲ
793 652 862 695 ἐπὶ
902 652 1086 703 τούτους
1116 655 1206 694 τῶν
1239 654 1397 694 Θεσσα-

135 723 225 763 λῶν
254 722 297 764 οἷ
325 720 507 776 ἄγγελοι,
540 722 710 777 ἔλεγον·
741 719 942 775 ,,’Ἀνδρες
960 719 1186 775 Ἕλληνες,
1217 720 1285 762 δεῖ
1312 735 1398 773 φυ-

135 787 398 840 ,,λάσσεσθαι
437 789 518 845 τήν
549 789 732 846 ἐσβολὴν
767 789 847 846 την
874 788 1154 843 Ὀλυμπικὴν,
1185 787 1257 829 ἵνα
1291 789 1398 829 Θεσ-

137 858 292 912 ,,σαλίη
329 873 373 901 τε
417 859 490 901 καὶ
528 856 554 914 ἡ
588 857 794 914 σύμπασα
837 851 867 913 ᾗ
892 854 1045 906 Ἑλλάς
1075 854 1121 898 ἐν
1151 854 1284 911 σκέπῃ
1314 856 1395 896 τοῦ

107 923 366 980 4,,πολέμου.
423 926 544 982 ἡμεῖς
575 925 653 981 μέν
684 941 767 968 νυν
795 924 960 980 ἕτοῖμοί
991 925 1105 980 εἰμεν
1144 921 1396 978 συμφυλάσ-
1408 927 1453 961 60

135 1001 275 1042 ,,σειν·
306 992 488 1048 πέμπειν
524 996 569 1038 δὲ
601 993 681 1050 χρὴ
711 994 785 1037 καὶ
813 993 950 1048 ὑμέας
981 989 1186 1047 στρατιὴν
1215 988 1395 1046 πολλήν·

133 1055 240 1111 ,,ὦς,
271 1059 309 1101 εἰ
336 1060 394 1116 μὴ
433 1063 639 1117 πέμψετε,
671 1062 903 1104 ἐπίστασθε
947 1058 1081 1116 ἡμέας
1113 1057 1395 1114 ὁμολογήσειν

107 1132 128 1165 5
140 1129 228 1183 ,,τςὸ
267 1128 430 1185 Πέρσῃ.

493 1127 548 1172 οὐ
587 1127 671 1184 γάρ
713 1144 782 1171 τοι
814 1127 1169 1182 προκατημένους
1206 1129 1393 1169 τοσοῦτο

133 1193 246 1249 ,,πρὸ
286 1199 362 1251 τῆς
400 1194 528 1252 ἄλλης
564 1194 780 1247 Ἑλλάδος,
814 1194 1010 1251 μούνους
1039 1193 1125 1248 πρὸ
1156 1191 1304 1248 ὑμέων
1334 1194 1450 1235 δεῖ65

105 1260 418 1314 6,,ἆπολέσθαι.
449 1263 652 1321 βοηθέειν
681 1265 727 1308 δὲ
752 1262 807 1308 οὐ
840 1261 1117 1320 βουλόμενοι,
1147 1260 1393 1317 ἀναγκαίην

76 1449 282 1497 attulimus,
304 1448 352 1486 ad
371 1450 417 1497 V,
441 1447 533 1491 124.
563 1451 621 1486 De
632 1456 733 1487 stru-

76 1513 182 1544 ctura
202 1504 313 1543 huius
335 1507 439 1544 verbi
468 1506 568 1545 conf,
595 1505 731 1548 Matth.

74 1563 141 1600 Gr.
165 1564 230 1600 Gr.
261 1564 298 1608 ξ.
329 1561 424 1604 549.
459 1562 484 1603 5
525 1570 605 1600 not.
642 1575 729 1613 pag.

76 1621 196 1667 1078,
220 1620 287 1671 qui
306 1618 409 1656 idem
430 1618 477 1656 de
491 1619 616 1656 forma
632 1619 729 1659 ἔπυ-

72 1673 197 1715 θέατο
227 1677 371 1713 consul.
401 1677 438 1721 §-
467 1679 559 1724 206,
581 1675 607 1716 4
638 1689 727 1727 pag·

74 1731 156 1774 384
187 1734 281 1778 et§.
307 1731 400 1780 204,
421 1735 461 1772 7.
482 1733 518 1768 b.
539 1746 577 1783 p.
600 1734 694 1772 378.

129 1787 172 1828 ἔν
196 1786 238 1827 δὲ
259 1791 314 1842 τῷ
335 1782 626 1842 Ἰσθμῷησαν]
639 1787 726 1827 Vid.

72 1844 154 1891 VII,
178 1843 270 1886 145.
302 1846 377 1881 Pro
410 1844 515 1892 ἕσαν,
536 1852 578 1882 ut
597 1845 727 1895 vulgo,

74 1899 162 1938 dedi
199 1901 314 1951 ἠσαν.
374 1900 436 1937 Ad
463 1914 598 1938 vocem
626 1898 730 1952 πρό-

74 1956 214 2008 βουλοι
235 1957 284 1994 cf.
305 1956 369 2004 VI,
391 1959 432 1996 7.
477 1958 614 2008 Attigit
629 1971 729 2009 quo-

75 2026 148 2065 que
168 2012 351 2050 Niebuhr.
372 2015 469 2054 Hist.
500 2016 613 2051 Rom.
633 2016 669 2050 H
688 2028 727 2064 p.

72 2071 127 2109 29
151 2068 210 2106 ed.
232 2068 402 2118 secund„
439 2071 507 2107 ubi
525 2072 728 2108 vernacule

71 2125 124 2163 sic
145 2127 222 2163 eius
243 2128 323 2164 vim
343 2125 488 2164 reddit:
539 2128 595 2165 die
620 2128 728 2176 abge-

71 2182 279 2232 geordneten
339 2182 451 2220 Boten
502 2184 727 2221 verbiiudeter

74 2239 226 2289 Stiidte3
255 2253 381 2292 neque
409 2241 511 2277 enim
546 2236 726 2291 προβού-

72 2298 167 2341 λους
181 2297 307 2333 v'ocari
324 2298 415 2334 alios
428 2304 540 2349 atque
563 2310 637 2344 eos,
660 2298 726 2349 qui

73 2352 162 2388 alibi
182 2353 416 2403 appellentur
432 2351 600 2406 ἄγγελοι,
620 2352 726 2390 idem

73 2407 190 2446 addit.
247 2411 304 2445 De
333 2422 426 2446 voce
468 2408 726 2462 ἀραιρημένοι

71 2464 150 2504 vid.
170 2471 268 2501 nott.
294 2464 342 2502 ad
363 2467 442 2513 VII,
463 2468 529 2519 83.
586 2465 650 2504 Ad
664 2468 725 2504 lo-

73 2522 266 2559 cntionem
294 2536 341 2559 τα
376 2517 524 2571 α’μείνω
558 2527 723 2574 φρονεῖν

71 2576 150 2617 vid.
170 2578 281 2615 allata
310 2576 359 2614 ad
379 2577 461 2625 VII,
484 2577 588 2626 145,
619 2586 656 2616 et
675 2578 724 2616 ad

72 2635 188 2673 verba
220 2633 263 2674 ἐν
293 2631 418 2688 σκέπῃ
451 2635 524 2673 τοῦ
549 2633 724 2685 πολέμου

72 2691 184 2729 allata
223 2690 270 2727 ad
299 2692 330 2738 I,
366 2689 459 2731 143.
515 2688 578 2726 Ad
613 2703 726 2728 voces

72 2744 147 2799 τήν
176 2743 346 2799 ἐσβολήν
375 2742 451 2797 τήν
478 2739 726 2799 Ὀλυμπικήν

792 1449 825 1488 C
834 1448 1031 1486 r.conferri
1040 1447 1120 1485 vult
1133 1447 1267 1498 Heyne
1287 1446 1447 1498 Opuscc.

786 1505 933 1543 Acadd.
962 1505 1014 1542 IV
1047 1517 1134 1554 pag.
1160 1506 1238 1544 196
1266 1509 1362 1539 nott.
1393 1524 1448 1530 —

786 1562 906 1601 Verbi
945 1561 1184 1600 ἐπίστασθαι
1215 1566 1447 1596 structuram

787 1632 878 1656 cum
908 1617 1094 1654 infinitivo
1127 1623 1233 1653 notat
1262 1614 1448 1653 Matthiae

785 1676 921 1713 Gr.Gr.
935 1676 972 1720 ξ.
985 1672 1078 1721 549,
1093 1674 1129 1711 b.
1143 1679 1224 1710 not.
1237 1676 1310 1723 2p.
1326 1674 1447 1712 1079.

840 1728 1171 1784 προκατημένους
1190 1728 1392 1776 τοσοῦτο]
1419 1729 1446 1765 i.

785 1801 818 1825 e.
839 1802 913 1836 nos,
933 1789 994 1837 qui
1018 1790 1090 1823 tam
1121 1786 1226 1834 longe
1257 1789 1337 1823 ante
1359 1784 1447 1821 reli-

787 1858 891 1895 quam
923 1845 1111 1882 Graeciam
1147 1842 1241 1879 sedes
1279 1841 1446 1879 habemus

785 1915 815 1938 s.
837 1907 878 1937 ut
898 1899 1022 1937 reddit
1032 1896 1444 1948 Schweighaeuserus:

783 1970 867 2005 nos,
912 1959 974 2007 qui
1007 1959 1092 1993 ante
1121 1955 1294 2005 reliquam
1325 1954 1445 1991 Grae-

785 2016 874 2052 ciam
897 2013 984 2050 adeo
1018 2025 1138 2049 sumus
1166 2012 1327 2061 expositi.
1386 2012 1444 2046 De

759 2071 940 2121 *regione
997 2069 1230 2120 prominenti
1282 2068 1444 2104 verbum

783 2130 1024 2178 προκεῖσθαι
1061 2126 1109 2173 11,
1147 2128 1212 2165 12.
1269 2126 1314 2160 In
1335 2137 1442 2176 seqq.

782 2196 851 2234 pro
864 2179 913 2222 ου’
930 2178 1166 2234 βουλόμενοι
1188 2194 1278 2218 cum
1288 2181 1325 2217 in
1340 2182 1442 2218 San-

783 2239 893 2277 crofti
914 2238 999 2275 cod.
1022 2245 1143 2275 exstet
1163 2236 1442 2288 βουλομένοισι

781 2297 862 2334 sine
883 2290 1102 2343 vocula'0v’‚
1126 2293 1440 2344 Schweighaeus.

781 2354 874 2391 olim
892 2353 945 2390 sic
976 2353 1150 2388 iunctum
1178 2352 1291 2388 fuisse
1318 2351 1441 2401 suspi-

782 2417 889 2448 catur
909 2416 1140 2460 utrumque:
1176 2402 1225 2447 ου’
1246 2403 1440 2459 βουλόμε-

782 2482 844 2507 νοι
870 2463 1160 2517 βουλομένοισι

805 2518 1063 2581 ἀναγκαίην
1106 2518 1206 2571 ημῖν
1248 2514 1439 2570 ου’δεμίαν

781 2574 860 2619 οἷοί
877 2593 917 2617 τε
941 2576 1024 2616 ἕστε
1046 2574 1296 2627 προφέρειν]
1347 2588 1440 2623 „non

776 2637 922 2686 potestis
942 2634 1038 2671 nobis
1058 2634 1291 2670 necessitatem
1325 2644 1438 2682 tmpo-

780 2704 862 2729 nere
890 2704 942 2727 sc.
972 2696 1015 2727 ut
1043 2701 1112 2726 nos
1144 2689 1213 2726 soli
1235 2689 1437 2725 Persarum

783 2745 964 2787 exercitui
1021 2758 1092 2784 nos
1153 2745 1436 2797 opponamus.“
