1851 3181
376 235 459 274 364

771 231 1235 269 HERODOTI

348 340 577 385 ὅΛύναται
607 340 652 383 δὲ
682 339 792 383 κατὰ
815 338 996 384 Ἑλλάδα
1021 344 1222 396 γλῶσσαν
1259 344 1397 384 ταῦτα
1425 339 1477 382 τὰ
1505 337 1637 383 οὐνό-

373 422 509 466 ματα·
540 412 749 462 Δαρεῖος,
782 407 942 464 ἐρξίης·
986 407 1168 465 Ξέρξης,
1203 407 1381 465 ἀρήϊος·
1413 406 1637 462 Ἀρταξέρ-

375 479 469 534 ξης,
507 475 638 532 μέγας
670 473 837 531 ἀρήϊος.
888 474 1072 526 τούτους
1101 476 1181 532 μὲν
1216 478 1269 533 δὴ
1300 477 1405 528 τοὺς
1434 475 1636 532 βασιλέας

377 539 460 587 ὦδε
491 542 545 585 ἂν
574 540 722 597 ὀρθῶς
761 541 871 586 κατὰ
910 547 1113 599 γλῶσσαν
1148 542 1228 600 τήν
1255 544 1468 600 σφετέρην
1484 543 1631 600 ’Ἕλλη-
1692 540 1772 584 484

374 628 446 663 ves·
474 609 678 654 καλέοιεν.

375 803 556 846 Δύναται
585 803 627 845 δὲ
652 821 688 846 κ.
718 821 748 845 τ,
773 805 836 855 λ.]
875 807 979 844 Haec

322 878 476 917 quoque
506 864 621 901 verba
653 875 773 915 usque
794 862 842 899 ad
862 863 981 899 finem

322 936 406 972 cap.
426 934 448 958 a
467 921 718 971 grammatico
731 919 899 971 quodam
912 919 982 956 ad-

321 980 458 1029 scripta
486 991 563 1014 esse
594 978 804 1028 suspicatur
821 978 982 1014 Wesse-

321 1037 414 1085 ling.
405 1064 429 1083 .,
471 1047 589 1086 quem
607 1040 756 1084 praeter
775 1032 982 1080 Borheck.,

323 1090 519 1129 Schaefer.
541 1097 578 1128 et
598 1089 735 1128 Matth.
754 1092 872 1127 secuti
882 1097 982 1139 sunt,

321 1150 428 1185 uncis
448 1146 543 1185 haec
562 1146 814 1195 includentes,
846 1148 983 1200 quibus

321 1218 391 1242 nos
438 1205 521 1241 iure
567 1205 833 1252 liberavimus,
895 1216 983 1241 cum

323 1262 499 1299 omnibus
539 1261 580 1297 in
621 1259 733 1297 codd.
773 1262 842 1297 ista
863 1273 983 1311 appa-

321 1325 441 1355 reant.
497 1318 626 1354 Etiam
653 1315 822 1355 Bekker.
845 1318 981 1354 verba:

324 1370 493 1414 δύναται
520 1387 641 1427 usque
662 1372 711 1410 ad
721 1371 898 1412 καλέοιεν
908 1386 984 1409 un-

325 1433 377 1468 cis
397 1431 570 1479 inclusit,
611 1437 652 1467 ut
671 1432 819 1481 spurIa,
862 1428 985 1466 idem-

328 1501 402 1541 que
422 1500 490 1538 pro
513 1486 632 1540 μέγας
653 1488 863 1538 suspicatur
874 1484 984 1538 μέγα.

382 1547 552 1595 Δαρεῖος
580 1542 732 1595 ἐρξίης]
789 1542 985 1581 Schaefer.

327 1608 364 1638 et
389 1599 526 1638 Matth.
553 1602 791 1637 retinuerunt
816 1607 986 1637 veterem

326 1659 534 1694 lectionem
565 1656 715 1708 ἓρξείης
732 1686 742 1705 ,
774 1658 879 1694 cuius
899 1658 985 1694 loco

328 1728 349 1751 e
378 1714 570 1751 Sancrofti
600 1715 697 1751 libro
733 1726 888 1766 unoque
909 1715 987 1750 Pa-

326 1772 440 1807 risino
472 1769 660 1809 Grais-ford.
700 1769 805 1807 dedit
843 1769 988 1820 ἐρξίης,

327 1826 432 1880 quod
451 1826 556 1864 idem
575 1828 653 1863 iam
662 1828 856 1878 placuerat
866 1828 987 1864 Wes-

327 1885 508 1934 selingio,
536 1885 673 1922 veteris
702 1891 837 1934 poetae
856 1884 987 1920 locum

329 1942 459 1978 citanti
489 1940 590 1992 apud
611 1939 816 1991 Hephaest.
839 1939 988 1977 Euchi-

330 1997 399 2036 rid.
421 2010 509 2048 pag.
536 2000 601 2046 19,
632 1998 699 2034 ubi
724 1995 846 2051 ἓρξίῃ.
903 1996 989 2034 Ad-

330 2053 425 2091 dunt
444 2055 614 2105 Etymol.
634 2055 753 2103 Voss.‚
772 2055 840 2091 ubi
861 2052 990 2103 ἕρξίας

331 2108 352 2150 ἆ
379 2105 605 2160 πρακτικός.

331 2167 488 2203 nomine
522 2167 648 2217 plures
678 2165 936 2217 disputarunt,
968 2180 990 2204 a

331 2223 588 2273 Wesselingio
619 2229 656 2259 et
689 2222 911 2274 Schweigh.
942 2222 991 2260 ad

332 2279 370 2317 h.
406 2280 433 2316 l.
465 2280 582 2316 citati.
638 2280 741 2316 Inter
779 2293 874 2331 quos
911 2281 991 2316 iam

331 2348 503 2373 summus
523 2336 554 2372 1.
575 2336 888 2386 Scaligervocem
908 2339 990 2374 Δα-

333 2396 438 2444 ρεῖος
477 2393 577 2440 sive,
613 2398 656 2429 ut
683 2391 786 2443 apud
826 2393 990 2429 Ctesiam

334 2456 454 2486 exstat
473 2447 570 2498 (vid.
588 2449 712 2486 Perss.
734 2450 772 2495 ξ.
791 2446 842 2489 48
862 2449 991 2500 ibique

334 2506 465 2555 nott.)‚
499 2509 714 2557 Δαρειαῖος
726 2531 741 2551 ,
764 2517 881 2556 quam
909 2507 991 2542 He·-

335 2561 489 2600 rodotus
508 2574 531 2599 a
550 2561 732 2600 coercendo
751 2574 794 2598 ac
810 2561 991 2611 premendo

337 2618 405 2667 (ut
435 2620 481 2657 sit
511 2621 696 2668 coercitor,
736 2618 836 2656 conf.
868 2631 889 2654 a
919 2617 988 2655 Cr.

338 2677 471 2713 citatus
491 2674 698 2714 Ruhnken.
720 2675 839 2726 Epist.
865 2675 945 2711 crit.
957 2674 992 2710 11

338 2730 540 2782 pag-144
575 2730 636 2769 ed.
672 2733 735 2769 alt.
767 2744 805 2782 p.
831 2731 908 2772 195
931 2730 992 2768 ed.

336 2789 437 2839 Lips.
450 2788 468 2839 )
498 2787 662 2837 deducit,
694 2788 838 2839 scripsit
871 2790 993 2845 uin-22

337 2844 592 2896 (Dariavves).
643 2846 766 2892 Quem
786 2839 917 2882 secuti
926 2827 993 2880 aiii

665 2112 722 2147 De
760 2111 842 2162 ipso
880 2111 992 2149 Darii

1036 810 1256 855 coercentem,
1307 806 1577 853 dominatorem,
1636 809 1700 857 qui

1037 866 1151 901 omnia
1168 864 1352 914 premendo
1367 863 1437 900 sibi
1451 864 1609 912 subigat,
1626 877 1697 900 ex-

1038 927 1198 972 ponunt,
1230 921 1292 956 alii
1312 920 1531 970 prudentem,
1553 920 1616 956 alii
1640 933 1696 957 re-

1039 989 1116 1026 gem
1145 978 1362 1026 intelligunt
1378 1006 1387 1023 ,
1437 976 1486 1013 ad
1505 977 1698 1013 Persicam

1039 1035 1213 1084 linguam
1225 1046 1356 1070 omnes
1368 1041 1616 1084 provocantes
1636 1034 1698 1070 in-

1040 1090 1164 1142 deque
1177 1091 1278 1128 vocis
1301 1097 1455 1141 etymon
1469 1097 1694 1141 repetentes,

1039 1146 1125 1186 Vid.
1149 1148 1287 1184 Gesen.
1314 1149 1410 1184 Lex.
1430 1148 1548 1185 Hebr.
1568 1149 1586 1182 I
1604 1159 1693 1197 pag.

1039 1206 1134 1244 208.
1154 1205 1191 1239 II
1209 1218 1246 1254 p.
1273 1203 1393 1245 1255.
1423 1205 1576 1240 Winer.
1597 1204 1696 1240 Bibl.

1038 1261 1250 1300 Real—Lex.
1278 1262 1296 1296 Ι
1324 1273 1363 1310 p.
1396 1260 1473 1301 156
1503 1273 1582 1312 seq.
1632 1261 1698 1297 Tu

1041 1329 1085 1353 ea
1104 1318 1345 1367 potissimum
1366 1317 1539 1353 consulas
1568 1316 1698 1364 velim,

1043 1386 1141 1425 quae
1157 1386 1280 1423 nuper
1302 1372 1348 1409 de
1361 1372 1474 1410 Darii
1489 1386 1583 1410 voce
1599 1373 1703 1410 aliis-

1043 1443 1117 1481 que
1169 1428 1342 1467 disseruit
1399 1428 1620 1467 Grotefend.
1661 1430 1702 1466 in

1042 1488 1206 1524 Heeren.
1236 1485 1353 1522 Ideen
1382 1487 1412 1533 1,
1442 1489 1468 1528 2
1500 1499 1588 1537 pag.
1622 1484 1698 1526 347

1042 1556 1162 1595 seqq.,
1208 1556 1298 1580 cum
1317 1542 1429 1579 huius
1457 1544 1572 1593 ipsius
1605 1543 1704 1592 regis

1043 1613 1185 1637 nomen
1208 1601 1406 1652 aliquoties
1426 1601 1635 1650 reperiatur
1663 1600 1704 1635 in

1043 1657 1288 1694 cuneiformis
1309 1657 1380 1693 illis
1399 1656 1705 1707 inscriptionibus

1043 1714 1361 1763 Persepolitanis,
1411 1713 1479 1750 ubi
1518 1726 1539 1749 e
1572 1713 1705 1762 lingua

1044 1768 1214 1806 Zendica
1233 1782 1376 1806 nomen
1392 1769 1583 1820 profertur
1601 1769 1704 1806 Dar—

1045 1826 1192 1874 heusch,
1231 1827 1317 1875 vel,
1366 1832 1408 1862 ut
1449 1826 1529 1862 aliis
1568 1826 1706 1876 placet,

1041 1883 1272 1921 Dareiousch.
1331 1883 1432 1929 Quin
1452 1881 1554 1933 apud
1567 1895 1704 1919 recen-

1043 1941 1155 1978 tiores
1184 1941 1317 1977 Persas
1349 1940 1447 1989 regis
1476 1952 1619 1976 nomen
1639 1951 1705 1976 so-

1043 2003 1111 2034 nat
1148 1996 1251 2034 Dara
1290 2010 1319 2034 s,
1359 1996 1499 2033 Darab.
1575 1996 1704 2048 Atque

1047 2052 1296 2091 Grotefendio
1323 2052 1450 2090 iudice
1482 2059 1519 2090 et
1537 2051 1650 2090 Darii
1668 2058 1705 2089 et

1045 2109 1178 2148 Xerxis
1196 2123 1341 2147 nomen
1372 2109 1627 2160 compositum
1645 2109 1706 2146 vi-

1050 2165 1161 2204 detur
1181 2181 1201 2203 e
1221 2168 1377 2204 vocibus
1397 2167 1502 2204 Dara
1525 2166 1566 2216 (i.
1580 2179 1613 2202 e.
1632 2163 1704 2202 do-

1046 2223 1205 2273 minus)
1236 2230 1272 2259 et
1291 2223 1459 2259 Khschali
1488 2221 1614 2271 (rex),
1652 2222 1706 2258 ita

1047 2286 1090 2316 ut
1117 2278 1333 2316 Hrrodotus
1366 2279 1610 2329 probabiliter
1632 2290 1706 2328 po-

1048 2342 1229 2373 stremam
1243 2342 1394 2372 tantum
1406 2343 1555 2386 partem
1563 2336 1705 2372 utrius-

1049 2405 1124 2444 que
1143 2393 1246 2430 vocis
1265 2391 1491 2437 reddiderit,
1517 2392 1706 2442 interpre-

1047 2455 1130 2485 tans
1162 2446 1294 2498 ἐρξίης
1313 2455 1350 2485 et
1374 2443 1537 2500 οἷρήϊος,
1567 2449 1634 2485 ubi
1653 2448 1706 2485 si-

1045 2505 1128 2543 mul
1155 2518 1225 2556 pro
1255 2506 1490 2542 Graecorum
1513 2517 1621 2542 more
1657 2502 1708 2542 ad

1046 2574 1186 2599 sonum
1213 2563 1454 2599 Persicarum
1483 2562 1707 2613 appellatio-

1049 2629 1144 2655 num
1162 2620 1378 2670 respexerit,
1408 2620 1557 2656 inverso
1568 2630 1707 2670 quam-

1049 2676 1104 2712 vis
1136 2673 1282 2714 ordine.
1365 2676 1542 2728 Namque
1578 2673 1708 2724 ἐρξίης

1050 2732 1096 2768 ab
1134 2733 1224 2802 ipso
1264 2731 1472 2769 confictum
1510 2728 1705 2769 Herodoto

1049 2800 1117 2839 pro
1140 2787 1271 2852 ρεξίας
1290 2802 1319 2826 ε.
1339 2803 1518 2839 πρηκτηρ
1537 2789 1563 2826 i.
1586 2799 1618 2824 e.
1632 2800 1705 2824 πο-

1048 2839 1217 2896 λεμικός.
1276 2845 1415 2882 Contra
1449 2840 1658 2895 Hesychius
1688 2842 1705 2876 1
