1815 3181
389 238 474 278 268

790 235 1259 272 HERODOTI

389 346 496 396 νὼς,
531 342 584 386 τοὶ
605 343 651 387 δὲ
681 342 870 399 νεώτερα
889 343 1136 401 Ἀθηναῖος·
1175 345 1386 397 Φιλαίου,
1416 348 1498 389 τοῦ
1526 347 1657 389 Αἴαν-

387 429 462 464 τος
490 410 667 465 παιδός,
713 414 952 468 γενομένου
990 411 1170 467 πρώτου
1209 417 1282 468 τῆς
1321 414 1461 469 οἰκίης
1498 411 1659 468 ταύτης

358 479 634 536 2Ἀθηναίου.
698 476 840 531 Οὗτος
863 479 887 524 ὁ
914 480 1181 537 Μιλτιάδης,
1217 478 1457 536 κατήμενος
1477 478 1524 522 ἐν
1543 484 1658 522 τοῖσι

386 545 661 602 προθύροισι
699 553 815 591 τοῖσι
852 548 1044 600 ἑωυτοῦ,
1084 547 1226 603 ὁρέων
1263 546 1368 600 τούς
1396 545 1656 602 Δολόγκους

384 613 648 669 παριόντας,
695 613 859 672 ἐσθῆτα
898 616 1075 671 ἔχοντας
1110 613 1196 660 οὐκ
1233 616 1442 672 ἐγχωρίην
1477 615 1552 658 καὶ
1590 616 1653 658 αί-
1665 621 1712 657 55

383 680 512 738 χμοὲς,
540 680 869 738 προσεβώσατο·
898 685 974 728 καί
1001 695 1082 740 σφι
1109 687 1426 740 προσελθοῦσι,
1465 682 1654 740 ἐπηγγεί-

355 754 495 794 3λατο
524 748 784 806 καταγωγὴν
815 750 890 795 καὶ
929 751 1076 804 ξείνια.
1127 753 1171 796 οἱ
1209 752 1254 796 δὲ
1293 749 1542 806 δεξάμενοι,
1581 751 1656 794 καὶ

383 817 671 870 ξεινισθέντες
699 817 784 861 ὑπ’
820 817 982 874 αὐτοῦ,
1021 819 1251 875 ἐξέφαινον
1279 822 1370 863 πᾶν
1399 820 1443 862 οἱ
1473 818 1520 862 τὸ
1550 835 1654 876 μαν-

381 885 524 942 τήϊον·
556 884 826 943 ἐκφήναντες
856 889 925 941 δὲ,
973 887 1148 932 ἐδέοντο
1181 886 1321 932 αὐτοῦ
1357 891 1418 947 τῷ
1457 889 1549 945 θεῷ
1577 903 1653 944 μιν

352 956 376 993 4
384 954 634 1014 πείθεσθαιι

709 954 958 1000 Μιλτιάδεα
1007 957 1055 1001 δὲ
1106 955 1359 1001 ἀκούσαντα
1405 956 1710 1010 παραυτίκαδο

380 1020 521 1064 ἔπεισε
550 1019 574 1065 ὁ
604 1021 756 1079 λόγος,
789 1020 861 1067 οἷα
890 1022 1140 1080 ἀχθόμενόν
1175 1041 1220 1069 τε
1246 1029 1300 1082 τῇ
1333 1021 1653 1078 Πεισιστράτου

352 1086 518 1145 5ἆρχῇ,
557 1089 632 1134 καὶ
664 1089 935 1147 βουλόμενον
971 1092 1020 1136 ἐκ
1057 1094 1212 1137 ποδῶν
1241 1091 1367 1136 εἶναι.
1418 1091 1576 1136 αὐτίκα
1606 1092 1653 1136 δὲ

377 1155 533 1213 ἐστάλη
572 1156 615 1209 ἐς
642 1158 870 1214 Δελφοὺς,
915 1159 1249 1217 ἐπειρησόμενος
1285 1161 1336 1205 τὸ
1374 1158 1652 1217 χρηστήριον,

319 1375 524 1425 Tisander,
554 1375 823 1429 Hippoclides,
842 1377 986 1417 Miltia-

320 1432 408 1482 des,
437 1434 641 1486 Cypselus,
671 1434 887 1485 Miltiades,
920 1437 986 1489 qui

319 1488 604 1529 Chersonesum
624 1490 808 1530 condich‘t.
837 1494 883 1529 In
909 1506 985 1545 qua

318 1554 451 1585 tamen
486 1550 714 1599 genealogia
744 1555 819 1587 tres
846 1548 985 1602 γενεάς

317 1603 449 1642 deesse
483 1604 590 1643 idem
628 1607 800 1653 monuit,
842 1620 933 1643 cum
961 1620 984 1644 a

316 1674 412 1698 nece
431 1662 558 1699 Aiacis
589 1661 727 1711 (1270
747 1675 784 1699 a.
809 1661 899 1701 Chr.
921 1662 980 1716 n.)

316 1731 438 1770 usque
458 1717 507 1756 ad
526 1718 739 1756 Miltiadem
759 1727 895 1756 natum
906 1722 982 1758 sint

315 1775 432 1825 elapsi
452 1776 543 1812 anni
564 1778 657 1824 670,
678 1777 744 1828 qui
763 1777 899 1827 viginti
916 1791 981 1830 γε-

314 1828 409 1878 νεὰς
430 1834 675 1870 constituant.
733 1834 980 1882 Pausaniam,

315 1889 383 1940 qui
396 1889 460 1937 VI,
485 1891 535 1930 19
557 1890 596 1935 ς,
617 1891 642 1930 3
671 1888 897 1938 Miltiadem,
921 1890 984 1929 Ci-

313 1947 424 1983 monis
435 1945 582 1996 filium,
614 1945 828 1984 condidisse
859 1946 983 1985 Cher-

314 2014 499 2040 sonesum
537 2001 675 2051 tradit,
719 2003 862 2042 falsum
901 2018 982 2045 esse

314 2056 421 2096 idem
439 2060 570 2096 statuit
592 2057 807 2098 Larcherus
822 2091 832 2109 ,
864 2062 982 2098 item-

314 2128 390 2167 que
419 2116 648 2164 Aelianum,
668 2117 715 2154 V.
736 2119 786 2156 H.
807 2119 902 2166 ΧΠ,
926 2118 979 2161 35

313 2178 388 2209 tres
407 2171 598 2210 miltiades
619 2181 926 2212 enumerantem.

369 2227 413 2268 ἐν
435 2231 536 2268 τοῖσι
550 2226 816 2282 προθύροισι]
840 2232 979 2273 Ianuas

312 2285 485 2336 intelligo
515 2298 537 2322 a
564 2287 627 2323 via
655 2286 705 2324 ad
733 2287 978 2335 vestibulum,

312 2355 334 2378 e
365 2355 443 2394 quo
461 2343 545 2394 ipso
565 2341 615 2379 ad
644 2341 758 2380 aedes
789 2344 978 2391 introitus,

310 2397 515 2448 ducentes,
545 2406 589 2436 ut
607 2399 674 2448 ΠΙ,
697 2399 751 2440 35
772 2401 859 2437 coll.
884 2398 978 2441 140.

309 2456 373 2502 VJ,
405 2458 474 2497 91.
541 2455 659 2507 Apud
706 2457 976 2494 Marcellinum

309 2513 334 2550 l.
365 2512 391 2549 l.
428 2512 619 2551 Miltiades
657 2511 798 2551 sedisse
835 2512 977 2551 dicitur

309 2565 386 2618 πρὸ
417 2570 501 2609 τῶν
526 2565 639 2618 ’ὅρων
673 2572 745 2620 τῆς
784 2566 975 2620 Ἀττικῆς,

310 2626 375 2662 ubi
384 2627 608 2676 Rutgersius
618 2639 667 2664 ex
676 2625 874 2664 Herodoto
888 2639 976 2664 cor-

309 2683 382 2732 rigi
420 2683 543 2721 voluit
580 2680 658 2735 πρὸ
697 2685 777 2722 τῶν
804 2685 969 2734 θυρώνῑ

308 2740 402 2787 nisi,
435 2738 540 2792 quod
566 2747 699 2778 monet
731 2738 972 2778 Valckenae-

308 2796 384 2832 rius
401 2825 410 2842 ,
442 2798 684 2834 Marcellinus
716 2797 833 2834 alium
857 2803 971 2849 atque

308 2851 550 2890 Herodotum
578 2861 632 2892 est
663 2861 815 2892 secutus
835 2861 970 2891 aucto—

1042 1394 1138 1430 rem,
1175 1379 1397 1431 praesertim
1427 1393 1517 1418 cum
1537 1380 1584 1417 ab
1605 1379 1688 1416 Atti

1042 1451 1112 1475 cae
1142 1437 1281 1475 finibus
1312 1450 1391 1474 non
1411 1438 1528 1487 longe
1546 1436 1708 1473 abfuerit

1041 1494 1222 1532 Miltiadis
1259 1495 1349 1532 villa
1398 1493 1442 1534 ἐν
1478 1490 1707 1540 Λακιάδαις

1042 1553 1125 1589 sita.

1098 1608 1252 1659 ἐσθῆτα
1270 1605 1445 1661 ,ἔχοντας
1477 1601 1560 1646 ου’κ’
1585 1605 1706 1658 ἐγχω-

1040 1665 1150 1716 ρίην]
1172 1667 1230 1702 Ita
1240 1665 1417 1701 meliores
1432 1664 1530 1702 libri„
1552 1663 1704 1713 Vulgo:

1038 1721 1193 1773 ἐσθῆτα
1212 1716 1289 1761 οὐκ
1317 1719 1510 1773 ἐγχωρίην
1531 1718 1608 1769 (de
1629 1733 1705 1772 qua

1038 1792 1134 1817 voce
1154 1778 1256 1818 conf.
1275 1776 1459 1814 Matthiae
1481 1778 1547 1815 Gr.
1577 1777 1644 1814 Gr.
1665 1791 1704 1827 p.

1038 1835 1139 1885 235)
1172 1834 1332 1886 ἔχοντας
1360 1833 1477 1886 idque
1496 1840 1705 1871 tenuerunt

1038 1891 1235 1930 Schaefer.
1252 1898 1290 1929 et
1308 1889 1446 1939 Matth.
1472 1932 1474 1934 ,

1094 1948 1164 1989 καὶ
1186 1945 1358 1999 αἰχμάς]
1388 1948 1465 1985 Vix
1483 1947 1703 1985 inconsulto

1038 2003 1113 2044 hoc
1133 2005 1322 2044 addidisse
1343 2003 1494 2043 videtur
1521 2002 1703 2042 historiae

1038 2069 1160 2114 pater.
1217 2064 1319 2101 Nam
1347 2061 1512 2099 Dolonci
1527 2090 1538 2109 ‚
1570 2059 1703 2098 Thra-

1039 2133 1101 2157 ces
1116 2149 1126 2168 ,
1159 2133 1278 2172 quam
1292 2126 1453 2170 gentem
1479 2118 1701 2156 bellicosam

1036 2177 1152 2213 fuisse
1172 2190 1223 2214 ex
1240 2177 1287 2222 V,
1307 2179 1334 2217 6
1371 2176 1550 2224 eolligaS,
1579 2175 1703 2212 Grae-

1037 2233 1140 2270 ciam
1167 2232 1418 2284 permeabant
1443 2232 1555 2269 amis
1581 2230 1706 2269 induti

1036 2301 1106 2340 pro
1129 2290 1288 2341 antiquo
1317 2289 1568 2326 barbarorum
1578 2299 1700 2336 more,

1037 2347 1105 2397 qui
1124 2346 1219 2382 olim
1238 2352 1277 2383 et
1294 2344 1400 2396 apud
1418 2346 1519 2396 ipsos
1535 2345 1701 2382 Graecos

1033 2402 1238 2440 invaluisse
1255 2401 1419 2439 traditur
1439 2414 1460 2438 a
1475 2399 1700 2453 Thucydid.

1032 2458 1063 2506 Ι,
1095 2461 1134 2501 6.
1192 2457 1255 2496 Ad
1288 2459 1452 2496 formam
1474 2453 1700 2509 προσεβώ-

1034 2526 1133 2555 σατο·
1152 2516 1254 2554 conf.
1273 2517 1304 2564 Ι,
1323 2519 1373 2557 10
1390 2516 1524 2567 ibique
1542 2521 1641 2552 nott.

1090 2570 1353 2625 ἐπηγγείλατο
1372 2568 1608 2624 καταγωγήν
1628 2569 1698 2611 καὶ

1033 2627 1188 2678 ξείνια]
1226 2630 1254 2666 i.
1284 2643 1318 2666 e.
1371 2629 1502 2667 obtulit
1541 2628 1696 2667 de‘verso-

1031 2687 1123 2722 rium
1153 2685 1343 2737 officiaque
1376 2683 1552 2737 (epulas)
1580 2683 1696 2735 hospi-

1030 2741 1134 2779 talia.
1192 2742 1256 2779 Ad
1293 2755 1430 2781 vocem
1461 2737 1697 2793 καταγωγήν

1029 2798 1131 2836 conf.
1152 2800 1199 2847 V,
1221 2798 1275 2840 52
1297 2806 1333 2836 et
1359 2798 1408 2836 ad
1430 2799 1554 2846 ξείνια
1582 2798 1694 2834 citata

1029 2854 1078 2891 ad
1098 2855 1149 2900 V,
1174 2857 1237 2896 18.
1270 2854 1331 2892 Ad
1356 2856 1515 2894 verbum
1536 2852 1694 2905 ἐξέφαι-
