1806 3181
436 119 522 160 656
837 121 1298 160 HERODOTI

416 225 855 280 4παρασκευάζεσθαι
905 223 966 271 ὦν
1016 227 1180 280 αὐτούς
1239 229 1298 281 ὣς
1345 230 1761 288 ναυμαχήσοντας3ο

416 293 749 350 5συνεβούλευε,
781 294 839 347 ὥς
869 295 1029 340 τούτου
1060 295 1207 349 ἐόντος
1236 301 1317 341 τοῦ
1339 299 1517 350 ξυλίνου
1541 300 1722 355 τείχεοςμ

449 363 595 418 Ταύτῃ
625 363 932 417 Θεμιστοκλέος
954 362 1329 420 ἀποφαινομένου,
1359 364 1584 423 Ἀθηναῖοι
1602 371 1707 410 ταῦ-

445 428 496 472 τοὲ
526 441 605 486 σφι
635 430 829 485 ἔγνωσαν
861 432 1120 488 αἱρετώτερα
1148 431 1259 476 εἶναι
1290 438 1457 489 μᾶλλον
1486 435 1515 491 ἦ
1547 436 1598 478 τοὶ
1620 439 1707 478 τῶν

443 497 776 554 χρησμολόγων.
809 501 851 542 οἳ
882 497 963 543 οὐκ
994 501 1077 543 ἔων
1106 503 1352 557 ναυμαχίην
1383 500 1629 556 ἀρτέεσθαι,
1660 502 1708 547 τό
1720 509 1763 544 35

444 565 490 609 δὲ
534 564 710 622 σύμπαν
750 564 884 620 εἶναι,
931 566 1034 611 ου’δὲ
1073 573 1217 623 χεῖρας
1248 569 1568 625 ἀνταείρεσθαι,
1599 569 1705 614 ἀλλὰ

441 633 699 685 ἐκλιπόντας
740 634 888 692 χώρην
927 634 1007 690 τήν
1036 633 1257 691 Ἀττικήν,
1299 636 1432 694 ἄλλην
1462 638 1560 681 τινοέ
1602 640 1706 681 οἰκί-

282 700 382 745 144
443 706 539 755 ζειν.
594 701 751 758 Ἐτὲρη
781 719 823 746 τε
859 703 1136 758 Θεμιστοκλέι·
1161 703 1313 761 γνώμη
1355 706 1575 762 ἔμπροσθε
1605 703 1706 748 ταύ·

108 762 384 860 ᾙῗξέηἰξῃξέξξῗὶ
440 787 516 826 της
555 770 597 822 ἐς
641 770 796 824 καιρόν
825 769 1063 827 ἠρίστευσε.
1126 771 1195 815 ὅτε
1232 771 1501 829 Ἀθηναίοισι
1530 772 1706 828 γενομέ-

108 839 186 858 nave
189 832 307 859 sfarib

109 864 162 893 das
178 866 349 894 sumserint
349 842 384 860 ¹¹·
442 855 532 881 νων
568 837 800 895 χρημάτων
840 838 1040 895 μεγάλων
1082 839 1128 882 ἐν
1168 844 1228 899 τῷ
1258 845 1417 899 κοινῷ,
1455 840 1506 884 τὰ
1542 840 1590 884 ἐκ
1618 843 1706 883 τῶν

443 905 666 962 μετάλλων
737 919 816 964 σφι
885 911 1108 964 προσῆλθε
1163 912 1251 952 τῶν
1317 907 1401 952 ἀπὸ
1460 909 1762 964 Λαυρείου,4ῠ

385 1092 449 1129 Gr.
472 1093 507 1138 ξ.
531 1095 583 1133 78
598 1107 686 1145 pag.
701 1097 794 1136 176.
812 1117 861 1122 -—
883 1096 928 1130 In
939 1107 1044 1145 seqq.

383 1149 482 1185 bene
502 1157 630 1187 tuetur
656 1152 886 1201 VVesseling.
907 1164 1044 1188 vocem

384 1208 533 1256 μᾶλλον
567 1214 651 1257 post
691 1203 926 1259 αἱρετώτερα
947 1208 1041 1243 ‘illa-

382 1269 462 1298 tam
483 1263 576 1299 etin
607 1263 753 1301 duobus
785 1263 894 1302 codd.
924 1265 1042 1301 omis-

382 1331 476 1358 sam.
509 1319 656 1356 Similia
672 1328 819 1358 exstant
838 1322 866 1368 I,
889 1324 953 1370 32,
974 1321 1041 1356 ubi

382 1375 481 1413 conf.
507 1377 618 1413 citata
640 1380 708 1426 IX,
731 1381 770 1418 7.
792 1376 970 1429 Aeschyl.
995 1378 1038 1418 S.

382 1445 416 1469 ο.
439 1431 515 1469 Th.
538 1436 633 1474 679.

438 1489 478 1527 οἳ
491 1484 563 1528 ov’n
585 1489 660 1529 ἔων
680 1506 717 1529 κ.
732 1505 763 1530 τ.
780 1491 834 1539 λ.]
865 1489 928 1527 Ad
939 1497 1041 1527 stru-

380 1551 528 1582 cturam
560 1547 633 1584 loci
652 1547 725 1585 vid.
748 1549 828 1595 VII,
852 1547 930 1587 104
950 1548 1040 1598 ibiq.

379 1601 515 1639 Matth.
533 1604 598 1642 Gr.
616 1605 682 1643 Gr.
706 1617 793 1655 pag.
819 1606 924 1644 1306
943 1634 952 1651 ‚
975 1605 1041 1655 qui

380 1658 484 1695 idem
512 1673 599 1710 pag.
632 1662 736 1701 1071
772 1663 806 1706 ξ.
829 1659 923 1707 545,
955 1661 1039 1697 coll.

382 1717 486 1754 Reiz.
510 1716 557 1753 ad
571 1718 694 1767 Viger.
708 1731 746 1768 p.
758 1717 853 1763 752,
865 1716 1038 1753 videatur

381 1771 430 1809 ad
441 1774 554 1810 verba
574 1771 615 1813 τὸ
637 1770 799 1825 σύμπαν
819 1771 935 1813 εἶναι.
963 1775 1039 1810 Pro

380 1830 605 1881 ναυμαχίην
625 1825 834 1881 ἀρτέεσθαι
851 1828 921 1883 (acl
937 1843 1038 1880 proe-

380 1886 467 1923 lium
481 1887 608 1924 navale
631 1901 665 1924 se
681 1901 836 1938 parare,
871 1889 1038 1936 accinge-

382 1943 448 1992 re)
479 1945 614 1980 Nostro
635 1946 796 1981 scribere
818 1957 971 2012 quoque
991 1945 1040 1980 li—

381 2000 500 2036 cuisse
522 2000 560 2047 ἐς
585 2001 809 2052 ναυμαχίην
829 1996 1041 2052 ἀρτέεσθαι

379 2063 466 2106 apte
496 2057 668 2095 observat
697 2057 814 2095 Schw
817 2056 1041 2108 eigbaeuse-

378 2125 440 2149 rus
469 2114 670 2163 respiciens
691 2114 739 2152 ad
762 2115 860 2162 VIII,
887 2117 951 2162 97,
973 2115 1039 2151 ubi

377 2169 540 2219 legimus
570 2165 721 2220 οἷρτέετο
761 2170 811 2216 ἐς
849 2167 1036 2220 πόλεμον,

378 2226 464 2262 coll.
488 2225 532 2273 V,
554 2228 626 2272 20,
656 2227 721 2262 ubi
740 2228 952 2277 simplicem
973 2228 1035 2262 in-

377 2282 567 2319 finitivum
597 2281 685 2319 huic
701 2283 816 2320 verbo
839 2282 1034 2330 adstruxit,

378 2338 707 2390 quemadmodum
727 2340 842 2376 verbo
874 2335 1037 2389 α’ναρτέ-

381 2399 496 2434 εσθαι
524 2395 608 2443 Vn,
643 2398 667 2437 8
698 2397 733 2441 ς.
765 2399 803 2436 3.
830 2396 891 2442 vl,
923 2397 1034 2442 88.1‚

379 2453 447 2493 90.
506 2454 626 2503 Magis
660 2450 735 2489 huc
763 2453 853 2488 facit
881 2452 949 2499 IX,
981 2454 1034 2492 29

379 2511 460 2555 πᾶς
480 2524 537 2556 τις
554 2504 781 2561 παρήρτητο
804 2507 858 2555 ιός
880 2507 928 2555 ἐς
959 2504 1035 2547 πό·-

380 2567 513 2616 λεμον.

565 2656 657 2707 cap.
684 2655 850 2693 CXLIV.

431 2732 563 2788 Ἑτέρη
577 2750 616 2774 τε
629 2733 886 2787 Θεμιστοκλέι·
893 2730 1032 2787 γνώμη

1101 1108 1182 1134 κ.τ,
1203 1094 1257 1142 λ.]
1270 1094 1396 1131 Altera
1410 1107 1542 1144 quoque
1571 1095 1763 1132 Themisto-

1100 1150 1164 1187 elis
1193 1153 1364 1188 sententia
1386 1151 1440 1188 vel
1463 1156 1546 1188 ante
1566 1152 1652 1188 haec
1685 1151 1763 1188 edi-

1100 1210 1139 1243 ta
1168 1211 1358 1257 opportune
1388 1210 1522 1245 vicerat
1564 1210 1761 1258 optimaque

1098 1263 1259 1300 iudicata
1284 1268 1374 1301 erat.
1432 1263 1579 1301 Accidit
1600 1264 1672 1302 hoc
1694 1278 1760 1301 an-

1098 1332 1148 1356 no
1179 1319 1260 1360 493
1293 1333 1327 1357 a.
1357 1319 1444 1358 Chr.
1477 1335 1513 1360 n.
1545 1334 1575 1358 S.
1606 1322 1760 1374 Olymp.

1098 1377 1238 1423 LXXI,
1272 1374 1320 1424 4,
1368 1379 1486 1414 tribus
1528 1379 1633 1416 annis
1673 1385 1761 1414 ante

1098 1432 1380 1470 Marathoniam
1419 1447 1602 1485 pugnam,
1643 1448 1761 1487 quam

1098 1490 1138 1526 in
1166 1493 1319 1527 'annum
1349 1490 1432 1531 490
1462 1504 1496 1530 a.
1528 1490 1616 1528 Chr.
1646 1505 1686 1529 n.
1726 1505 1758 1530 s.

1100 1547 1252 1598 Olyffnp.
1273 1549 1431 1595 LXXII,
1453 1551 1477 1588 3
1509 1547 1645 1584 cadere
1666 1561 1758 1585 con-

1098 1610 1183 1640 stat.
1215 1605 1369 1640 Bellum
1388 1605 1668 1653 Aegineticum,
1690 1618 1759 1642 cu-

1096 1660 1154 1696 ius
1173 1673 1266 1696 mox
1286 1660 1327 1697 fit
1347 1662 1508 1705 mentio,
1528 1661 1689 1697 refertur
1709 1660 1758 1698 ad

1097 1729 1243 1752 annum
1254 1715 1332 1758 491
1348 1729 1381 1753 a.
1396 1716 1483 1753 Chr.
1496 1731 1534 1753 n.
1557 1731 1586 1754 s.
1603 1719 1756 1769 Olymp.

1095 1774 1255 1821 LXXII,
1281 1776 1316 1813 1.
1350 1773 1459 1810 Conf.
1480 1772 1757 1812 Wachsmuth.

1095 1831 1246 1867 Hellen.
1266 1829 1545 1867 Alterthumsk.
1565 1832 1595 1878 I,
1619 1834 1645 1872 2
1665 1844 1755 1882 pag.

1095 1886 1190 1934 474,
1211 1889 1258 1933 II,
1283 1889 1301 1926 1
1325 1900 1412 1937 pag.
1436 1887 1530 1928 530.

1153 1942 1195 1983 ἐν
1228 1945 1283 1997 τῷ
1323 1944 1483 1998 κοινῷ]
1527 1943 1629 1979 Male
1663 1944 1756 1980 olim

1096 1998 1138 2038 ἐκ
1151 2002 1238 2045 τῶν
1258 2002 1419 2039 κοινῶν.
1450 2001 1558 2036 Bene
1572 1998 1752 2052 Thucyd.

1094 2058 1124 2103 Ι,
1156 2059 1209 2097 30
1243 2069 1265 2093 a
1296 2058 1459 2094 Wessel.
1497 2058 1679 2094 excitatus
1709 2056 1754 2096 ἐν

1094 2115 1150 2167 τῷ
1172 2115 1321 2166 κοινῷ,
1356 2114 1422 2150 ubi
1438 2112 1661 2151 Scholium:
1685 2128 1754 2151 τα-

1095 2170 1191 2222 μείω
1203 2155 1386 2219 δηλονότι
1402 2172 1456 2218 (in
1467 2171 1639 2216 aerario).
1661 2170 1752 2206 Plu-

1091 2239 1133 2262 ra
1163 2226 1299 2262 Lamb.
1330 2227 1419 2262 Bos.
1449 2227 1507 2261 De
1536 2226 1685 2277 Ellipss.
1704 2227 1752 2264 L.
1795 2251 1806 2277 Γ

1093 2283 1159 2318 Gr.
1189 2294 1276 2332 pag.
1311 2281 1417 2330 461,
1447 2282 1575 2333 ibique
1607 2281 1751 2320 Herod.
1796 2281 1806 2295 ⁴

1091 2340 1159 2386 IX,
1179 2341 1246 2380 87.
1304 2337 1365 2375 Ad
1393 2340 1554 2376 verbum
1573 2341 1750 2390 προσῆλ-

1090 2398 1143 2434 θε
1171 2395 1268 2432 conf.
1292 2396 1403 2432 citata
1424 2395 1473 2432 ad
1492 2396 1538 2443 V,
1563 2398 1627 2436 17.

1147 2453 1225 2489 τῶν
1247 2447 1326 2491 eino*
1345 2452 1577 2504 Λαυρείου]
1598 2453 1748 2503 Exspe-

1094 2508 1218 2544 ctabas
1248 2507 1290 2547 ἐν
1308 2509 1508 2562 Λαυρείῳ.
1557 2507 1636 2545 Sed
1669 2507 1746 2546 vid.

1093 2563 1286 2603 Schaefer.
1301 2565 1482 2616 Apparat.
1498 2563 1744 2604 Demosthen.

1091 2621 1207 2658 Tom.
1227 2622 1279 2658 IV
1300 2635 1335 2672 p.
1362 2624 1517 2662 119.—
1535 2623 1622 2658 Duo
1633 2620 1742 2659 codd.

1089 2677 1285 2729 Ααυρίου.
1349 2678 1496 2714 Dicitur
1542 2679 1645 2714 enim
1683 2677 1745 2714 vel

1089 2731 1295 2787 Λαύρειον
1315 2735 1376 2773 vel
1386 2729 1583 2787 Λαύριον,
1603 2733 1663 2772 vel
1673 2731 1743 2770 ad-
