<?xml version="1.0" encoding="UTF-8"?>
<!DOCTYPE html PUBLIC "-//W3C//DTD XHTML 1.0 Transitional//EN"
    "http://www.w3.org/TR/xhtml1/DTD/xhtml1-transitional.dtd">
<html xmlns="http://www.w3.org/1999/xhtml" xml:lang="en" lang="en">
 <head>
  <title>
</title>
<meta http-equiv="Content-Type" content="text/html;charset=utf-8" />
  <meta name='ocr-system' content='tesseract 3.04.00' />
  <meta name='ocr-capabilities' content='ocr_page ocr_carea ocr_par ocr_line ocrx_word'/>
</head>
<body>
  <div class='ocr_page' id='page_1' title='image "./musaeherodoto03hero_0749.png"; bbox 0 0 1789 3213; ppageno 0'>
   <div class='ocr_carea' id='block_1_1' title="bbox 0 747 49 795">
    <p class='ocr_par' dir='ltr' id='par_1_1' title="bbox 0 747 49 795">
     <span class='ocr_line' id='line_1_1' title="bbox 0 747 49 795; baseline -0.02 0"><span class='ocrx_word' id='word_1_1' title='bbox 0 747 49 795; x_wconf 84' lang='lat'>38</span> 
     </span>
    </p>
   </div>
   <div class='ocr_carea' id='block_1_2' title="bbox 433 137 1070 176">
    <p class='ocr_par' dir='ltr' id='par_1_2' title="bbox 433 137 1070 176">
     <span class='ocr_line' id='line_1_2' title="bbox 433 137 1070 176; baseline 0 -1"><span class='ocrx_word' id='word_1_2' title='bbox 433 137 907 176; x_wconf 83' lang='lat' dir='ltr'>POLYMNIA.</span> <span class='ocrx_word' id='word_1_3' title='bbox 966 137 1070 175; x_wconf 87' lang='lat' dir='ltr'>Vll.</span> 
     </span>
    </p>
   </div>
   <div class='ocr_carea' id='block_1_3' title="bbox 1297 137 1382 179">
    <p class='ocr_par' dir='ltr' id='par_1_3' title="bbox 1297 137 1382 179">
     <span class='ocr_line' id='line_1_3' title="bbox 1297 137 1382 179; baseline 0 0"><span class='ocrx_word' id='word_1_4' title='bbox 1297 137 1382 179; x_wconf 76' lang='lat'>733</span> 
     </span>
    </p>
   </div>
   <div class='ocr_carea' id='block_1_4' title="bbox 88 246 1435 1053">
    <p class='ocr_par' dir='ltr' id='par_1_4' title="bbox 88 246 1435 713">
     <span class='ocr_line' id='line_1_4' title="bbox 117 246 1381 307; baseline -0.003 -13"><span class='ocrx_word' id='word_1_5' title='bbox 117 250 252 307; x_wconf 79' lang='grc' dir='ltr'><strong><em>μηδὲν</em></strong></span> <span class='ocrx_word' id='word_1_6' title='bbox 280 248 426 300; x_wconf 82' lang='grc' dir='ltr'><strong><em>πλέον,</em></strong></span> <span class='ocrx_word' id='word_1_7' title='bbox 457 248 610 292; x_wconf 78' lang='grc' dir='ltr'><strong><em>ἕνδεκα</em></strong></span> <span class='ocrx_word' id='word_1_8' title='bbox 638 247 857 304; x_wconf 80' lang='grc' dir='ltr'><em>μυριάδας</em></span> <span class='ocrx_word' id='word_1_9' title='bbox 884 246 1106 301; x_wconf 82' lang='grc' dir='ltr'><em>μεδίμνων</em></span> <span class='ocrx_word' id='word_1_10' title='bbox 1125 246 1381 302; x_wconf 80' lang='grc' dir='ltr'><strong><em>τελεομένας</em></strong></span> 
     </span>
     <span class='ocr_line' id='line_1_5' title="bbox 116 314 1379 374; baseline -0.002 -12"><span class='ocrx_word' id='word_1_11' title='bbox 116 316 178 362; x_wconf 79' lang='grc' dir='ltr'>ἐπ’</span> <span class='ocrx_word' id='word_1_12' title='bbox 207 317 345 374; x_wconf 84' lang='grc' dir='ltr'><em>ἡμέρῃ</em></span> <span class='ocrx_word' id='word_1_13' title='bbox 373 315 544 373; x_wconf 77' lang='grc' dir='ltr'><strong><em>ἑκάστῃ,</em></strong></span> <span class='ocrx_word' id='word_1_14' title='bbox 573 316 647 360; x_wconf 85' lang='grc' dir='ltr'><strong><em>καὶ</em></strong></span> <span class='ocrx_word' id='word_1_15' title='bbox 675 315 800 371; x_wconf 83' lang='grc' dir='ltr'><strong><em>πρὸς,</em></strong></span> <span class='ocrx_word' id='word_1_16' title='bbox 828 315 1108 370; x_wconf 79' lang='grc' dir='ltr'><strong><em>τριηκοσίους</em></strong></span> <span class='ocrx_word' id='word_1_17' title='bbox 1145 330 1190 357; x_wconf 88' lang='grc' dir='ltr'>τε</span> <span class='ocrx_word' id='word_1_18' title='bbox 1218 314 1379 367; x_wconf 76' lang='grc' dir='ltr'><strong><em>ἄλλους</em></strong></span> 
     </span>
     <span class='ocr_line' id='line_1_6' title="bbox 88 381 1376 440; baseline 0.003 -15"><span class='ocrx_word' id='word_1_19' title='bbox 88 387 354 440; x_wconf 87' lang='grc' dir='ltr'><strong><em>4μεδίμνους</em></strong></span> <span class='ocrx_word' id='word_1_20' title='bbox 392 385 467 429; x_wconf 87' lang='grc' dir='ltr'><strong><em>καὶ</em></strong></span> <span class='ocrx_word' id='word_1_21' title='bbox 504 384 832 440; x_wconf 76' lang='grc' dir='ltr'><strong><em>τεσσεράκοντα.</em></strong></span> <span class='ocrx_word' id='word_1_22' title='bbox 890 383 1062 438; x_wconf 71' lang='grc' dir='ltr'><strong><em>γυναιξὶ</em></strong></span> <span class='ocrx_word' id='word_1_23' title='bbox 1105 381 1151 425; x_wconf 81' lang='grc' dir='ltr'>δὲ</span> <span class='ocrx_word' id='word_1_24' title='bbox 1189 385 1262 427; x_wconf 88' lang='grc' dir='ltr'><strong><em>καὶ</em></strong></span> <span class='ocrx_word' id='word_1_25' title='bbox 1302 383 1376 429; x_wconf 85' lang='grc' dir='ltr'>εὐ-</span> 
     </span>
     <span class='ocr_line' id='line_1_7' title="bbox 115 447 1375 508; baseline -0.001 -12"><span class='ocrx_word' id='word_1_26' title='bbox 115 452 337 508; x_wconf 87' lang='grc' dir='ltr'><strong><em>νούχοισι,</em></strong></span> <span class='ocrx_word' id='word_1_27' title='bbox 375 453 450 496; x_wconf 87' lang='grc' dir='ltr'><strong><em>καὶ</em></strong></span> <span class='ocrx_word' id='word_1_28' title='bbox 483 451 760 508; x_wconf 80' lang='grc' dir='ltr'><strong><em>ὑποζυγίοισι</em></strong></span> <span class='ocrx_word' id='word_1_29' title='bbox 796 451 870 494; x_wconf 84' lang='grc' dir='ltr'><strong><em>καὶ</em></strong></span> <span class='ocrx_word' id='word_1_30' title='bbox 894 451 1020 501; x_wconf 86' lang='grc' dir='ltr'><strong><em>κυσὶ,</em></strong></span> <span class='ocrx_word' id='word_1_31' title='bbox 1052 447 1107 493; x_wconf 77' lang='grc' dir='ltr'>οὐ</span> <span class='ocrx_word' id='word_1_32' title='bbox 1138 453 1375 508; x_wconf 80' lang='grc' dir='ltr'><strong><em>λογίζομαι.</em></strong></span> 
     </span>
     <span class='ocr_line' id='line_1_8' title="bbox 111 518 1435 574; baseline -0.001 -11"><span class='ocrx_word' id='word_1_33' title='bbox 111 518 327 574; x_wconf 85' lang='grc' dir='ltr'><strong><em>Ἀνδρέων</em></strong></span> <span class='ocrx_word' id='word_1_34' title='bbox 348 519 391 564; x_wconf 86' lang='grc' dir='ltr'>δ’</span> <span class='ocrx_word' id='word_1_35' title='bbox 424 519 614 564; x_wconf 75' lang='grc' dir='ltr'><strong><em>ἐουσέων</em></strong></span> <span class='ocrx_word' id='word_1_36' title='bbox 643 518 887 563; x_wconf 83' lang='grc' dir='ltr'><strong><em>τοσουτέων</em></strong></span> <span class='ocrx_word' id='word_1_37' title='bbox 908 518 1170 573; x_wconf 86' lang='grc' dir='ltr'><strong><em>μυριαδέων,</em></strong></span> <span class='ocrx_word' id='word_1_38' title='bbox 1203 520 1435 573; x_wconf 81' lang='grc' dir='ltr'><strong><em>κάλλεός9ο</em></strong></span> 
     </span>
     <span class='ocr_line' id='line_1_9' title="bbox 114 584 1380 645; baseline 0.001 -14"><span class='ocrx_word' id='word_1_39' title='bbox 114 604 159 631; x_wconf 92' lang='grc' dir='ltr'>τε</span> <span class='ocrx_word' id='word_1_40' title='bbox 191 589 333 631; x_wconf 82' lang='grc' dir='ltr'><strong><em>εἵνεκα</em></strong></span> <span class='ocrx_word' id='word_1_41' title='bbox 361 588 434 632; x_wconf 85' lang='grc' dir='ltr'><strong><em>καὶ</em></strong></span> <span class='ocrx_word' id='word_1_42' title='bbox 467 588 681 645; x_wconf 78' lang='grc' dir='ltr'><strong><em>μεγάθεος</em></strong></span> <span class='ocrx_word' id='word_1_43' title='bbox 711 586 857 638; x_wconf 83' lang='grc' dir='ltr'><strong><em>ου’δεὶς</em></strong></span> <span class='ocrx_word' id='word_1_44' title='bbox 888 585 1034 629; x_wconf 76' lang='grc' dir='ltr'><strong><em>αὐτῶν</em></strong></span> <span class='ocrx_word' id='word_1_45' title='bbox 1058 584 1380 644; x_wconf 80' lang='grc' dir='ltr'><strong><em>ἀξιονικότερος</em></strong></span> 
     </span>
     <span class='ocr_line' id='line_1_10' title="bbox 112 652 1118 713; baseline -0.004 -15"><span class='ocrx_word' id='word_1_46' title='bbox 112 652 169 713; x_wconf 83' lang='grc' dir='ltr'><strong><em>ἦν</em></strong></span> <span class='ocrx_word' id='word_1_47' title='bbox 199 656 337 699; x_wconf 83' lang='grc' dir='ltr'><strong><em>αὐτοῦ</em></strong></span> <span class='ocrx_word' id='word_1_48' title='bbox 370 656 536 710; x_wconf 78' lang='grc' dir='ltr'><strong><em>Ξέρξεω</em></strong></span> <span class='ocrx_word' id='word_1_49' title='bbox 570 656 682 712; x_wconf 75' lang='grc' dir='ltr'><strong><em>ἔχειν</em></strong></span> <span class='ocrx_word' id='word_1_50' title='bbox 709 659 840 699; x_wconf 88' lang='grc' dir='ltr'><strong><em>τοῦτο</em></strong></span> <span class='ocrx_word' id='word_1_51' title='bbox 870 652 920 697; x_wconf 87' lang='grc' dir='ltr'>τὸ</span> <span class='ocrx_word' id='word_1_52' title='bbox 948 653 1118 709; x_wconf 79' lang='grc' dir='ltr'><strong><em>κράτος.</em></strong></span> 
     </span>
    </p>

    <p class='ocr_par' dir='ltr' id='par_1_5' title="bbox 112 719 1427 1053">
     <span class='ocr_line' id='line_1_11' title="bbox 196 719 1376 780; baseline 0 -13"><span class='ocrx_word' id='word_1_53' title='bbox 196 722 246 767; x_wconf 89' lang='grc' dir='ltr'><em>Ὁ</em></span> <span class='ocrx_word' id='word_1_54' title='bbox 275 724 322 768; x_wconf 78' lang='grc' dir='ltr'>δὲ</span> <span class='ocrx_word' id='word_1_55' title='bbox 354 723 407 780; x_wconf 78' lang='grc' dir='ltr'><em>δὴ</em></span> <span class='ocrx_word' id='word_1_56' title='bbox 436 724 642 776; x_wconf 84' lang='grc' dir='ltr'><strong><em>ναυτικὸς</em></strong></span> <span class='ocrx_word' id='word_1_57' title='bbox 671 722 853 779; x_wconf 81' lang='grc' dir='ltr'><strong><em>στρατὸς</em></strong></span> <span class='ocrx_word' id='word_1_58' title='bbox 884 723 973 767; x_wconf 81' lang='grc' dir='ltr'><strong><em>ἐπεί</em></strong></span> <span class='ocrx_word' id='word_1_59' title='bbox 1003 739 1046 766; x_wconf 85' lang='grc' dir='ltr'>τε</span> <span class='ocrx_word' id='word_1_60' title='bbox 1077 719 1301 779; x_wconf 9' lang='grc' dir='ltr'><strong><em>μὸρμηθεὶβ</em></strong></span> <span class='ocrx_word' id='word_1_61' title='bbox 1332 723 1376 767; x_wconf 74' lang='grc' dir='ltr'>ἕ-</span> 
     </span>
     <span class='ocr_line' id='line_1_12' title="bbox 117 789 1380 848; baseline 0 -13"><span class='ocrx_word' id='word_1_62' title='bbox 117 797 229 844; x_wconf 86' lang='grc' dir='ltr'><strong><em>πλεε,</em></strong></span> <span class='ocrx_word' id='word_1_63' title='bbox 258 792 331 836; x_wconf 86' lang='grc' dir='ltr'><strong><em>καὶ</em></strong></span> <span class='ocrx_word' id='word_1_64' title='bbox 360 792 534 848; x_wconf 84' lang='grc' dir='ltr'><strong><em>κατέσχε</em></strong></span> <span class='ocrx_word' id='word_1_65' title='bbox 563 795 640 848; x_wconf 84' lang='grc' dir='ltr'>τῆς</span> <span class='ocrx_word' id='word_1_66' title='bbox 668 791 925 847; x_wconf 81' lang='grc' dir='ltr'><strong><em>Μαγνησίης</em></strong></span> <span class='ocrx_word' id='word_1_67' title='bbox 961 789 1104 847; x_wconf 83' lang='grc' dir='ltr'><strong><em>χώρης</em></strong></span> <span class='ocrx_word' id='word_1_68' title='bbox 1135 791 1176 842; x_wconf 87' lang='grc' dir='ltr'>ές</span> <span class='ocrx_word' id='word_1_69' title='bbox 1203 791 1283 835; x_wconf 81' lang='grc' dir='ltr'><strong><em>τόν</em></strong></span> <span class='ocrx_word' id='word_1_70' title='bbox 1313 794 1380 835; x_wconf 85' lang='grc' dir='ltr'><strong><em>αἰ-</em></strong></span> 
     </span>
     <span class='ocr_line' id='line_1_13' title="bbox 112 857 1427 917; baseline -0.003 -14"><span class='ocrx_word' id='word_1_71' title='bbox 112 857 268 915; x_wconf 76' lang='grc' dir='ltr'><strong><em>γιαλόν</em></strong></span> <span class='ocrx_word' id='word_1_72' title='bbox 314 860 393 904; x_wconf 84' lang='grc' dir='ltr'><strong><em>τὸν</em></strong></span> <span class='ocrx_word' id='word_1_73' title='bbox 429 860 586 917; x_wconf 78' lang='grc' dir='ltr'><strong><em>μεταξύ</em></strong></span> <span class='ocrx_word' id='word_1_74' title='bbox 636 860 923 915; x_wconf 79' lang='grc' dir='ltr'><strong><em>Κασθαναίης</em></strong></span> <span class='ocrx_word' id='word_1_75' title='bbox 964 875 1008 901; x_wconf 88' lang='grc' dir='ltr'>τε</span> <span class='ocrx_word' id='word_1_76' title='bbox 1047 857 1202 910; x_wconf 81' lang='grc' dir='ltr'><strong><em>πόλιος</em></strong></span> <span class='ocrx_word' id='word_1_77' title='bbox 1248 859 1427 903; x_wconf 80' lang='grc' dir='ltr'><strong><em>έόντα95</em></strong></span> 
     </span>
     <span class='ocr_line' id='line_1_14' title="bbox 112 925 1378 983; baseline 0 -13"><span class='ocrx_word' id='word_1_78' title='bbox 112 928 186 971; x_wconf 84' lang='grc' dir='ltr'><strong><em>καὶ</em></strong></span> <span class='ocrx_word' id='word_1_79' title='bbox 223 926 451 983; x_wconf 74' lang='grc' dir='ltr'><strong><em>Σηπιάδος</em></strong></span> <span class='ocrx_word' id='word_1_80' title='bbox 490 925 633 983; x_wconf 75' lang='grc' dir='ltr'><strong><em>ἀκτῆς,</em></strong></span> <span class='ocrx_word' id='word_1_81' title='bbox 672 929 718 970; x_wconf 79' lang='grc' dir='ltr'>αἱ</span> <span class='ocrx_word' id='word_1_82' title='bbox 753 927 831 983; x_wconf 75' lang='grc' dir='ltr'>μὲν</span> <span class='ocrx_word' id='word_1_83' title='bbox 860 928 913 982; x_wconf 79' lang='grc' dir='ltr'>δὴ</span> <span class='ocrx_word' id='word_1_84' title='bbox 951 930 1120 981; x_wconf 78' lang='grc' dir='ltr'><strong><em>πρῶται</em></strong></span> <span class='ocrx_word' id='word_1_85' title='bbox 1148 931 1237 970; x_wconf 77' lang='grc' dir='ltr'><strong><em>τῶν</em></strong></span> <span class='ocrx_word' id='word_1_86' title='bbox 1265 931 1378 971; x_wconf 77' lang='grc' dir='ltr'><strong><em>νεῶν</em></strong></span> 
     </span>
     <span class='ocr_line' id='line_1_15' title="bbox 114 991 1376 1053; baseline 0.001 -15"><span class='ocrx_word' id='word_1_87' title='bbox 114 995 285 1052; x_wconf 78' lang='grc' dir='ltr'><strong><em>ὥρμεον</em></strong></span> <span class='ocrx_word' id='word_1_88' title='bbox 327 995 438 1051; x_wconf 88' lang='grc' dir='ltr'><strong><em>πρὸς</em></strong></span> <span class='ocrx_word' id='word_1_89' title='bbox 466 999 546 1053; x_wconf 77' lang='grc' dir='ltr'>γῇ,</span> <span class='ocrx_word' id='word_1_90' title='bbox 589 993 717 1038; x_wconf 80' lang='grc' dir='ltr'><strong><em>ἄλλαι</em></strong></span> <span class='ocrx_word' id='word_1_91' title='bbox 747 992 790 1038; x_wconf 88' lang='grc' dir='ltr'>δ’</span> <span class='ocrx_word' id='word_1_92' title='bbox 837 993 900 1038; x_wconf 77' lang='grc' dir='ltr'>ἐπ’</span> <span class='ocrx_word' id='word_1_93' title='bbox 930 994 1116 1052; x_wconf 79' lang='grc' dir='ltr'><strong><em>ἐκείνῃσι</em></strong></span> <span class='ocrx_word' id='word_1_94' title='bbox 1154 991 1216 1038; x_wconf 83' lang='grc' dir='ltr'>ἐπ’</span> <span class='ocrx_word' id='word_1_95' title='bbox 1248 992 1376 1051; x_wconf 79' lang='grc' dir='ltr'><strong><em>ἄγκυ-</em></strong></span> 
     </span>
    </p>
   </div>
   <div class='ocr_carea' id='block_1_5' title="bbox 58 1127 334 1135">
    <p class='ocr_par' dir='ltr' id='par_1_6' title="bbox 58 1127 334 1135">
     <span class='ocr_line' id='line_1_16' title="bbox 58 1127 334 1135; baseline 0 0"><span class='ocrx_word' id='word_1_96' title='bbox 58 1127 334 1135; x_wconf 95' lang='lat' dir='ltr'> </span> 
     </span>
    </p>
   </div>
   <div class='ocr_carea' id='block_1_6' title="bbox 47 1222 708 1274">
    <p class='ocr_par' dir='ltr' id='par_1_7' title="bbox 47 1222 708 1274">
     <span class='ocr_line' id='line_1_17' title="bbox 47 1222 708 1274; baseline 0 -12"><span class='ocrx_word' id='word_1_97' title='bbox 47 1223 154 1262; x_wconf 69' lang='lat' dir='ltr'>‘sicht</span> <span class='ocrx_word' id='word_1_98' title='bbox 165 1224 203 1262; x_wconf 91' lang='lat' dir='ltr'>d.</span> <span class='ocrx_word' id='word_1_99' title='bbox 219 1227 372 1262; x_wconf 66' lang='lat' dir='ltr'>Romm.</span> <span class='ocrx_word' id='word_1_100' title='bbox 387 1222 538 1264; x_wconf 83' lang='lat' dir='ltr'>Griech.</span> <span class='ocrx_word' id='word_1_101' title='bbox 551 1226 708 1274; x_wconf 81' lang='lat' dir='ltr'>Maass-‚</span> 
     </span>
    </p>
   </div>
   <div class='ocr_carea' id='block_1_7' title="bbox 51 1281 716 2803">
    <p class='ocr_par' dir='ltr' id='par_1_8' title="bbox 51 1281 716 2803">
     <span class='ocr_line' id='line_1_18' title="bbox 59 1281 714 1334; baseline 0.005 -16"><span class='ocrx_word' id='word_1_102' title='bbox 59 1281 258 1319; x_wconf 85' lang='lat' dir='ltr'>Gewicht-</span> <span class='ocrx_word' id='word_1_103' title='bbox 277 1296 316 1320; x_wconf 91' lang='lat' dir='ltr'>u.</span> <span class='ocrx_word' id='word_1_104' title='bbox 336 1284 599 1319; x_wconf 76' lang='lat' dir='ltr'>Miinzwesens</span> <span class='ocrx_word' id='word_1_105' title='bbox 624 1296 714 1334; x_wconf 77' lang='lat' dir='ltr'>pag.</span> 
     </span>
     <span class='ocr_line' id='line_1_19' title="bbox 62 1338 714 1384; baseline 0.003 -10"><span class='ocrx_word' id='word_1_106' title='bbox 62 1338 113 1378; x_wconf 89' lang='lat'>15</span> <span class='ocrx_word' id='word_1_107' title='bbox 133 1345 215 1375; x_wconf 89' lang='lat' dir='ltr'>not.</span> <span class='ocrx_word' id='word_1_108' title='bbox 235 1339 300 1379; x_wconf 77' lang='lat'>34.</span> <span class='ocrx_word' id='word_1_109' title='bbox 332 1338 492 1384; x_wconf 76' lang='lat' dir='ltr'>Quando</span> <span class='ocrx_word' id='word_1_110' title='bbox 515 1341 618 1376; x_wconf 87' lang='lat' dir='ltr'>enim</span> <span class='ocrx_word' id='word_1_111' title='bbox 632 1341 714 1376; x_wconf 85' lang='lat' dir='ltr'>siu-</span> 
     </span>
     <span class='ocr_line' id='line_1_20' title="bbox 57 1395 713 1447; baseline 0.003 -17"><span class='ocrx_word' id='word_1_112' title='bbox 57 1395 156 1445; x_wconf 86' lang='lat' dir='ltr'>gulis</span> <span class='ocrx_word' id='word_1_113' title='bbox 175 1397 369 1444; x_wconf 83' lang='lat' dir='ltr'>militibus,</span> <span class='ocrx_word' id='word_1_114' title='bbox 388 1409 552 1447; x_wconf 80' lang='lat' dir='ltr'>quorum</span> <span class='ocrx_word' id='word_1_115' title='bbox 571 1409 713 1432; x_wconf 87' lang='lat' dir='ltr'>nume-</span> 
     </span>
     <span class='ocr_line' id='line_1_21' title="bbox 56 1451 716 1500; baseline 0.003 -13"><span class='ocrx_word' id='word_1_116' title='bbox 56 1464 120 1488; x_wconf 86' lang='lat' dir='ltr'>rus</span> <span class='ocrx_word' id='word_1_117' title='bbox 149 1452 220 1488; x_wconf 88' lang='lat' dir='ltr'>fuit</span> <span class='ocrx_word' id='word_1_118' title='bbox 250 1452 491 1500; x_wconf 77' lang='lat'>5‚283,220‚</span> <span class='ocrx_word' id='word_1_119' title='bbox 531 1453 571 1488; x_wconf 90' lang='lat' dir='ltr'>iu</span> <span class='ocrx_word' id='word_1_120' title='bbox 612 1451 716 1489; x_wconf 89' lang='lat' dir='ltr'>diem</span> 
     </span>
     <span class='ocr_line' id='line_1_22' title="bbox 58 1508 712 1556; baseline 0.002 -12"><span class='ocrx_word' id='word_1_121' title='bbox 58 1508 214 1546; x_wconf 83' lang='lat' dir='ltr'>obvenit</span> <span class='ocrx_word' id='word_1_122' title='bbox 254 1508 420 1546; x_wconf 83' lang='lat' dir='ltr'>choenix</span> <span class='ocrx_word' id='word_1_123' title='bbox 465 1509 601 1556; x_wconf 81' lang='lat' dir='ltr'>tritici,</span> <span class='ocrx_word' id='word_1_124' title='bbox 654 1511 712 1545; x_wconf 88' lang='lat' dir='ltr'>in-</span> 
     </span>
     <span class='ocr_line' id='line_1_23' title="bbox 56 1563 708 1616; baseline 0.002 -15"><span class='ocrx_word' id='word_1_125' title='bbox 56 1563 127 1612; x_wconf 89' lang='lat' dir='ltr'>de,</span> <span class='ocrx_word' id='word_1_126' title='bbox 170 1578 291 1616; x_wconf 86' lang='lat' dir='ltr'>quum</span> <span class='ocrx_word' id='word_1_127' title='bbox 331 1564 583 1616; x_wconf 83' lang='lat' dir='ltr'>quadraginta</span> <span class='ocrx_word' id='word_1_128' title='bbox 622 1572 708 1602; x_wconf 89' lang='lat' dir='ltr'>octo</span> 
     </span>
     <span class='ocr_line' id='line_1_24' title="bbox 55 1619 712 1659; baseline 0 -1"><span class='ocrx_word' id='word_1_129' title='bbox 55 1619 256 1659; x_wconf 86' lang='lat' dir='ltr'>choenices</span> <span class='ocrx_word' id='word_1_130' title='bbox 316 1621 560 1658; x_wconf 83' lang='lat' dir='ltr'>medimnum</span> <span class='ocrx_word' id='word_1_131' title='bbox 607 1635 712 1658; x_wconf 91' lang='lat' dir='ltr'>com-</span> 
     </span>
     <span class='ocr_line' id='line_1_25' title="bbox 54 1678 710 1729; baseline 0.002 -15"><span class='ocrx_word' id='word_1_132' title='bbox 54 1679 203 1729; x_wconf 82' lang='lat' dir='ltr'>pleant,</span> <span class='ocrx_word' id='word_1_133' title='bbox 243 1678 531 1715; x_wconf 87' lang='lat' dir='ltr'>medimnorum</span> <span class='ocrx_word' id='word_1_134' title='bbox 583 1679 710 1716; x_wconf 81' lang='lat' dir='ltr'>existit</span> 
     </span>
     <span class='ocr_line' id='line_1_26' title="bbox 51 1736 713 1786; baseline 0 -15"><span class='ocrx_word' id='word_1_135' title='bbox 51 1748 235 1772; x_wconf 84' lang='lat' dir='ltr'>numerus</span> <span class='ocrx_word' id='word_1_136' title='bbox 260 1736 467 1786; x_wconf 61' lang='lat' dir='ltr'>11O‚067‡¹2-</span> <span class='ocrx_word' id='word_1_137' title='bbox 487 1748 614 1786; x_wconf 86' lang='lat' dir='ltr'>neque</span> <span class='ocrx_word' id='word_1_138' title='bbox 643 1749 713 1772; x_wconf 88' lang='lat' dir='ltr'>ve-</span> 
     </span>
     <span class='ocr_line' id='line_1_27' title="bbox 53 1790 712 1839; baseline 0 -11"><span class='ocrx_word' id='word_1_139' title='bbox 53 1804 96 1828; x_wconf 87' lang='lat' dir='ltr'>ro</span> <span class='ocrx_word' id='word_1_140' title='bbox 131 1790 334 1839; x_wconf 83' lang='lat'><strong>110,340‚</strong></span> <span class='ocrx_word' id='word_1_141' title='bbox 364 1799 406 1828; x_wconf 92' lang='lat' dir='ltr'>ut</span> <span class='ocrx_word' id='word_1_142' title='bbox 428 1791 613 1828; x_wconf 86' lang='lat' dir='ltr'>Herodoti</span> <span class='ocrx_word' id='word_1_143' title='bbox 640 1791 712 1828; x_wconf 85' lang='lat' dir='ltr'>fert</span> 
     </span>
     <span class='ocr_line' id='line_1_28' title="bbox 55 1847 709 1898; baseline 0.003 -15"><span class='ocrx_word' id='word_1_144' title='bbox 55 1849 261 1894; x_wconf 83' lang='lat' dir='ltr'>sententia,</span> <span class='ocrx_word' id='word_1_145' title='bbox 285 1860 401 1898; x_wconf 91' lang='lat' dir='ltr'>quem</span> <span class='ocrx_word' id='word_1_146' title='bbox 420 1847 482 1884; x_wconf 87' lang='lat' dir='ltr'>hic</span> <span class='ocrx_word' id='word_1_147' title='bbox 502 1861 709 1885; x_wconf 87' lang='lat' dir='ltr'>numerum</span> 
     </span>
     <span class='ocr_line' id='line_1_29' title="bbox 56 1903 710 1944; baseline 0.006 -6"><span class='ocrx_word' id='word_1_148' title='bbox 56 1903 139 1944; x_wconf 82' lang='lat'>340</span> <span class='ocrx_word' id='word_1_149' title='bbox 197 1903 364 1940; x_wconf 82' lang='lat' dir='ltr'>dividere</span> <span class='ocrx_word' id='word_1_150' title='bbox 421 1905 582 1941; x_wconf 85' lang='lat' dir='ltr'>oblitum</span> <span class='ocrx_word' id='word_1_151' title='bbox 632 1918 710 1942; x_wconf 89' lang='lat' dir='ltr'>esse</span> 
     </span>
     <span class='ocr_line' id='line_1_30' title="bbox 57 1958 710 2010; baseline 0.003 -14"><span class='ocrx_word' id='word_1_152' title='bbox 57 1958 442 2010; x_wconf 80' lang='lat' dir='ltr'>Schweighaeuserus</span> <span class='ocrx_word' id='word_1_153' title='bbox 474 1962 567 1998; x_wconf 84' lang='lat' dir='ltr'>vult.</span> <span class='ocrx_word' id='word_1_154' title='bbox 627 1963 710 2006; x_wconf 80' lang='lat' dir='ltr'>Quo</span> 
     </span>
     <span class='ocr_line' id='line_1_31' title="bbox 56 2019 713 2055; baseline 0.005 -3"><span class='ocrx_word' id='word_1_155' title='bbox 56 2023 185 2053; x_wconf 82' lang='lat' dir='ltr'>tamen</span> <span class='ocrx_word' id='word_1_156' title='bbox 215 2030 348 2053; x_wconf 89' lang='lat' dir='ltr'>vereor</span> <span class='ocrx_word' id='word_1_157' title='bbox 375 2024 417 2054; x_wconf 91' lang='lat' dir='ltr'>ut</span> <span class='ocrx_word' id='word_1_158' title='bbox 447 2019 571 2055; x_wconf 90' lang='lat' dir='ltr'>omnis</span> <span class='ocrx_word' id='word_1_159' title='bbox 599 2019 713 2055; x_wconf 83' lang='lat' dir='ltr'>tolla-</span> 
     </span>
     <span class='ocr_line' id='line_1_32' title="bbox 54 2072 712 2112; baseline 0.003 -3"><span class='ocrx_word' id='word_1_160' title='bbox 54 2079 118 2109; x_wconf 86' lang='lat' dir='ltr'>tur</span> <span class='ocrx_word' id='word_1_161' title='bbox 177 2072 392 2110; x_wconf 81' lang='lat' dir='ltr'>difficultas.</span> <span class='ocrx_word' id='word_1_162' title='bbox 468 2074 712 2112; x_wconf 87' lang='lat' dir='ltr'>Medimnum</span> 
     </span>
     <span class='ocr_line' id='line_1_33' title="bbox 53 2130 713 2182; baseline 0.003 -16"><span class='ocrx_word' id='word_1_163' title='bbox 53 2142 123 2166; x_wconf 88' lang='lat' dir='ltr'>sex</span> <span class='ocrx_word' id='word_1_164' title='bbox 141 2130 290 2167; x_wconf 90' lang='lat' dir='ltr'>modios</span> <span class='ocrx_word' id='word_1_165' title='bbox 317 2132 510 2168; x_wconf 85' lang='lat' dir='ltr'>Romanos</span> <span class='ocrx_word' id='word_1_166' title='bbox 540 2133 713 2182; x_wconf 88' lang='lat' dir='ltr'>comple-</span> 
     </span>
     <span class='ocr_line' id='line_1_34' title="bbox 55 2192 713 2239; baseline 0.003 -16"><span class='ocrx_word' id='word_1_167' title='bbox 55 2193 223 2224; x_wconf 86' lang='lat' dir='ltr'>ctentem</span> <span class='ocrx_word' id='word_1_168' title='bbox 244 2199 408 2239; x_wconf 86' lang='lat' dir='ltr'>aequare</span> <span class='ocrx_word' id='word_1_169' title='bbox 427 2192 602 2225; x_wconf 81' lang='lat' dir='ltr'>octavam</span> <span class='ocrx_word' id='word_1_170' title='bbox 622 2202 713 2239; x_wconf 83' lang='lat' dir='ltr'>par-</span> 
     </span>
     <span class='ocr_line' id='line_1_35' title="bbox 54 2245 714 2295; baseline 0.005 -17"><span class='ocrx_word' id='word_1_171' title='bbox 54 2249 134 2279; x_wconf 86' lang='lat' dir='ltr'>tem</span> <span class='ocrx_word' id='word_1_172' title='bbox 169 2257 371 2281; x_wconf 81' lang='lat' dir='ltr'>mensurae</span> <span class='ocrx_word' id='word_1_173' title='bbox 400 2245 714 2295; x_wconf 67' lang='lat' dir='ltr'>VVLIrtembergi-</span> 
     </span>
     <span class='ocr_line' id='line_1_36' title="bbox 56 2300 711 2349; baseline 0.005 -14"><span class='ocrx_word' id='word_1_174' title='bbox 56 2311 135 2346; x_wconf 87' lang='lat' dir='ltr'>cae,</span> <span class='ocrx_word' id='word_1_175' title='bbox 157 2301 218 2336; x_wconf 92' lang='lat' dir='ltr'>cui</span> <span class='ocrx_word' id='word_1_176' title='bbox 238 2314 382 2338; x_wconf 88' lang='lat' dir='ltr'>nomen</span> <span class='ocrx_word' id='word_1_177' title='bbox 404 2300 585 2349; x_wconf 82' lang='lat' dir='ltr'>Scheffel,</span> <span class='ocrx_word' id='word_1_178' title='bbox 606 2301 711 2339; x_wconf 88' lang='lat' dir='ltr'>idem</span> 
     </span>
     <span class='ocr_line' id='line_1_37' title="bbox 55 2354 712 2410; baseline 0.012 -19"><span class='ocrx_word' id='word_1_179' title='bbox 55 2354 186 2392; x_wconf 90' lang='lat' dir='ltr'>docuit</span> <span class='ocrx_word' id='word_1_180' title='bbox 208 2357 366 2395; x_wconf 89' lang='lat' dir='ltr'>Wurm.</span> <span class='ocrx_word' id='word_1_181' title='bbox 393 2358 420 2395; x_wconf 91' lang='lat' dir='ltr'>l.</span> <span class='ocrx_word' id='word_1_182' title='bbox 447 2359 474 2395; x_wconf 91' lang='lat' dir='ltr'>l.</span> <span class='ocrx_word' id='word_1_183' title='bbox 494 2380 551 2386; x_wconf 86' lang='lat'>—-</span> <span class='ocrx_word' id='word_1_184' title='bbox 571 2354 630 2398; x_wconf 79' lang='grc' dir='ltr'>ἐπ’</span> <span class='ocrx_word' id='word_1_185' title='bbox 660 2357 712 2410; x_wconf 80' lang='grc' dir='ltr'>ή-</span> 
     </span>
     <span class='ocr_line' id='line_1_38' title="bbox 55 2409 711 2466; baseline 0.003 -15"><span class='ocrx_word' id='word_1_186' title='bbox 55 2412 153 2465; x_wconf 83' lang='grc' dir='ltr'><strong><em>μέρῃ</em></strong></span> <span class='ocrx_word' id='word_1_187' title='bbox 173 2409 317 2466; x_wconf 76' lang='grc' dir='ltr'><strong><em>ἑκάστῃ</em></strong></span> <span class='ocrx_word' id='word_1_188' title='bbox 347 2414 413 2464; x_wconf 82' lang='lat' dir='ltr'>(in</span> <span class='ocrx_word' id='word_1_189' title='bbox 437 2428 711 2466; x_wconf 76' lang='lat' dir='ltr'>unumquemque</span> 
     </span>
     <span class='ocr_line' id='line_1_39' title="bbox 57 2468 711 2523; baseline 0.008 -18"><span class='ocrx_word' id='word_1_190' title='bbox 57 2468 174 2516; x_wconf 81' lang='lat' dir='ltr'>diem)</span> <span class='ocrx_word' id='word_1_191' title='bbox 210 2468 347 2506; x_wconf 86' lang='lat' dir='ltr'>eodem</span> <span class='ocrx_word' id='word_1_192' title='bbox 390 2471 507 2509; x_wconf 88' lang='lat' dir='ltr'>modo</span> <span class='ocrx_word' id='word_1_193' title='bbox 556 2474 711 2523; x_wconf 88' lang='lat' dir='ltr'>ponitur</span> 
     </span>
     <span class='ocr_line' id='line_1_40' title="bbox 56 2526 710 2580; baseline 0.009 -19"><span class='ocrx_word' id='word_1_194' title='bbox 56 2538 132 2577; x_wconf 88' lang='lat' dir='ltr'>quo</span> <span class='ocrx_word' id='word_1_195' title='bbox 152 2526 200 2572; x_wconf 90' lang='lat'>11,</span> <span class='ocrx_word' id='word_1_196' title='bbox 224 2527 316 2567; x_wconf 87' lang='lat'>168.</span> <span class='ocrx_word' id='word_1_197' title='bbox 375 2527 485 2564; x_wconf 76' lang='lat' dir='ltr'>Cous.</span> <span class='ocrx_word' id='word_1_198' title='bbox 508 2528 710 2580; x_wconf 83' lang='lat' dir='ltr'>Schweig-</span> 
     </span>
     <span class='ocr_line' id='line_1_41' title="bbox 54 2580 708 2635; baseline 0.008 -17"><span class='ocrx_word' id='word_1_199' title='bbox 54 2580 227 2619; x_wconf 87' lang='lat' dir='ltr'>haeuser.</span> <span class='ocrx_word' id='word_1_200' title='bbox 247 2582 287 2618; x_wconf 86' lang='lat' dir='ltr'>in</span> <span class='ocrx_word' id='word_1_201' title='bbox 306 2583 401 2619; x_wconf 86' lang='lat' dir='ltr'>Lex.</span> <span class='ocrx_word' id='word_1_202' title='bbox 416 2584 708 2635; x_wconf 81' lang='lat' dir='ltr'>Polyb.p.242.</span> 
     </span>
     <span class='ocr_line' id='line_1_42' title="bbox 54 2638 708 2690; baseline 0.005 -15"><span class='ocrx_word' id='word_1_203' title='bbox 54 2639 100 2675; x_wconf 87' lang='lat' dir='ltr'>In</span> <span class='ocrx_word' id='word_1_204' title='bbox 137 2652 244 2690; x_wconf 85' lang='lat' dir='ltr'>seqq.</span> <span class='ocrx_word' id='word_1_205' title='bbox 286 2638 334 2676; x_wconf 84' lang='lat' dir='ltr'>ad</span> <span class='ocrx_word' id='word_1_206' title='bbox 354 2640 512 2689; x_wconf 83' lang='lat' dir='ltr'>genitivi</span> <span class='ocrx_word' id='word_1_207' title='bbox 545 2641 708 2678; x_wconf 81' lang='lat' dir='ltr'>formam</span> 
     </span>
     <span class='ocr_line' id='line_1_43' title="bbox 55 2689 706 2746; baseline 0 -12"><span class='ocrx_word' id='word_1_208' title='bbox 55 2689 234 2746; x_wconf 78' lang='grc' dir='ltr'><strong><em>οἶνδρέων</em></strong></span> <span class='ocrx_word' id='word_1_209' title='bbox 268 2696 368 2732; x_wconf 89' lang='lat' dir='ltr'>conf.</span> <span class='ocrx_word' id='word_1_210' title='bbox 396 2695 529 2734; x_wconf 82' lang='lat' dir='ltr'>Matth.</span> <span class='ocrx_word' id='word_1_211' title='bbox 553 2698 618 2734; x_wconf 82' lang='lat' dir='ltr'>Gr.</span> <span class='ocrx_word' id='word_1_212' title='bbox 640 2699 706 2737; x_wconf 82' lang='lat' dir='ltr'>Gr.</span> 
     </span>
     <span class='ocr_line' id='line_1_44' title="bbox 55 2751 379 2803; baseline -0.003 -13"><span class='ocrx_word' id='word_1_213' title='bbox 55 2752 94 2797; x_wconf 64' lang='grc' dir='ltr'>ξ.</span> <span class='ocrx_word' id='word_1_214' title='bbox 109 2751 162 2793; x_wconf 82' lang='lat'>74</span> <span class='ocrx_word' id='word_1_215' title='bbox 175 2765 264 2803; x_wconf 83' lang='lat' dir='ltr'>pag.</span> <span class='ocrx_word' id='word_1_216' title='bbox 288 2754 379 2793; x_wconf 89' lang='grc'>166.</span> 
     </span>
    </p>
   </div>
   <div class='ocr_carea' id='block_1_8' title="bbox 769 1221 1431 1786">
    <p class='ocr_par' dir='ltr' id='par_1_9' title="bbox 769 1221 1431 1786">
     <span class='ocr_line' id='line_1_45' title="bbox 831 1221 1430 1278; baseline 0.002 -12"><span class='ocrx_word' id='word_1_217' title='bbox 831 1221 998 1274; x_wconf 74' lang='grc' dir='ltr'><strong><em>κάλλεός</em></strong></span> <span class='ocrx_word' id='word_1_218' title='bbox 1026 1241 1067 1266; x_wconf 87' lang='grc' dir='ltr'>τε</span> <span class='ocrx_word' id='word_1_219' title='bbox 1101 1226 1232 1266; x_wconf 81' lang='grc' dir='ltr'><strong><em>εἵνεκα</em></strong></span> <span class='ocrx_word' id='word_1_220' title='bbox 1262 1225 1329 1267; x_wconf 81' lang='grc' dir='ltr'><strong><em>καὶ</em></strong></span> <span class='ocrx_word' id='word_1_221' title='bbox 1361 1241 1430 1278; x_wconf 85' lang='grc' dir='ltr'>με-</span> 
     </span>
     <span class='ocr_line' id='line_1_46' title="bbox 774 1278 1429 1336; baseline 0.002 -17"><span class='ocrx_word' id='word_1_222' title='bbox 774 1278 954 1334; x_wconf 72' lang='grc' dir='ltr'>γάθεος]</span> <span class='ocrx_word' id='word_1_223' title='bbox 978 1284 1152 1334; x_wconf 82' lang='lat' dir='ltr'>Iungitur</span> <span class='ocrx_word' id='word_1_224' title='bbox 1177 1283 1251 1320; x_wconf 92' lang='lat' dir='ltr'>hoc</span> <span class='ocrx_word' id='word_1_225' title='bbox 1273 1297 1429 1336; x_wconf 89' lang='lat' dir='ltr'>quoque</span> 
     </span>
     <span class='ocr_line' id='line_1_47' title="bbox 773 1340 1430 1391; baseline 0.002 -14"><span class='ocrx_word' id='word_1_226' title='bbox 773 1340 858 1377; x_wconf 90' lang='lat' dir='ltr'>loco</span> <span class='ocrx_word' id='word_1_227' title='bbox 893 1341 1100 1391; x_wconf 79' lang='lat' dir='ltr'>pulcritudo</span> <span class='ocrx_word' id='word_1_228' title='bbox 1133 1348 1170 1378; x_wconf 90' lang='lat' dir='ltr'>et</span> <span class='ocrx_word' id='word_1_229' title='bbox 1207 1341 1430 1390; x_wconf 81' lang='lat' dir='ltr'>magnitudo,</span> 
     </span>
     <span class='ocr_line' id='line_1_48' title="bbox 775 1397 1431 1449; baseline 0.003 -17"><span class='ocrx_word' id='word_1_230' title='bbox 775 1397 850 1448; x_wconf 64' lang='lat' dir='ltr'>quai</span> <span class='ocrx_word' id='word_1_231' title='bbox 881 1397 1043 1449; x_wconf 56' lang='lat' dir='ltr'>utraque</span> <span class='ocrx_word' id='word_1_232' title='bbox 1079 1399 1245 1449; x_wconf 91' lang='lat' dir='ltr'>corporis</span> <span class='ocrx_word' id='word_1_233' title='bbox 1285 1405 1431 1435; x_wconf 80' lang='lat' dir='ltr'>constat</span> 
     </span>
     <span class='ocr_line' id='line_1_49' title="bbox 773 1453 1429 1502; baseline 0.002 -12"><span class='ocrx_word' id='word_1_234' title='bbox 773 1454 1001 1490; x_wconf 86' lang='lat' dir='ltr'>formositas.</span> <span class='ocrx_word' id='word_1_235' title='bbox 1047 1453 1134 1490; x_wconf 69' lang='lat' dir='ltr'>Vid.</span> <span class='ocrx_word' id='word_1_236' title='bbox 1172 1461 1267 1492; x_wconf 80' lang='lat' dir='ltr'>nott.</span> <span class='ocrx_word' id='word_1_237' title='bbox 1304 1453 1353 1490; x_wconf 80' lang='lat' dir='ltr'>ad</span> <span class='ocrx_word' id='word_1_238' title='bbox 1384 1455 1429 1502; x_wconf 90' lang='lat' dir='ltr'>V,</span> 
     </span>
     <span class='ocr_line' id='line_1_50' title="bbox 777 1504 1426 1561; baseline 0 -12"><span class='ocrx_word' id='word_1_239' title='bbox 777 1512 841 1549; x_wconf 77' lang='lat'>12.</span> <span class='ocrx_word' id='word_1_240' title='bbox 858 1531 912 1538; x_wconf 90' lang='lat'>—-</span> <span class='ocrx_word' id='word_1_241' title='bbox 935 1504 1069 1548; x_wconf 66' lang='grc' dir='ltr'><strong><em>αὐτῶν</em></strong></span> <span class='ocrx_word' id='word_1_242' title='bbox 1081 1509 1168 1546; x_wconf 91' lang='lat' dir='ltr'>dedi</span> <span class='ocrx_word' id='word_1_243' title='bbox 1179 1524 1248 1561; x_wconf 87' lang='lat' dir='ltr'>pro</span> <span class='ocrx_word' id='word_1_244' title='bbox 1259 1506 1426 1549; x_wconf 70' lang='grc' dir='ltr'><strong><em>αὐτέων.</em></strong></span> 
     </span>
     <span class='ocr_line' id='line_1_51' title="bbox 773 1561 1428 1616; baseline 0 -12"><span class='ocrx_word' id='word_1_245' title='bbox 773 1561 978 1613; x_wconf 71' lang='grc' dir='ltr'><strong><em>α’ξιόνικος</em></strong></span> <span class='ocrx_word' id='word_1_246' title='bbox 1001 1565 1040 1602; x_wconf 87' lang='lat' dir='ltr'>h.</span> <span class='ocrx_word' id='word_1_247' title='bbox 1069 1567 1096 1603; x_wconf 88' lang='lat' dir='ltr'>l.</span> <span class='ocrx_word' id='word_1_248' title='bbox 1117 1567 1250 1616; x_wconf 82' lang='lat' dir='ltr'>dignus</span> <span class='ocrx_word' id='word_1_249' title='bbox 1279 1566 1428 1615; x_wconf 80' lang='lat' dir='ltr'>dicitur,</span> 
     </span>
     <span class='ocr_line' id='line_1_52' title="bbox 772 1622 1428 1674; baseline 0.003 -16"><span class='ocrx_word' id='word_1_250' title='bbox 772 1624 838 1674; x_wconf 88' lang='lat' dir='ltr'>qui</span> <span class='ocrx_word' id='word_1_251' title='bbox 869 1636 957 1659; x_wconf 88' lang='lat' dir='ltr'>cum</span> <span class='ocrx_word' id='word_1_252' title='bbox 981 1624 1054 1660; x_wconf 80' lang='lat' dir='ltr'>alio</span> <span class='ocrx_word' id='word_1_253' title='bbox 1077 1622 1124 1660; x_wconf 88' lang='lat' dir='ltr'>de</span> <span class='ocrx_word' id='word_1_254' title='bbox 1155 1625 1312 1661; x_wconf 84' lang='lat' dir='ltr'>victoria</span> <span class='ocrx_word' id='word_1_255' title='bbox 1333 1637 1428 1661; x_wconf 87' lang='lat' dir='ltr'>con-</span> 
     </span>
     <span class='ocr_line' id='line_1_53' title="bbox 769 1678 1429 1731; baseline 0.003 -16"><span class='ocrx_word' id='word_1_256' title='bbox 769 1678 900 1716; x_wconf 80' lang='lat' dir='ltr'>tendat</span> <span class='ocrx_word' id='word_1_257' title='bbox 917 1693 987 1716; x_wconf 90' lang='lat' dir='ltr'>nec</span> <span class='ocrx_word' id='word_1_258' title='bbox 1008 1681 1088 1731; x_wconf 86' lang='lat' dir='ltr'>ipse</span> <span class='ocrx_word' id='word_1_259' title='bbox 1107 1681 1286 1717; x_wconf 77' lang='lat' dir='ltr'>victoriae</span> <span class='ocrx_word' id='word_1_260' title='bbox 1300 1679 1429 1718; x_wconf 90' lang='lat' dir='ltr'>hono-</span> 
     </span>
     <span class='ocr_line' id='line_1_54' title="bbox 771 1735 1420 1786; baseline 0.003 -15"><span class='ocrx_word' id='word_1_261' title='bbox 771 1749 812 1772; x_wconf 88' lang='lat' dir='ltr'>re</span> <span class='ocrx_word' id='word_1_262' title='bbox 836 1735 1018 1786; x_wconf 83' lang='lat' dir='ltr'>indignus</span> <span class='ocrx_word' id='word_1_263' title='bbox 1040 1744 1250 1775; x_wconf 84' lang='lat' dir='ltr'>censeatur.</span> <span class='ocrx_word' id='word_1_264' title='bbox 1309 1737 1420 1774; x_wconf 90' lang='lat' dir='ltr'>Conf.</span> 
     </span>
    </p>
   </div>
   <div class='ocr_carea' id='block_1_9' title="bbox 769 1794 1305 1933">
    <p class='ocr_par' dir='ltr' id='par_1_10' title="bbox 769 1794 1305 1933">
     <span class='ocr_line' id='line_1_55' title="bbox 769 1794 1014 1841; baseline -0.012 -8"><span class='ocrx_word' id='word_1_265' title='bbox 769 1794 839 1841; x_wconf 82' lang='lat' dir='ltr'>IX,</span> <span class='ocrx_word' id='word_1_266' title='bbox 860 1796 924 1834; x_wconf 82' lang='lat'>26.</span> <span class='ocrx_word' id='word_1_267' title='bbox 947 1795 1014 1834; x_wconf 82' lang='lat'>28.</span> 
     </span>
     <span class='ocr_line' id='line_1_56' title="bbox 905 1882 1305 1933; baseline 0 -15"><span class='ocrx_word' id='word_1_268' title='bbox 905 1882 999 1933; x_wconf 73' lang='lat' dir='ltr'>cap.</span> <span class='ocrx_word' id='word_1_269' title='bbox 1024 1882 1305 1920; x_wconf 77' lang='lat' dir='ltr'>chxxan.</span> 
     </span>
    </p>
   </div>
   <div class='ocr_carea' id='block_1_10' title="bbox 768 1959 1428 2804">
    <p class='ocr_par' dir='ltr' id='par_1_11' title="bbox 768 1959 1427 2124">
     <span class='ocr_line' id='line_1_57' title="bbox 828 1959 1426 2012; baseline -0.003 -12"><span class='ocrx_word' id='word_1_270' title='bbox 828 1959 1004 2012; x_wconf 81' lang='grc' dir='ltr'><strong><em>κατέσχε]</em></strong></span> <span class='ocrx_word' id='word_1_271' title='bbox 1035 1961 1121 1998; x_wconf 81' lang='lat' dir='ltr'>Vid.</span> <span class='ocrx_word' id='word_1_272' title='bbox 1150 1970 1245 2000; x_wconf 90' lang='lat' dir='ltr'>nott.</span> <span class='ocrx_word' id='word_1_273' title='bbox 1277 1962 1325 2000; x_wconf 82' lang='lat' dir='ltr'>ad</span> <span class='ocrx_word' id='word_1_274' title='bbox 1345 1963 1426 2009; x_wconf 81' lang='lat' dir='ltr'>VII,</span> 
     </span>
     <span class='ocr_line' id='line_1_58' title="bbox 775 2018 1427 2058; baseline 0 -1"><span class='ocrx_word' id='word_1_275' title='bbox 775 2019 850 2058; x_wconf 90' lang='lat'>101</span> <span class='ocrx_word' id='word_1_276' title='bbox 887 2025 922 2055; x_wconf 87' lang='lat' dir='ltr'>et</span> <span class='ocrx_word' id='word_1_277' title='bbox 959 2018 1005 2055; x_wconf 90' lang='lat' dir='ltr'>de</span> <span class='ocrx_word' id='word_1_278' title='bbox 1037 2019 1264 2058; x_wconf 71' lang='lat' dir='ltr'>Casthanaea</span> <span class='ocrx_word' id='word_1_279' title='bbox 1291 2033 1335 2057; x_wconf 80' lang='lat' dir='ltr'>ac</span> <span class='ocrx_word' id='word_1_280' title='bbox 1358 2019 1427 2057; x_wconf 87' lang='lat' dir='ltr'>Se-</span> 
     </span>
     <span class='ocr_line' id='line_1_59' title="bbox 768 2075 1283 2124; baseline 0 -13"><span class='ocrx_word' id='word_1_281' title='bbox 768 2075 877 2124; x_wconf 80' lang='lat' dir='ltr'>piade</span> <span class='ocrx_word' id='word_1_282' title='bbox 897 2082 993 2112; x_wconf 86' lang='lat' dir='ltr'>nott.</span> <span class='ocrx_word' id='word_1_283' title='bbox 1015 2075 1062 2112; x_wconf 84' lang='lat' dir='ltr'>ad</span> <span class='ocrx_word' id='word_1_284' title='bbox 1086 2077 1167 2123; x_wconf 83' lang='lat' dir='ltr'>VII,</span> <span class='ocrx_word' id='word_1_285' title='bbox 1191 2079 1283 2118; x_wconf 80' lang='lat'><strong>183,</strong></span> 
     </span>
    </p>

    <p class='ocr_par' dir='ltr' id='par_1_12' title="bbox 768 2128 1428 2804">
     <span class='ocr_line' id='line_1_60' title="bbox 830 2128 1428 2187; baseline 0.007 -17"><span class='ocrx_word' id='word_1_286' title='bbox 830 2128 984 2181; x_wconf 75' lang='grc' dir='ltr'><strong><em>ὥρμεον</em></strong></span> <span class='ocrx_word' id='word_1_287' title='bbox 1029 2130 1125 2183; x_wconf 83' lang='grc' dir='ltr'><strong><em>πρὸς</em></strong></span> <span class='ocrx_word' id='word_1_288' title='bbox 1162 2135 1243 2187; x_wconf 79' lang='grc' dir='ltr'>γῇ]</span> <span class='ocrx_word' id='word_1_289' title='bbox 1293 2131 1428 2185; x_wconf 81' lang='grc' dir='ltr'><strong><em>ὁρμεῖν</em></strong></span> 
     </span>
     <span class='ocr_line' id='line_1_61' title="bbox 774 2186 1428 2242; baseline 0.005 -18"><span class='ocrx_word' id='word_1_290' title='bbox 774 2186 974 2236; x_wconf 68' lang='lat' dir='ltr'>(stationem</span> <span class='ocrx_word' id='word_1_291' title='bbox 1001 2188 1153 2239; x_wconf 74' lang='lat' dir='ltr'>habere)</span> <span class='ocrx_word' id='word_1_292' title='bbox 1176 2197 1298 2227; x_wconf 82' lang='lat' dir='ltr'>exstat</span> <span class='ocrx_word' id='word_1_293' title='bbox 1327 2203 1428 2242; x_wconf 89' lang='lat' dir='ltr'>quo-</span> 
     </span>
     <span class='ocr_line' id='line_1_62' title="bbox 773 2243 1427 2300; baseline 0.005 -19"><span class='ocrx_word' id='word_1_294' title='bbox 773 2257 847 2296; x_wconf 84' lang='lat' dir='ltr'>que</span> <span class='ocrx_word' id='word_1_295' title='bbox 860 2246 939 2292; x_wconf 86' lang='lat' dir='ltr'><strong>VII,</strong></span> <span class='ocrx_word' id='word_1_296' title='bbox 956 2248 1023 2286; x_wconf 81' lang='lat'>21.</span> <span class='ocrx_word' id='word_1_297' title='bbox 1039 2248 1130 2287; x_wconf 88' lang='grc'>189.</span> <span class='ocrx_word' id='word_1_298' title='bbox 1151 2243 1250 2299; x_wconf 71' lang='grc' dir='ltr'><strong><em>πρός</em></strong></span> <span class='ocrx_word' id='word_1_299' title='bbox 1270 2250 1322 2300; x_wconf 80' lang='grc' dir='ltr'>γῇ</span> <span class='ocrx_word' id='word_1_300' title='bbox 1335 2247 1427 2284; x_wconf 84' lang='lat' dir='ltr'>dant</span> 
     </span>
     <span class='ocr_line' id='line_1_63' title="bbox 770 2302 1424 2350; baseline 0.005 -12"><span class='ocrx_word' id='word_1_301' title='bbox 770 2302 1010 2339; x_wconf 82' lang='lat' dir='ltr'>Florentinus</span> <span class='ocrx_word' id='word_1_302' title='bbox 1039 2315 1083 2339; x_wconf 84' lang='lat' dir='ltr'>ac</span> <span class='ocrx_word' id='word_1_303' title='bbox 1103 2309 1176 2340; x_wconf 88' lang='lat' dir='ltr'>tres</span> <span class='ocrx_word' id='word_1_304' title='bbox 1197 2305 1260 2339; x_wconf 82' lang='lat' dir='ltr'>alii</span> <span class='ocrx_word' id='word_1_305' title='bbox 1288 2303 1424 2350; x_wconf 85' lang='lat' dir='ltr'>codd.;</span> 
     </span>
     <span class='ocr_line' id='line_1_64' title="bbox 772 2356 1425 2410; baseline 0.005 -16"><span class='ocrx_word' id='word_1_306' title='bbox 772 2359 843 2395; x_wconf 83' lang='lat' dir='ltr'>alia</span> <span class='ocrx_word' id='word_1_307' title='bbox 891 2356 993 2410; x_wconf 76' lang='grc' dir='ltr'><strong><em>πρὸς</em></strong></span> <span class='ocrx_word' id='word_1_308' title='bbox 1039 2361 1138 2410; x_wconf 76' lang='grc' dir='ltr'><strong><em>γῆνς</em></strong></span> <span class='ocrx_word' id='word_1_309' title='bbox 1205 2359 1425 2397; x_wconf 79' lang='lat' dir='ltr'>Eustathius</span> 
     </span>
     <span class='ocr_line' id='line_1_65' title="bbox 770 2413 1424 2467; baseline 0.005 -16"><span class='ocrx_word' id='word_1_310' title='bbox 770 2413 865 2451; x_wconf 88' lang='lat' dir='ltr'>haec</span> <span class='ocrx_word' id='word_1_311' title='bbox 886 2417 1002 2452; x_wconf 87' lang='lat' dir='ltr'>citans</span> <span class='ocrx_word' id='word_1_312' title='bbox 1031 2414 1079 2451; x_wconf 80' lang='lat' dir='ltr'>ad</span> <span class='ocrx_word' id='word_1_313' title='bbox 1104 2417 1150 2456; x_wconf 89' lang='grc' dir='ltr'>ΙΙ.</span> <span class='ocrx_word' id='word_1_314' title='bbox 1171 2430 1208 2467; x_wconf 91' lang='lat' dir='ltr'>p.</span> <span class='ocrx_word' id='word_1_315' title='bbox 1230 2417 1324 2465; x_wconf 87' lang='lat'>965,</span> <span class='ocrx_word' id='word_1_316' title='bbox 1346 2416 1371 2457; x_wconf 84' lang='lat'><strong>4</strong></span> <span class='ocrx_word' id='word_1_317' title='bbox 1392 2431 1424 2454; x_wconf 91' lang='lat' dir='ltr'>s.</span> 
     </span>
     <span class='ocr_line' id='line_1_66' title="bbox 770 2468 1423 2524; baseline -0.006 -11"><span class='ocrx_word' id='word_1_318' title='bbox 770 2471 864 2520; x_wconf 83' lang='lat'>949,</span> <span class='ocrx_word' id='word_1_319' title='bbox 887 2471 940 2513; x_wconf 81' lang='lat'>24</span> <span class='ocrx_word' id='word_1_320' title='bbox 970 2468 1069 2523; x_wconf 80' lang='grc' dir='ltr'><strong><em>πρὸς</em></strong></span> <span class='ocrx_word' id='word_1_321' title='bbox 1089 2469 1164 2522; x_wconf 72' lang='grc' dir='ltr'><strong><em>τήν</em></strong></span> <span class='ocrx_word' id='word_1_322' title='bbox 1183 2475 1288 2524; x_wconf 81' lang='grc' dir='ltr'><strong><em>γῆν,·</em></strong></span> <span class='ocrx_word' id='word_1_323' title='bbox 1319 2473 1423 2510; x_wconf 87' lang='lat' dir='ltr'>unde</span> 
     </span>
     <span class='ocr_line' id='line_1_67' title="bbox 768 2526 1422 2578; baseline 0.003 -13"><span class='ocrx_word' id='word_1_324' title='bbox 768 2529 1016 2578; x_wconf 81' lang='lat' dir='ltr'>VVesseling.‚</span> <span class='ocrx_word' id='word_1_325' title='bbox 1031 2526 1183 2566; x_wconf 81' lang='lat' dir='ltr'>Schaef.</span> <span class='ocrx_word' id='word_1_326' title='bbox 1197 2537 1232 2566; x_wconf 90' lang='lat' dir='ltr'>et</span> <span class='ocrx_word' id='word_1_327' title='bbox 1241 2528 1422 2567; x_wconf 81' lang='lat' dir='ltr'>Matthiae</span> 
     </span>
     <span class='ocr_line' id='line_1_68' title="bbox 770 2581 1422 2640; baseline -0.002 -18"><span class='ocrx_word' id='word_1_328' title='bbox 770 2584 954 2622; x_wconf 83' lang='lat' dir='ltr'>dederant</span> <span class='ocrx_word' id='word_1_329' title='bbox 992 2581 1088 2635; x_wconf 83' lang='grc' dir='ltr'><strong><em>πρὸς</em></strong></span> <span class='ocrx_word' id='word_1_330' title='bbox 1126 2587 1176 2638; x_wconf 80' lang='grc' dir='ltr'>τῇ</span> <span class='ocrx_word' id='word_1_331' title='bbox 1207 2588 1271 2640; x_wconf 82' lang='grc' dir='ltr'>γῇ.</span> <span class='ocrx_word' id='word_1_332' title='bbox 1330 2587 1422 2623; x_wconf 87' lang='lat' dir='ltr'>Loci</span> 
     </span>
     <span class='ocr_line' id='line_1_69' title="bbox 768 2640 1424 2691; baseline 0.002 -13"><span class='ocrx_word' id='word_1_333' title='bbox 768 2653 921 2679; x_wconf 90' lang='lat' dir='ltr'>sensum</span> <span class='ocrx_word' id='word_1_334' title='bbox 970 2640 1150 2691; x_wconf 84' lang='lat' dir='ltr'>equidem</span> <span class='ocrx_word' id='word_1_335' title='bbox 1202 2641 1304 2679; x_wconf 89' lang='lat' dir='ltr'>hunc</span> <span class='ocrx_word' id='word_1_336' title='bbox 1344 2655 1424 2679; x_wconf 87' lang='lat' dir='ltr'>esse</span> 
     </span>
     <span class='ocr_line' id='line_1_70' title="bbox 770 2699 1422 2748; baseline 0.003 -14"><span class='ocrx_word' id='word_1_337' title='bbox 770 2705 886 2748; x_wconf 81' lang='lat' dir='ltr'>puto:</span> <span class='ocrx_word' id='word_1_338' title='bbox 930 2699 1068 2746; x_wconf 80' lang='lat' dir='ltr'>primae</span> <span class='ocrx_word' id='word_1_339' title='bbox 1099 2709 1204 2735; x_wconf 82' lang='lat' dir='ltr'>naves</span> <span class='ocrx_word' id='word_1_340' title='bbox 1236 2700 1422 2736; x_wconf 74' lang='lat' dir='ltr'>stationem</span> 
     </span>
     <span class='ocr_line' id='line_1_71' title="bbox 772 2753 1423 2804; baseline 0.005 -14"><span class='ocrx_word' id='word_1_341' title='bbox 772 2755 945 2792; x_wconf 79' lang='lat' dir='ltr'>habebant</span> <span class='ocrx_word' id='word_1_342' title='bbox 974 2753 1023 2790; x_wconf 82' lang='lat' dir='ltr'>ad</span> <span class='ocrx_word' id='word_1_343' title='bbox 1056 2757 1198 2804; x_wconf 80' lang='lat' dir='ltr'>terram,</span> <span class='ocrx_word' id='word_1_344' title='bbox 1228 2755 1323 2793; x_wconf 82' lang='lat' dir='ltr'>aliae</span> <span class='ocrx_word' id='word_1_345' title='bbox 1345 2768 1423 2793; x_wconf 82' lang='lat' dir='ltr'>vero</span> 
     </span>
    </p>
   </div>
   <div class='ocr_carea' id='block_1_11' title="bbox 1432 710 1709 951">
    <p class='ocr_par' dir='ltr' id='par_1_13' title="bbox 1432 710 1709 951">
     <span class='ocr_line' id='line_1_72' title="bbox 1433 710 1709 742; baseline 0.014 -4"><span class='ocrx_word' id='word_1_346' title='bbox 1433 710 1598 740; x_wconf 82' lang='lat' dir='ltr'>Persarum</span> <span class='ocrx_word' id='word_1_347' title='bbox 1615 722 1709 742; x_wconf 78' lang='lat' dir='ltr'>naves</span> 
     </span>
     <span class='ocr_line' id='line_1_73' title="bbox 1434 745 1692 783; baseline 0.016 -11"><span class='ocrx_word' id='word_1_348' title='bbox 1434 745 1503 773; x_wconf 75' lang='lat' dir='ltr'>{lum</span> <span class='ocrx_word' id='word_1_349' title='bbox 1521 747 1560 773; x_wconf 83' lang='lat' dir='ltr'>ad</span> <span class='ocrx_word' id='word_1_350' title='bbox 1586 747 1692 783; x_wconf 85' lang='lat' dir='ltr'>Sepia-</span> 
     </span>
     <span class='ocr_line' id='line_1_74' title="bbox 1439 779 1708 810; baseline 0.015 -4"><span class='ocrx_word' id='word_1_351' title='bbox 1439 779 1507 807; x_wconf 85' lang='lat' dir='ltr'>dem</span> <span class='ocrx_word' id='word_1_352' title='bbox 1525 790 1708 810; x_wconf 82' lang='lat' dir='ltr'>commoran-</span> 
     </span>
     <span class='ocr_line' id='line_1_75' title="bbox 1437 815 1692 850; baseline 0.012 -10"><span class='ocrx_word' id='word_1_353' title='bbox 1437 818 1498 848; x_wconf 82' lang='lat' dir='ltr'>tur,</span> <span class='ocrx_word' id='word_1_354' title='bbox 1518 815 1624 850; x_wconf 79' lang='lat' dir='ltr'>ingens</span> <span class='ocrx_word' id='word_1_355' title='bbox 1643 824 1692 843; x_wconf 88' lang='lat' dir='ltr'>co—</span> 
     </span>
     <span class='ocr_line' id='line_1_76' title="bbox 1436 852 1685 884; baseline 0.012 -10"><span class='ocrx_word' id='word_1_356' title='bbox 1436 852 1503 875; x_wconf 84' lang='lat' dir='ltr'>orta</span> <span class='ocrx_word' id='word_1_357' title='bbox 1521 853 1685 884; x_wconf 80' lang='lat' dir='ltr'>tempestas</span> 
     </span>
     <span class='ocr_line' id='line_1_77' title="bbox 1432 884 1667 911; baseline 0.013 -3"><span class='ocrx_word' id='word_1_358' title='bbox 1432 890 1539 909; x_wconf 86' lang='lat' dir='ltr'>earum</span> <span class='ocrx_word' id='word_1_359' title='bbox 1557 884 1667 911; x_wconf 75' lang='lat' dir='ltr'>multas</span> 
     </span>
     <span class='ocr_line' id='line_1_78' title="bbox 1434 915 1557 951; baseline 0.016 -9"><span class='ocrx_word' id='word_1_360' title='bbox 1434 915 1557 951; x_wconf 79' lang='lat' dir='ltr'>frangit.</span> 
     </span>
    </p>
   </div>
  </div>
 </body>
</html>
