<?xml version="1.0" encoding="UTF-8"?>
<!DOCTYPE html PUBLIC "-//W3C//DTD XHTML 1.0 Transitional//EN"
    "http://www.w3.org/TR/xhtml1/DTD/xhtml1-transitional.dtd">
<html xmlns="http://www.w3.org/1999/xhtml" xml:lang="en" lang="en">
 <head>
  <title>
</title>
<meta http-equiv="Content-Type" content="text/html;charset=utf-8" />
  <meta name='ocr-system' content='tesseract 3.04.00' />
  <meta name='ocr-capabilities' content='ocr_page ocr_carea ocr_par ocr_line ocrx_word'/>
</head>
<body>
  <div class='ocr_page' id='page_1' title='image "./musaeherodoto03hero_0583.png"; bbox 0 0 1834 3258; ppageno 0'>
   <div class='ocr_carea' id='block_1_1' title="bbox 403 264 1348 304">
    <p class='ocr_par' dir='ltr' id='par_1_1' title="bbox 403 264 1348 304">
     <span class='ocr_line' id='line_1_1' title="bbox 403 264 1348 304; baseline 0.001 -1"><span class='ocrx_word' id='word_1_1' title='bbox 403 266 1039 304; x_wconf 84' lang='lat' dir='ltr'>POLYMNIA.VII.</span> <span class='ocrx_word' id='word_1_2' title='bbox 1268 264 1348 304; x_wconf 74' lang='lat'>571</span> 
     </span>
    </p>
   </div>
   <div class='ocr_carea' id='block_1_2' title="bbox 85 370 1637 433">
    <p class='ocr_par' dir='ltr' id='par_1_2' title="bbox 85 370 1637 433">
     <span class='ocr_line' id='line_1_2' title="bbox 85 370 1637 433; baseline -0.006 -12"><span class='ocrx_word' id='word_1_3' title='bbox 85 376 304 433; x_wconf 82' lang='grc' dir='ltr'><strong><em>διηκόσιαι</em></strong></span> <span class='ocrx_word' id='word_1_4' title='bbox 351 375 424 418; x_wconf 83' lang='grc' dir='ltr'>καὶ</span> <span class='ocrx_word' id='word_1_5' title='bbox 465 377 624 431; x_wconf 80' lang='grc' dir='ltr'><strong><em>χίλιαι·</em></strong></span> <span class='ocrx_word' id='word_1_6' title='bbox 675 375 936 430; x_wconf 77' lang='grc' dir='ltr'><strong><em>παρείχοντο</em></strong></span> <span class='ocrx_word' id='word_1_7' title='bbox 979 373 1025 416; x_wconf 79' lang='grc' dir='ltr'>δὲ</span> <span class='ocrx_word' id='word_1_8' title='bbox 1067 372 1200 424; x_wconf 85' lang='grc' dir='ltr'><strong><em>αὐτὰς</em></strong></span> <span class='ocrx_word' id='word_1_9' title='bbox 1243 374 1347 416; x_wconf 76' lang='grc' dir='ltr'><strong><em>οἵδε.</em></strong></span> <span class='ocrx_word' id='word_1_10' title='bbox 1405 371 1575 398; x_wconf 79' lang='lat' dir='ltr'>busnaves</span> <span class='ocrx_word' id='word_1_11' title='bbox 1599 370 1637 396; x_wconf 71' lang='lat'>⁵¹¹¹</span> 
     </span>
    </p>
   </div>
   <div class='ocr_carea' id='block_1_3' title="bbox 1407 402 1667 441">
    <p class='ocr_par' dir='ltr' id='par_1_3' title="bbox 1407 402 1667 441">
     <span class='ocr_line' id='line_1_3' title="bbox 1407 402 1667 441; baseline -0.008 -10"><span class='ocrx_word' id='word_1_12' title='bbox 1407 409 1545 441; x_wconf 81' lang='lat' dir='ltr'>peratae.</span> <span class='ocrx_word' id='word_1_13' title='bbox 1567 402 1667 430; x_wconf 81' lang='lat' dir='ltr'>Phoe-</span> 
     </span>
    </p>
   </div>
   <div class='ocr_carea' id='block_1_4' title="bbox 95 437 1670 499">
    <p class='ocr_par' dir='ltr' id='par_1_4' title="bbox 95 437 1670 499">
     <span class='ocr_line' id='line_1_4' title="bbox 95 437 1670 499; baseline -0.002 -12"><span class='ocrx_word' id='word_1_14' title='bbox 95 446 296 495; x_wconf 84' lang='grc' dir='ltr'><strong><em>Φοίνικες</em></strong></span> <span class='ocrx_word' id='word_1_15' title='bbox 326 444 417 499; x_wconf 79' lang='grc' dir='ltr'><strong><em>μὲν,</em></strong></span> <span class='ocrx_word' id='word_1_16' title='bbox 449 443 532 487; x_wconf 82' lang='grc' dir='ltr'><strong><em>σὺν</em></strong></span> <span class='ocrx_word' id='word_1_17' title='bbox 569 445 777 497; x_wconf 89' lang='grc' dir='ltr'><strong><em>Συρίοισι</em></strong></span> <span class='ocrx_word' id='word_1_18' title='bbox 808 447 921 487; x_wconf 82' lang='grc' dir='ltr'><strong><em>τοῖσι</em></strong></span> <span class='ocrx_word' id='word_1_19' title='bbox 963 441 1009 485; x_wconf 75' lang='grc' dir='ltr'><strong><em>ἐν</em></strong></span> <span class='ocrx_word' id='word_1_20' title='bbox 1039 445 1090 499; x_wconf 83' lang='grc' dir='ltr'><strong><em>τῇ</em></strong></span> <span class='ocrx_word' id='word_1_21' title='bbox 1123 442 1353 484; x_wconf 72' lang='grc' dir='ltr'><strong><em>Παλαιστί·</em></strong></span> <span class='ocrx_word' id='word_1_22' title='bbox 1411 439 1593 472; x_wconf 61' lang='lat'>¹¹³⁰‘&#39;³’⁰¹¹¹¹¹</span> <span class='ocrx_word' id='word_1_23' title='bbox 1612 437 1670 471; x_wconf 74' lang='lat' dir='ltr'>sy-</span> 
     </span>
    </p>
   </div>
   <div class='ocr_carea' id='block_1_5' title="bbox 1411 471 1687 499">
    <p class='ocr_par' dir='ltr' id='par_1_5' title="bbox 1411 471 1687 499">
     <span class='ocr_line' id='line_1_5' title="bbox 1411 471 1687 499; baseline -0.004 -1"><span class='ocrx_word' id='word_1_24' title='bbox 1411 472 1465 498; x_wconf 87' lang='lat' dir='ltr'>riis</span> <span class='ocrx_word' id='word_1_25' title='bbox 1477 471 1687 499; x_wconf 78' lang='lat' dir='ltr'>Palaestinam</span> 
     </span>
    </p>
   </div>
   <div class='ocr_carea' id='block_1_6' title="bbox 60 505 1619 568">
    <p class='ocr_par' dir='ltr' id='par_1_6' title="bbox 60 505 1619 568">
     <span class='ocr_line' id='line_1_6' title="bbox 60 505 1619 568; baseline 0.001 -15"><span class='ocrx_word' id='word_1_26' title='bbox 60 519 172 568; x_wconf 69' lang='lat' dir='ltr'><strong><em>52vy,</em></strong></span> <span class='ocrx_word' id='word_1_27' title='bbox 211 513 483 567; x_wconf 79' lang='grc' dir='ltr'><strong><em>τριηκοσίας,</em></strong></span> <span class='ocrx_word' id='word_1_28' title='bbox 525 507 607 555; x_wconf 71' lang='grc' dir='ltr'><strong><em>ὦδε</em></strong></span> <span class='ocrx_word' id='word_1_29' title='bbox 638 511 956 565; x_wconf 80' lang='grc' dir='ltr'><strong><em>ἐσκευασμένοι.</em></strong></span> <span class='ocrx_word' id='word_1_30' title='bbox 1014 510 1110 564; x_wconf 86' lang='grc' dir='ltr'><strong><em>περὶ</em></strong></span> <span class='ocrx_word' id='word_1_31' title='bbox 1148 511 1226 565; x_wconf 80' lang='grc' dir='ltr'><strong><em>μὲν</em></strong></span> <span class='ocrx_word' id='word_1_32' title='bbox 1254 514 1352 568; x_wconf 84' lang='grc' dir='ltr'><strong><em>τῇσι</em></strong></span> <span class='ocrx_word' id='word_1_33' title='bbox 1409 505 1619 534; x_wconf 58' lang='lat'>5¹¹⁰⁰¹³¹¹‘³¹&#39;¹¹⁵‘</span> 
     </span>
    </p>
   </div>
   <div class='ocr_carea' id='block_1_7' title="bbox 1409 539 1671 567">
    <p class='ocr_par' dir='ltr' id='par_1_7' title="bbox 1409 539 1671 567">
     <span class='ocr_line' id='line_1_7' title="bbox 1409 539 1671 567; baseline -0.008 -1"><span class='ocrx_word' id='word_1_34' title='bbox 1409 539 1578 567; x_wconf 73' lang='lat' dir='ltr'>Phoenices</span> <span class='ocrx_word' id='word_1_35' title='bbox 1599 540 1671 566; x_wconf 87' lang='lat' dir='ltr'>olim</span> 
     </span>
    </p>
   </div>
   <div class='ocr_carea' id='block_1_8' title="bbox 87 573 1688 636">
    <p class='ocr_par' dir='ltr' id='par_1_8' title="bbox 87 573 1688 636">
     <span class='ocr_line' id='line_1_8' title="bbox 87 573 1688 636; baseline -0.007 -12"><span class='ocrx_word' id='word_1_36' title='bbox 87 583 303 636; x_wconf 78' lang='grc' dir='ltr'><strong><em>κεφαλῇσι</em></strong></span> <span class='ocrx_word' id='word_1_37' title='bbox 332 579 489 632; x_wconf 78' lang='grc' dir='ltr'><strong><em>κυνέας</em></strong></span> <span class='ocrx_word' id='word_1_38' title='bbox 518 579 636 636; x_wconf 83' lang='grc' dir='ltr'><strong><em>εἶχον</em></strong></span> <span class='ocrx_word' id='word_1_39' title='bbox 681 577 902 635; x_wconf 76' lang='grc' dir='ltr'><strong><em>ἀγχοτάτω</em></strong></span> <span class='ocrx_word' id='word_1_40' title='bbox 933 578 1225 634; x_wconf 81' lang='grc' dir='ltr'><strong><em>πεποιημένας</em></strong></span> <span class='ocrx_word' id='word_1_41' title='bbox 1258 578 1352 633; x_wconf 80' lang='grc' dir='ltr'><strong><em>τρό-</em></strong></span> <span class='ocrx_word' id='word_1_42' title='bbox 1410 574 1502 600; x_wconf 62' lang='lat' dir='ltr'>maris</span> <span class='ocrx_word' id='word_1_43' title='bbox 1528 573 1612 599; x_wconf 60' lang='lat' dir='ltr'>fubri</span> <span class='ocrx_word' id='word_1_44' title='bbox 1638 580 1688 599; x_wconf 70' lang='lat'>³⁰·</span> 
     </span>
    </p>
   </div>
   <div class='ocr_carea' id='block_1_9' title="bbox 1411 605 1686 643">
    <p class='ocr_par' dir='ltr' id='par_1_9' title="bbox 1411 605 1686 643">
     <span class='ocr_line' id='line_1_9' title="bbox 1411 605 1686 643; baseline -0.011 -8"><span class='ocrx_word' id='word_1_45' title='bbox 1411 608 1507 635; x_wconf 85' lang='lat' dir='ltr'>colae.</span> <span class='ocrx_word' id='word_1_46' title='bbox 1535 605 1686 643; x_wconf 80' lang='lat' dir='ltr'>Aegyptii.</span> 
     </span>
    </p>
   </div>
   <div class='ocr_carea' id='block_1_10' title="bbox 59 646 1413 978">
    <p class='ocr_par' dir='ltr' id='par_1_10' title="bbox 59 646 1413 978">
     <span class='ocr_line' id='line_1_10' title="bbox 87 646 1413 705; baseline -0.003 -15"><span class='ocrx_word' id='word_1_47' title='bbox 87 664 173 691; x_wconf 81' lang='grc' dir='ltr'><strong><em>πον</em></strong></span> <span class='ocrx_word' id='word_1_48' title='bbox 210 647 289 691; x_wconf 82' lang='grc' dir='ltr'>τόν</span> <span class='ocrx_word' id='word_1_49' title='bbox 324 647 595 705; x_wconf 79' lang='grc' dir='ltr'><strong><em>Ἑλληνικόν·</em></strong></span> <span class='ocrx_word' id='word_1_50' title='bbox 655 646 930 698; x_wconf 77' lang='grc' dir='ltr'><strong><em>ἐνδεδυκότες</em></strong></span> <span class='ocrx_word' id='word_1_51' title='bbox 969 647 1014 690; x_wconf 80' lang='grc' dir='ltr'>δὲ</span> <span class='ocrx_word' id='word_1_52' title='bbox 1053 646 1258 703; x_wconf 71' lang='grc' dir='ltr'><strong><em>θώρηκας</em></strong></span> <span class='ocrx_word' id='word_1_53' title='bbox 1297 651 1413 690; x_wconf 70' lang='grc' dir='ltr'><strong><em>λι·50</em></strong></span> 
     </span>
     <span class='ocr_line' id='line_1_11' title="bbox 87 713 1356 772; baseline -0.001 -14"><span class='ocrx_word' id='word_1_54' title='bbox 87 714 227 767; x_wconf 81' lang='grc' dir='ltr'><strong><em>νέους,</em></strong></span> <span class='ocrx_word' id='word_1_55' title='bbox 257 715 442 767; x_wconf 82' lang='grc' dir='ltr'><strong><em>ἀσπίδας</em></strong></span> <span class='ocrx_word' id='word_1_56' title='bbox 473 717 517 760; x_wconf 78' lang='grc' dir='ltr'>δὲ</span> <span class='ocrx_word' id='word_1_57' title='bbox 546 719 640 768; x_wconf 91' lang='grc' dir='ltr'><strong><em>ἴτυς</em></strong></span> <span class='ocrx_word' id='word_1_58' title='bbox 670 717 753 760; x_wconf 82' lang='grc' dir='ltr'>οὐκ</span> <span class='ocrx_word' id='word_1_59' title='bbox 774 716 958 772; x_wconf 80' lang='grc' dir='ltr'><strong><em>ἐχούσας</em></strong></span> <span class='ocrx_word' id='word_1_60' title='bbox 977 713 1108 771; x_wconf 78' lang='grc' dir='ltr'><strong><em>εἶχον,</em></strong></span> <span class='ocrx_word' id='word_1_61' title='bbox 1140 715 1211 758; x_wconf 82' lang='grc' dir='ltr'>καὶ</span> <span class='ocrx_word' id='word_1_62' title='bbox 1230 713 1356 758; x_wconf 72' lang='grc' dir='ltr'><strong><em>ἀκόν-</em></strong></span> 
     </span>
     <span class='ocr_line' id='line_1_12' title="bbox 59 780 1356 836; baseline 0 -10"><span class='ocrx_word' id='word_1_63' title='bbox 59 790 175 827; x_wconf 82' lang='grc' dir='ltr'><strong><em>3τια.</em></strong></span> <span class='ocrx_word' id='word_1_64' title='bbox 243 780 368 828; x_wconf 81' lang='grc' dir='ltr'><strong><em>οὗτοι</em></strong></span> <span class='ocrx_word' id='word_1_65' title='bbox 398 785 444 828; x_wconf 82' lang='grc' dir='ltr'>δὲ</span> <span class='ocrx_word' id='word_1_66' title='bbox 474 787 518 828; x_wconf 82' lang='grc' dir='ltr'>οἱ</span> <span class='ocrx_word' id='word_1_67' title='bbox 550 787 750 836; x_wconf 84' lang='grc' dir='ltr'><strong><em>Φοίνικες</em></strong></span> <span class='ocrx_word' id='word_1_68' title='bbox 778 785 826 829; x_wconf 87' lang='grc' dir='ltr'><strong><em>τὸ</em></strong></span> <span class='ocrx_word' id='word_1_69' title='bbox 857 783 1047 827; x_wconf 78' lang='grc' dir='ltr'><strong><em>παλαιόν</em></strong></span> <span class='ocrx_word' id='word_1_70' title='bbox 1091 786 1264 835; x_wconf 81' lang='grc' dir='ltr'><strong><em>οἴκεον,</em></strong></span> <span class='ocrx_word' id='word_1_71' title='bbox 1297 783 1356 835; x_wconf 76' lang='grc' dir='ltr'><strong><em>ὥς</em></strong></span> 
     </span>
     <span class='ocr_line' id='line_1_13' title="bbox 89 849 1356 911; baseline 0 -16"><span class='ocrx_word' id='word_1_72' title='bbox 89 849 215 896; x_wconf 82' lang='grc' dir='ltr'><strong><em>αὐτοὶ</em></strong></span> <span class='ocrx_word' id='word_1_73' title='bbox 251 853 449 908; x_wconf 82' lang='grc' dir='ltr'><strong><em>λέγουσι,</em></strong></span> <span class='ocrx_word' id='word_1_74' title='bbox 490 853 556 897; x_wconf 76' lang='grc' dir='ltr'>ἐπὶ</span> <span class='ocrx_word' id='word_1_75' title='bbox 583 857 635 911; x_wconf 86' lang='grc' dir='ltr'><strong><em>τῇ</em></strong></span> <span class='ocrx_word' id='word_1_76' title='bbox 661 852 867 910; x_wconf 80' lang='grc' dir='ltr'><strong><em>Ἐρυθρῇ</em></strong></span> <span class='ocrx_word' id='word_1_77' title='bbox 895 853 1120 910; x_wconf 51' lang='lat' dir='ltr'>&amp;alticom-</span> <span class='ocrx_word' id='word_1_78' title='bbox 1153 853 1356 896; x_wconf 79' lang='grc' dir='ltr'><strong><em>ἐνθεῦτεν</em></strong></span> 
     </span>
     <span class='ocr_line' id='line_1_14' title="bbox 89 919 1354 978; baseline 0 -14"><span class='ocrx_word' id='word_1_79' title='bbox 89 921 135 964; x_wconf 83' lang='grc' dir='ltr'>δὲ</span> <span class='ocrx_word' id='word_1_80' title='bbox 162 919 452 977; x_wconf 79' lang='grc' dir='ltr'><strong><em>ὑπερβάντες,</em></strong></span> <span class='ocrx_word' id='word_1_81' title='bbox 506 927 583 977; x_wconf 82' lang='grc' dir='ltr'>τῆς</span> <span class='ocrx_word' id='word_1_82' title='bbox 611 923 782 978; x_wconf 82' lang='grc' dir='ltr'><strong><em>Συρίης</em></strong></span> <span class='ocrx_word' id='word_1_83' title='bbox 821 922 1013 965; x_wconf 84' lang='grc' dir='ltr'><strong><em>οἰκέουσι</em></strong></span> <span class='ocrx_word' id='word_1_84' title='bbox 1040 922 1094 965; x_wconf 76' lang='grc' dir='ltr'><strong><em>τὰ</em></strong></span> <span class='ocrx_word' id='word_1_85' title='bbox 1124 919 1243 975; x_wconf 72' lang='grc' dir='ltr'><strong><em>παρα</em></strong></span> <span class='ocrx_word' id='word_1_86' title='bbox 1273 921 1354 964; x_wconf 77' lang='grc' dir='ltr'>θοὶ-</span> 
     </span>
    </p>
   </div>
   <div class='ocr_carea' id='block_1_11' title="bbox 31 1131 699 1639">
    <p class='ocr_par' dir='ltr' id='par_1_11' title="bbox 31 1131 699 1639">
     <span class='ocr_line' id='line_1_15' title="bbox 32 1131 697 1182; baseline -0.002 -15"><span class='ocrx_word' id='word_1_87' title='bbox 32 1132 108 1168; x_wconf 87' lang='lat' dir='ltr'>rius</span> <span class='ocrx_word' id='word_1_88' title='bbox 120 1139 315 1182; x_wconf 85' lang='lat' dir='ltr'>praeterea</span> <span class='ocrx_word' id='word_1_89' title='bbox 327 1132 556 1168; x_wconf 79' lang='lat' dir='ltr'>excitaverat</span> <span class='ocrx_word' id='word_1_90' title='bbox 569 1131 697 1181; x_wconf 87' lang='lat' dir='ltr'>Span-</span> 
     </span>
     <span class='ocr_line' id='line_1_16' title="bbox 31 1187 697 1239; baseline -0.005 -14"><span class='ocrx_word' id='word_1_91' title='bbox 31 1187 134 1226; x_wconf 83' lang='lat' dir='ltr'>hem.</span> <span class='ocrx_word' id='word_1_92' title='bbox 171 1190 211 1224; x_wconf 89' lang='lat' dir='ltr'>in</span> <span class='ocrx_word' id='word_1_93' title='bbox 257 1189 390 1225; x_wconf 90' lang='lat' dir='ltr'>Iulian.</span> <span class='ocrx_word' id='word_1_94' title='bbox 423 1202 511 1239; x_wconf 82' lang='lat' dir='ltr'>pag.</span> <span class='ocrx_word' id='word_1_95' title='bbox 545 1190 629 1229; x_wconf 81' lang='grc'>280</span> <span class='ocrx_word' id='word_1_96' title='bbox 660 1193 697 1223; x_wconf 82' lang='lat' dir='ltr'>et</span> 
     </span>
     <span class='ocr_line' id='line_1_17' title="bbox 31 1244 695 1295; baseline 0.003 -13"><span class='ocrx_word' id='word_1_97' title='bbox 31 1246 264 1295; x_wconf 83' lang='lat' dir='ltr'>Wesseling.</span> <span class='ocrx_word' id='word_1_98' title='bbox 297 1244 346 1282; x_wconf 90' lang='lat' dir='ltr'>ad</span> <span class='ocrx_word' id='word_1_99' title='bbox 372 1245 531 1282; x_wconf 86' lang='lat' dir='ltr'>Diodor.</span> <span class='ocrx_word' id='word_1_100' title='bbox 565 1245 634 1292; x_wconf 81' lang='lat' dir='ltr'>XI,</span> <span class='ocrx_word' id='word_1_101' title='bbox 657 1247 695 1291; x_wconf 82' lang='lat'>3,</span> 
     </span>
     <span class='ocr_line' id='line_1_18' title="bbox 33 1301 696 1354; baseline -0.003 -14"><span class='ocrx_word' id='word_1_102' title='bbox 33 1304 99 1354; x_wconf 85' lang='lat' dir='ltr'>qui</span> <span class='ocrx_word' id='word_1_103' title='bbox 134 1302 288 1340; x_wconf 88' lang='lat' dir='ltr'>easdem</span> <span class='ocrx_word' id='word_1_104' title='bbox 317 1309 431 1354; x_wconf 88' lang='lat' dir='ltr'>atque</span> <span class='ocrx_word' id='word_1_105' title='bbox 479 1301 696 1339; x_wconf 83' lang='lat' dir='ltr'>Herodotus</span> 
     </span>
     <span class='ocr_line' id='line_1_19' title="bbox 33 1359 697 1410; baseline -0.002 -15"><span class='ocrx_word' id='word_1_106' title='bbox 33 1367 233 1396; x_wconf 82' lang='lat' dir='ltr'>enumerat</span> <span class='ocrx_word' id='word_1_107' title='bbox 243 1367 388 1410; x_wconf 83' lang='lat' dir='ltr'>gentes,</span> <span class='ocrx_word' id='word_1_108' title='bbox 409 1359 476 1397; x_wconf 88' lang='lat' dir='ltr'>sed</span> <span class='ocrx_word' id='word_1_109' title='bbox 490 1361 530 1397; x_wconf 91' lang='lat' dir='ltr'>in</span> <span class='ocrx_word' id='word_1_110' title='bbox 539 1360 697 1396; x_wconf 76' lang='lat' dir='ltr'>navium</span> 
     </span>
     <span class='ocr_line' id='line_1_20' title="bbox 32 1417 698 1469; baseline 0 -17"><span class='ocrx_word' id='word_1_111' title='bbox 32 1430 215 1465; x_wconf 81' lang='lat' dir='ltr'>numero,</span> <span class='ocrx_word' id='word_1_112' title='bbox 239 1430 331 1469; x_wconf 82' lang='lat' dir='ltr'>quas</span> <span class='ocrx_word' id='word_1_113' title='bbox 351 1418 522 1467; x_wconf 82' lang='lat' dir='ltr'>singulae</span> <span class='ocrx_word' id='word_1_114' title='bbox 549 1417 698 1454; x_wconf 85' lang='lat' dir='ltr'>submi-</span> 
     </span>
     <span class='ocr_line' id='line_1_21' title="bbox 32 1473 699 1521; baseline 0.003 -12"><span class='ocrx_word' id='word_1_115' title='bbox 32 1475 244 1521; x_wconf 87' lang='lat' dir='ltr'>nistrarint‚</span> <span class='ocrx_word' id='word_1_116' title='bbox 275 1475 442 1510; x_wconf 89' lang='lat' dir='ltr'>multum</span> <span class='ocrx_word' id='word_1_117' title='bbox 472 1475 518 1511; x_wconf 91' lang='lat' dir='ltr'>ab</span> <span class='ocrx_word' id='word_1_118' title='bbox 553 1487 598 1511; x_wconf 91' lang='lat' dir='ltr'>eo</span> <span class='ocrx_word' id='word_1_119' title='bbox 620 1473 699 1511; x_wconf 89' lang='lat' dir='ltr'>dis-</span> 
     </span>
     <span class='ocr_line' id='line_1_22' title="bbox 33 1531 699 1583; baseline 0 -16"><span class='ocrx_word' id='word_1_120' title='bbox 33 1537 176 1581; x_wconf 83' lang='lat' dir='ltr'>crepat.</span> <span class='ocrx_word' id='word_1_121' title='bbox 233 1532 283 1567; x_wconf 85' lang='lat' dir='ltr'>Et</span> <span class='ocrx_word' id='word_1_122' title='bbox 314 1531 445 1568; x_wconf 86' lang='lat' dir='ltr'>confer</span> <span class='ocrx_word' id='word_1_123' title='bbox 477 1532 524 1568; x_wconf 88' lang='lat' dir='ltr'>sis</span> <span class='ocrx_word' id='word_1_124' title='bbox 545 1544 699 1583; x_wconf 89' lang='lat' dir='ltr'>quoque</span> 
     </span>
     <span class='ocr_line' id='line_1_23' title="bbox 34 1587 679 1639; baseline 0.002 -15"><span class='ocrx_word' id='word_1_125' title='bbox 34 1587 181 1624; x_wconf 85' lang='lat' dir='ltr'>Ctesiae</span> <span class='ocrx_word' id='word_1_126' title='bbox 196 1589 393 1639; x_wconf 81' lang='lat' dir='ltr'>Excerptt.</span> <span class='ocrx_word' id='word_1_127' title='bbox 416 1590 538 1626; x_wconf 89' lang='lat' dir='ltr'>Perss.</span> <span class='ocrx_word' id='word_1_128' title='bbox 562 1590 679 1635; x_wconf 71' lang='lat'>§.2:3.</span> 
     </span>
    </p>
   </div>
   <div class='ocr_carea' id='block_1_12' title="bbox 34 1675 700 1841">
    <p class='ocr_par' dir='ltr' id='par_1_12' title="bbox 34 1675 700 1841">
     <span class='ocr_line' id='line_1_24' title="bbox 93 1675 700 1728; baseline 0.002 -12"><span class='ocrx_word' id='word_1_129' title='bbox 93 1677 280 1724; x_wconf 81' lang='grc' dir='ltr'><strong><em>Φοίνικες</em></strong></span> <span class='ocrx_word' id='word_1_130' title='bbox 311 1676 382 1728; x_wconf 80' lang='grc' dir='ltr'><strong><em>μὲν</em></strong></span> <span class='ocrx_word' id='word_1_131' title='bbox 414 1675 489 1718; x_wconf 76' lang='grc' dir='ltr'><strong><em>σύν</em></strong></span> <span class='ocrx_word' id='word_1_132' title='bbox 516 1679 700 1728; x_wconf 88' lang='grc' dir='ltr'><strong><em>Συρίοισι</em></strong></span> 
     </span>
     <span class='ocr_line' id='line_1_25' title="bbox 35 1733 700 1789; baseline 0 -17"><span class='ocrx_word' id='word_1_133' title='bbox 35 1738 136 1774; x_wconf 87' lang='grc' dir='ltr'><strong><em>τοῖσι</em></strong></span> <span class='ocrx_word' id='word_1_134' title='bbox 149 1733 192 1773; x_wconf 81' lang='grc' dir='ltr'><strong><em>ἐν</em></strong></span> <span class='ocrx_word' id='word_1_135' title='bbox 211 1737 262 1789; x_wconf 82' lang='grc' dir='ltr'><strong><em>τῇ</em></strong></span> <span class='ocrx_word' id='word_1_136' title='bbox 287 1737 563 1789; x_wconf 76' lang='grc' dir='ltr'><strong><em>Παλαιστίνῃ]</em></strong></span> <span class='ocrx_word' id='word_1_137' title='bbox 588 1735 700 1773; x_wconf 89' lang='lat' dir='ltr'>Conf.</span> 
     </span>
     <span class='ocr_line' id='line_1_26' title="bbox 34 1791 453 1841; baseline 0.005 -13"><span class='ocrx_word' id='word_1_138' title='bbox 34 1799 163 1828; x_wconf 84' lang='lat' dir='ltr'>notata</span> <span class='ocrx_word' id='word_1_139' title='bbox 180 1791 229 1829; x_wconf 89' lang='lat' dir='ltr'>ad</span> <span class='ocrx_word' id='word_1_140' title='bbox 248 1794 278 1841; x_wconf 82' lang='grc' dir='ltr'>Ι,</span> <span class='ocrx_word' id='word_1_141' title='bbox 304 1795 340 1832; x_wconf 91' lang='grc'>1.</span> <span class='ocrx_word' id='word_1_142' title='bbox 360 1793 453 1834; x_wconf 84' lang='grc'><strong>105.</strong></span> 
     </span>
    </p>
   </div>
   <div class='ocr_carea' id='block_1_13' title="bbox 36 1867 710 2888">
    <p class='ocr_par' dir='ltr' id='par_1_13' title="bbox 36 1867 710 2888">
     <span class='ocr_line' id='line_1_27' title="bbox 93 1867 701 1923; baseline 0.003 -14"><span class='ocrx_word' id='word_1_143' title='bbox 93 1867 264 1918; x_wconf 62' lang='grc' dir='ltr'><strong><em>ἀσπίδας</em></strong></span> <span class='ocrx_word' id='word_1_144' title='bbox 299 1871 384 1918; x_wconf 87' lang='grc' dir='ltr'><strong><em>ἴτυς</em></strong></span> <span class='ocrx_word' id='word_1_145' title='bbox 422 1867 496 1911; x_wconf 73' lang='grc' dir='ltr'>οὔκ</span> <span class='ocrx_word' id='word_1_146' title='bbox 531 1869 701 1923; x_wconf 76' lang='grc' dir='ltr'><strong><em>ἐχούσας</em></strong></span> 
     </span>
     <span class='ocr_line' id='line_1_28' title="bbox 36 1925 701 1981; baseline -0.005 -13"><span class='ocrx_word' id='word_1_147' title='bbox 36 1925 156 1980; x_wconf 79' lang='grc' dir='ltr'><strong><em>εἶχον]</em></strong></span> <span class='ocrx_word' id='word_1_148' title='bbox 173 1927 257 1974; x_wconf 83' lang='grc' dir='ltr'><strong><em>ἴτυς</em></strong></span> <span class='ocrx_word' id='word_1_149' title='bbox 277 1927 451 1979; x_wconf 80' lang='lat' dir='ltr'>designat</span> <span class='ocrx_word' id='word_1_150' title='bbox 471 1930 595 1981; x_wconf 79' lang='lat' dir='ltr'>clypei</span> <span class='ocrx_word' id='word_1_151' title='bbox 616 1942 701 1965; x_wconf 89' lang='lat' dir='ltr'>am-</span> 
     </span>
     <span class='ocr_line' id='line_1_29' title="bbox 36 1986 701 2036; baseline 0 -14"><span class='ocrx_word' id='word_1_152' title='bbox 36 1987 161 2022; x_wconf 85' lang='lat' dir='ltr'>bitum</span> <span class='ocrx_word' id='word_1_153' title='bbox 170 1998 199 2022; x_wconf 92' lang='lat' dir='ltr'>s.</span> <span class='ocrx_word' id='word_1_154' title='bbox 216 1986 320 2021; x_wconf 85' lang='lat' dir='ltr'>labra</span> <span class='ocrx_word' id='word_1_155' title='bbox 340 1986 483 2034; x_wconf 81' lang='lat' dir='ltr'>ferrea,</span> <span class='ocrx_word' id='word_1_156' title='bbox 515 2000 604 2023; x_wconf 89' lang='lat' dir='ltr'>cum</span> <span class='ocrx_word' id='word_1_157' title='bbox 621 1988 701 2036; x_wconf 87' lang='lat' dir='ltr'>ipse</span> 
     </span>
     <span class='ocr_line' id='line_1_30' title="bbox 37 2043 705 2094; baseline 0 -15"><span class='ocrx_word' id='word_1_158' title='bbox 37 2043 191 2094; x_wconf 79' lang='lat' dir='ltr'>clypeus</span> <span class='ocrx_word' id='word_1_159' title='bbox 228 2055 277 2078; x_wconf 84' lang='lat' dir='ltr'>ex</span> <span class='ocrx_word' id='word_1_160' title='bbox 312 2043 384 2079; x_wconf 88' lang='lat' dir='ltr'>alia</span> <span class='ocrx_word' id='word_1_161' title='bbox 416 2050 512 2079; x_wconf 85' lang='lat' dir='ltr'>esset</span> <span class='ocrx_word' id='word_1_162' title='bbox 554 2050 705 2093; x_wconf 83' lang='lat' dir='ltr'>paratus</span> 
     </span>
     <span class='ocr_line' id='line_1_31' title="bbox 36 2098 703 2151; baseline 0 -15"><span class='ocrx_word' id='word_1_163' title='bbox 36 2100 208 2136; x_wconf 82' lang='lat' dir='ltr'>materia.</span> <span class='ocrx_word' id='word_1_164' title='bbox 266 2098 384 2150; x_wconf 90' lang='lat' dir='ltr'><strong>Apud</strong></span> <span class='ocrx_word' id='word_1_165' title='bbox 403 2100 611 2151; x_wconf 81' lang='lat' dir='ltr'>Polybium</span> <span class='ocrx_word' id='word_1_166' title='bbox 640 2101 703 2147; x_wconf 85' lang='lat' dir='ltr'>VI,</span> 
     </span>
     <span class='ocr_line' id='line_1_32' title="bbox 36 2155 703 2207; baseline 0.003 -16"><span class='ocrx_word' id='word_1_167' title='bbox 36 2159 106 2203; x_wconf 72' lang='lat'>21,</span> <span class='ocrx_word' id='word_1_168' title='bbox 128 2168 245 2207; x_wconf 87' lang='lat' dir='ltr'>quem</span> <span class='ocrx_word' id='word_1_169' title='bbox 266 2157 356 2193; x_wconf 86' lang='lat' dir='ltr'>citat</span> <span class='ocrx_word' id='word_1_170' title='bbox 375 2158 608 2207; x_wconf 79' lang='lat' dir='ltr'>VVesseling.</span> <span class='ocrx_word' id='word_1_171' title='bbox 629 2155 703 2194; x_wconf 86' lang='lat' dir='ltr'>hoc</span> 
     </span>
     <span class='ocr_line' id='line_1_33' title="bbox 37 2209 701 2264; baseline 0.002 -15"><span class='ocrx_word' id='word_1_172' title='bbox 37 2220 196 2250; x_wconf 83' lang='lat' dir='ltr'>vocatur</span> <span class='ocrx_word' id='word_1_173' title='bbox 206 2213 399 2264; x_wconf 79' lang='grc' dir='ltr'><strong><em>σιδηροῦν</em></strong></span> <span class='ocrx_word' id='word_1_174' title='bbox 412 2209 594 2264; x_wconf 72' lang='grc' dir='ltr'><strong><em>σιάλωμα</em></strong></span> <span class='ocrx_word' id='word_1_175' title='bbox 615 2215 701 2255; x_wconf 84' lang='lat' dir='ltr'>coll,</span> 
     </span>
     <span class='ocr_line' id='line_1_34' title="bbox 38 2269 699 2322; baseline 0.005 -17"><span class='ocrx_word' id='word_1_176' title='bbox 38 2269 204 2321; x_wconf 81' lang='lat' dir='ltr'>Hesych.</span> <span class='ocrx_word' id='word_1_177' title='bbox 234 2283 264 2307; x_wconf 89' lang='lat' dir='ltr'>s.</span> <span class='ocrx_word' id='word_1_178' title='bbox 294 2284 330 2309; x_wconf 76' lang='lat' dir='ltr'>v,</span> <span class='ocrx_word' id='word_1_179' title='bbox 371 2269 501 2321; x_wconf 79' lang='grc' dir='ltr'><strong><em>Πέλτη</em></strong></span> <span class='ocrx_word' id='word_1_180' title='bbox 532 2273 582 2308; x_wconf 92' lang='grc' dir='ltr'>Τ.</span> <span class='ocrx_word' id='word_1_181' title='bbox 608 2272 644 2307; x_wconf 87' lang='lat'>11</span> <span class='ocrx_word' id='word_1_182' title='bbox 662 2286 699 2322; x_wconf 87' lang='lat' dir='ltr'>p.</span> 
     </span>
     <span class='ocr_line' id='line_1_35' title="bbox 39 2323 702 2378; baseline 0.003 -13"><span class='ocrx_word' id='word_1_183' title='bbox 39 2327 134 2372; x_wconf 82' lang='grc'>909,</span> <span class='ocrx_word' id='word_1_184' title='bbox 154 2327 219 2363; x_wconf 91' lang='lat' dir='ltr'>ubi</span> <span class='ocrx_word' id='word_1_185' title='bbox 229 2334 303 2364; x_wconf 87' lang='lat' dir='ltr'>est:</span> <span class='ocrx_word' id='word_1_186' title='bbox 330 2325 464 2378; x_wconf 75' lang='grc' dir='ltr'><strong><em>πέλτη·</em></strong></span> <span class='ocrx_word' id='word_1_187' title='bbox 483 2323 702 2374; x_wconf 66' lang='grc' dir='ltr'><strong><em>(Ξσπὶςῖτυν</em></strong></span> 
     </span>
     <span class='ocr_line' id='line_1_36' title="bbox 42 2377 703 2438; baseline 0.006 -20"><span class='ocrx_word' id='word_1_188' title='bbox 42 2377 118 2419; x_wconf 77' lang='grc' dir='ltr'>οὐκ</span> <span class='ocrx_word' id='word_1_189' title='bbox 141 2381 294 2432; x_wconf 74' lang='grc' dir='ltr'><strong><em>ἔχουσα.</em></strong></span> <span class='ocrx_word' id='word_1_190' title='bbox 352 2385 410 2421; x_wconf 90' lang='lat' dir='ltr'>Ac</span> <span class='ocrx_word' id='word_1_191' title='bbox 441 2387 592 2436; x_wconf 82' lang='lat' dir='ltr'>proprie</span> <span class='ocrx_word' id='word_1_192' title='bbox 615 2387 703 2438; x_wconf 79' lang='lat' dir='ltr'>qui-</span> 
     </span>
     <span class='ocr_line' id='line_1_37' title="bbox 43 2437 703 2491; baseline 0.009 -17"><span class='ocrx_word' id='word_1_193' title='bbox 43 2437 133 2474; x_wconf 88' lang='lat' dir='ltr'>dem</span> <span class='ocrx_word' id='word_1_194' title='bbox 164 2438 248 2485; x_wconf 83' lang='grc' dir='ltr'><strong><em>ἴτυς</em></strong></span> <span class='ocrx_word' id='word_1_195' title='bbox 287 2442 460 2491; x_wconf 83' lang='lat' dir='ltr'>quemvis</span> <span class='ocrx_word' id='word_1_196' title='bbox 497 2443 630 2479; x_wconf 88' lang='lat' dir='ltr'>orbem</span> <span class='ocrx_word' id='word_1_197' title='bbox 673 2457 703 2480; x_wconf 94' lang='lat' dir='ltr'>s.</span> 
     </span>
     <span class='ocr_line' id='line_1_38' title="bbox 44 2492 704 2545; baseline 0.008 -13"><span class='ocrx_word' id='word_1_198' title='bbox 44 2492 301 2545; x_wconf 78' lang='grc' dir='ltr'><strong><em>περιφέρειαν</em></strong></span> <span class='ocrx_word' id='word_1_199' title='bbox 338 2496 494 2544; x_wconf 84' lang='lat' dir='ltr'>indicat,</span> <span class='ocrx_word' id='word_1_200' title='bbox 525 2506 567 2535; x_wconf 90' lang='lat' dir='ltr'>ut</span> <span class='ocrx_word' id='word_1_201' title='bbox 599 2507 704 2537; x_wconf 79' lang='lat' dir='ltr'>rotae</span> 
     </span>
     <span class='ocr_line' id='line_1_39' title="bbox 43 2549 707 2605; baseline 0.011 -18"><span class='ocrx_word' id='word_1_202' title='bbox 43 2549 146 2602; x_wconf 82' lang='lat' dir='ltr'>apud</span> <span class='ocrx_word' id='word_1_203' title='bbox 175 2552 332 2590; x_wconf 87' lang='lat' dir='ltr'>Homer.</span> <span class='ocrx_word' id='word_1_204' title='bbox 364 2555 407 2592; x_wconf 87' lang='lat' dir='ltr'>ll.</span> <span class='ocrx_word' id='word_1_205' title='bbox 439 2556 502 2601; x_wconf 82' lang='lat' dir='ltr'>IV,</span> <span class='ocrx_word' id='word_1_206' title='bbox 525 2555 618 2605; x_wconf 78' lang='lat'><strong>486,</strong></span> <span class='ocrx_word' id='word_1_207' title='bbox 640 2559 707 2594; x_wconf 92' lang='lat' dir='ltr'>ubi</span> 
     </span>
     <span class='ocr_line' id='line_1_40' title="bbox 43 2608 706 2662; baseline 0.012 -18"><span class='ocrx_word' id='word_1_208' title='bbox 43 2608 189 2645; x_wconf 89' lang='lat' dir='ltr'>consul.</span> <span class='ocrx_word' id='word_1_209' title='bbox 241 2615 385 2646; x_wconf 82' lang='lat' dir='ltr'>veteres</span> <span class='ocrx_word' id='word_1_210' title='bbox 424 2616 706 2662; x_wconf 77' lang='lat' dir='ltr'>grammaticos,</span> 
     </span>
     <span class='ocr_line' id='line_1_41' title="bbox 46 2664 706 2717; baseline 0.014 -16"><span class='ocrx_word' id='word_1_211' title='bbox 46 2665 171 2716; x_wconf 83' lang='lat' dir='ltr'>clypei</span> <span class='ocrx_word' id='word_1_212' title='bbox 182 2664 284 2715; x_wconf 85' lang='lat' dir='ltr'>apud</span> <span class='ocrx_word' id='word_1_213' title='bbox 306 2667 478 2717; x_wconf 87' lang='lat' dir='ltr'>Euripid.</span> <span class='ocrx_word' id='word_1_214' title='bbox 507 2667 706 2710; x_wconf 81' lang='lat' dir='ltr'>Phoeniss.</span> 
     </span>
     <span class='ocr_line' id='line_1_42' title="bbox 49 2721 707 2776; baseline 0.014 -18"><span class='ocrx_word' id='word_1_215' title='bbox 49 2724 169 2763; x_wconf 82' lang='lat'>1393.</span> <span class='ocrx_word' id='word_1_216' title='bbox 193 2721 374 2773; x_wconf 86' lang='lat' dir='ltr'>Xenoph.</span> <span class='ocrx_word' id='word_1_217' title='bbox 405 2725 531 2762; x_wconf 88' lang='lat' dir='ltr'>Anab.</span> <span class='ocrx_word' id='word_1_218' title='bbox 573 2728 636 2774; x_wconf 91' lang='lat' dir='ltr'>lV,</span> <span class='ocrx_word' id='word_1_219' title='bbox 668 2731 707 2776; x_wconf 88' lang='lat'>7,</span> 
     </span>
     <span class='ocr_line' id='line_1_43' title="bbox 49 2779 709 2830; baseline 0.006 -14"><span class='ocrx_word' id='word_1_220' title='bbox 49 2779 120 2817; x_wconf 77' lang='lat'>12:</span> <span class='ocrx_word' id='word_1_221' title='bbox 158 2791 233 2830; x_wconf 89' lang='lat' dir='ltr'>quo</span> <span class='ocrx_word' id='word_1_222' title='bbox 267 2779 403 2816; x_wconf 86' lang='lat' dir='ltr'>eodem</span> <span class='ocrx_word' id='word_1_223' title='bbox 441 2794 555 2818; x_wconf 88' lang='lat' dir='ltr'>sensu</span> <span class='ocrx_word' id='word_1_224' title='bbox 594 2785 709 2820; x_wconf 87' lang='lat' dir='ltr'>etiam</span> 
     </span>
     <span class='ocr_line' id='line_1_44' title="bbox 49 2833 710 2888; baseline 0.017 -19"><span class='ocrx_word' id='word_1_225' title='bbox 49 2833 149 2882; x_wconf 82' lang='lat' dir='ltr'>apud</span> <span class='ocrx_word' id='word_1_226' title='bbox 169 2838 384 2874; x_wconf 88' lang='lat' dir='ltr'>Homerum</span> <span class='ocrx_word' id='word_1_227' title='bbox 422 2836 560 2876; x_wconf 85' lang='lat' dir='ltr'>dicitur</span> <span class='ocrx_word' id='word_1_228' title='bbox 587 2837 710 2888; x_wconf 74' lang='grc' dir='ltr'><strong><em>ἄντυξ</em></strong></span> 
     </span>
    </p>
   </div>
   <div class='ocr_carea' id='block_1_14' title="bbox 50 2888 290 2937">
    <p class='ocr_par' dir='ltr' id='par_1_14' title="bbox 50 2888 290 2937">
     <span class='ocr_line' id='line_1_45' title="bbox 50 2888 290 2937; baseline 0.025 -13"><span class='ocrx_word' id='word_1_229' title='bbox 50 2888 94 2929; x_wconf 87' lang='grc' dir='ltr'>ΙΙ.</span> <span class='ocrx_word' id='word_1_230' title='bbox 112 2889 176 2937; x_wconf 80' lang='lat' dir='ltr'>VI,</span> <span class='ocrx_word' id='word_1_231' title='bbox 198 2895 290 2934; x_wconf 84' lang='lat'>118.</span> 
     </span>
    </p>
   </div>
   <div class='ocr_carea' id='block_1_15' title="bbox 751 1123 1418 1340">
    <p class='ocr_par' dir='ltr' id='par_1_15' title="bbox 751 1123 1418 1340">
     <span class='ocr_line' id='line_1_46' title="bbox 812 1123 1415 1177; baseline 0.003 -9"><span class='ocrx_word' id='word_1_232' title='bbox 812 1123 924 1168; x_wconf 81' lang='grc' dir='ltr'><strong><em>οὗτοι</em></strong></span> <span class='ocrx_word' id='word_1_233' title='bbox 943 1128 986 1168; x_wconf 83' lang='grc' dir='ltr'>δὲ</span> <span class='ocrx_word' id='word_1_234' title='bbox 1009 1129 1051 1169; x_wconf 86' lang='grc' dir='ltr'>οἷ</span> <span class='ocrx_word' id='word_1_235' title='bbox 1071 1131 1257 1177; x_wconf 84' lang='grc' dir='ltr'><strong><em>Φοίνικες</em></strong></span> <span class='ocrx_word' id='word_1_236' title='bbox 1276 1127 1319 1170; x_wconf 83' lang='grc' dir='ltr'><strong><em>τὸ</em></strong></span> <span class='ocrx_word' id='word_1_237' title='bbox 1338 1146 1415 1170; x_wconf 86' lang='grc' dir='ltr'>πα-</span> 
     </span>
     <span class='ocr_line' id='line_1_47' title="bbox 753 1183 1418 1236; baseline 0.002 -12"><span class='ocrx_word' id='word_1_238' title='bbox 753 1183 869 1225; x_wconf 73' lang='grc' dir='ltr'><strong><em>λαιόν</em></strong></span> <span class='ocrx_word' id='word_1_239' title='bbox 892 1186 1024 1226; x_wconf 82' lang='grc' dir='ltr'><strong><em>οἴκεον</em></strong></span> <span class='ocrx_word' id='word_1_240' title='bbox 1045 1202 1082 1225; x_wconf 88' lang='grc' dir='ltr'>κ.</span> <span class='ocrx_word' id='word_1_241' title='bbox 1103 1203 1136 1226; x_wconf 88' lang='grc' dir='ltr'><strong><em>τ.</em></strong></span> <span class='ocrx_word' id='word_1_242' title='bbox 1158 1188 1212 1236; x_wconf 87' lang='grc' dir='ltr'>λ.]</span> <span class='ocrx_word' id='word_1_243' title='bbox 1243 1186 1418 1225; x_wconf 87' lang='lat' dir='ltr'>Vid.no-</span> 
     </span>
     <span class='ocr_line' id='line_1_48' title="bbox 752 1241 1417 1295; baseline 0.006 -17"><span class='ocrx_word' id='word_1_244' title='bbox 752 1249 830 1279; x_wconf 90' lang='lat' dir='ltr'>tata</span> <span class='ocrx_word' id='word_1_245' title='bbox 862 1241 911 1279; x_wconf 90' lang='lat' dir='ltr'>ad</span> <span class='ocrx_word' id='word_1_246' title='bbox 940 1245 970 1291; x_wconf 83' lang='lat' dir='ltr'>l,</span> <span class='ocrx_word' id='word_1_247' title='bbox 995 1247 1013 1284; x_wconf 91' lang='lat'>1</span> <span class='ocrx_word' id='word_1_248' title='bbox 1045 1257 1134 1295; x_wconf 86' lang='lat' dir='ltr'>pag.</span> <span class='ocrx_word' id='word_1_249' title='bbox 1155 1245 1194 1286; x_wconf 90' lang='lat'>5.</span> <span class='ocrx_word' id='word_1_250' title='bbox 1255 1245 1417 1283; x_wconf 88' lang='lat' dir='ltr'>Contra-</span> 
     </span>
     <span class='ocr_line' id='line_1_49' title="bbox 751 1301 1418 1340; baseline 0.007 -5"><span class='ocrx_word' id='word_1_251' title='bbox 751 1301 849 1336; x_wconf 89' lang='lat' dir='ltr'>riam</span> <span class='ocrx_word' id='word_1_252' title='bbox 868 1301 1097 1337; x_wconf 85' lang='lat' dir='ltr'>sententiam</span> <span class='ocrx_word' id='word_1_253' title='bbox 1116 1315 1220 1339; x_wconf 90' lang='lat' dir='ltr'>nunc</span> <span class='ocrx_word' id='word_1_254' title='bbox 1245 1303 1343 1339; x_wconf 88' lang='lat' dir='ltr'>tueri</span> <span class='ocrx_word' id='word_1_255' title='bbox 1362 1303 1418 1340; x_wconf 80' lang='lat' dir='ltr'>vi-</span> 
     </span>
    </p>
   </div>
   <div class='ocr_carea' id='block_1_16' title="bbox 754 1356 1430 2937">
    <p class='ocr_par' dir='ltr' id='par_1_16' title="bbox 754 1356 1430 2937">
     <span class='ocr_line' id='line_1_50' title="bbox 755 1356 1419 1400; baseline 0.006 -7"><span class='ocrx_word' id='word_1_256' title='bbox 755 1356 827 1394; x_wconf 92' lang='lat' dir='ltr'>deo</span> <span class='ocrx_word' id='word_1_257' title='bbox 857 1359 920 1394; x_wconf 87' lang='lat' dir='ltr'>Fr.</span> <span class='ocrx_word' id='word_1_258' title='bbox 952 1359 1001 1394; x_wconf 93' lang='lat' dir='ltr'>H.</span> <span class='ocrx_word' id='word_1_259' title='bbox 1037 1359 1189 1400; x_wconf 83' lang='lat' dir='ltr'>Miiller.</span> <span class='ocrx_word' id='word_1_260' title='bbox 1223 1360 1262 1395; x_wconf 89' lang='lat' dir='ltr'>in</span> <span class='ocrx_word' id='word_1_261' title='bbox 1301 1358 1419 1397; x_wconf 87' lang='lat' dir='ltr'>Com-</span> 
     </span>
     <span class='ocr_line' id='line_1_51' title="bbox 754 1416 1418 1467; baseline 0.008 -15"><span class='ocrx_word' id='word_1_262' title='bbox 754 1421 874 1452; x_wconf 89' lang='lat' dir='ltr'>ment.</span> <span class='ocrx_word' id='word_1_263' title='bbox 907 1416 966 1451; x_wconf 94' lang='lat' dir='ltr'>De</span> <span class='ocrx_word' id='word_1_264' title='bbox 998 1416 1110 1453; x_wconf 86' lang='lat' dir='ltr'>rebus</span> <span class='ocrx_word' id='word_1_265' title='bbox 1132 1417 1283 1454; x_wconf 85' lang='lat' dir='ltr'>Semitt.</span> <span class='ocrx_word' id='word_1_266' title='bbox 1303 1430 1342 1467; x_wconf 90' lang='lat' dir='ltr'>p.</span> <span class='ocrx_word' id='word_1_267' title='bbox 1364 1419 1418 1457; x_wconf 81' lang='lat'>20</span> 
     </span>
     <span class='ocr_line' id='line_1_52' title="bbox 756 1470 1420 1526; baseline 0.005 -19"><span class='ocrx_word' id='word_1_268' title='bbox 756 1470 908 1521; x_wconf 91' lang='lat' dir='ltr'>(Berol.</span> <span class='ocrx_word' id='word_1_269' title='bbox 955 1473 1114 1523; x_wconf 76' lang='lat'>1831),</span> <span class='ocrx_word' id='word_1_270' title='bbox 1146 1475 1212 1526; x_wconf 89' lang='lat' dir='ltr'>qui</span> <span class='ocrx_word' id='word_1_271' title='bbox 1245 1475 1420 1524; x_wconf 83' lang='lat' dir='ltr'>regiones</span> 
     </span>
     <span class='ocr_line' id='line_1_53' title="bbox 755 1529 1420 1582; baseline 0.003 -18"><span class='ocrx_word' id='word_1_272' title='bbox 755 1529 863 1565; x_wconf 82' lang='lat' dir='ltr'>iuxta</span> <span class='ocrx_word' id='word_1_273' title='bbox 872 1529 1067 1566; x_wconf 88' lang='lat' dir='ltr'>Libanum</span> <span class='ocrx_word' id='word_1_274' title='bbox 1079 1537 1194 1582; x_wconf 84' lang='lat' dir='ltr'>atque</span> <span class='ocrx_word' id='word_1_275' title='bbox 1213 1531 1420 1568; x_wconf 85' lang='lat' dir='ltr'>Iordanem</span> 
     </span>
     <span class='ocr_line' id='line_1_54' title="bbox 757 1586 1422 1637; baseline 0.003 -15"><span class='ocrx_word' id='word_1_276' title='bbox 757 1588 962 1637; x_wconf 87' lang='lat' dir='ltr'>praecipua</span> <span class='ocrx_word' id='word_1_277' title='bbox 992 1586 1236 1625; x_wconf 88' lang='lat' dir='ltr'>Phoenicum</span> <span class='ocrx_word' id='word_1_278' title='bbox 1273 1587 1422 1624; x_wconf 88' lang='lat' dir='ltr'>habita-</span> 
     </span>
     <span class='ocr_line' id='line_1_55' title="bbox 758 1644 1422 1697; baseline 0.003 -18"><span class='ocrx_word' id='word_1_279' title='bbox 758 1644 844 1680; x_wconf 87' lang='lat' dir='ltr'>cula</span> <span class='ocrx_word' id='word_1_280' title='bbox 864 1644 978 1680; x_wconf 88' lang='lat' dir='ltr'>fuisse</span> <span class='ocrx_word' id='word_1_281' title='bbox 997 1652 1137 1693; x_wconf 80' lang='lat' dir='ltr'>censet,</span> <span class='ocrx_word' id='word_1_282' title='bbox 1161 1658 1326 1697; x_wconf 90' lang='lat' dir='ltr'>quorum</span> <span class='ocrx_word' id='word_1_283' title='bbox 1335 1657 1422 1696; x_wconf 87' lang='lat' dir='ltr'>pars</span> 
     </span>
     <span class='ocr_line' id='line_1_56' title="bbox 757 1701 1422 1739; baseline 0.002 -2"><span class='ocrx_word' id='word_1_284' title='bbox 757 1714 788 1737; x_wconf 88' lang='lat' dir='ltr'>s.</span> <span class='ocrx_word' id='word_1_285' title='bbox 827 1701 978 1738; x_wconf 84' lang='lat' dir='ltr'>colonia</span> <span class='ocrx_word' id='word_1_286' title='bbox 1005 1701 1097 1739; x_wconf 86' lang='lat' dir='ltr'>iude</span> <span class='ocrx_word' id='word_1_287' title='bbox 1132 1702 1181 1739; x_wconf 87' lang='lat' dir='ltr'>ad</span> <span class='ocrx_word' id='word_1_288' title='bbox 1223 1703 1422 1739; x_wconf 89' lang='lat' dir='ltr'>Persicum</span> 
     </span>
     <span class='ocr_line' id='line_1_57' title="bbox 760 1757 1423 1809; baseline 0.003 -16"><span class='ocrx_word' id='word_1_289' title='bbox 760 1757 864 1809; x_wconf 86' lang='lat' dir='ltr'>quod</span> <span class='ocrx_word' id='word_1_290' title='bbox 895 1757 1032 1795; x_wconf 86' lang='lat' dir='ltr'>dicitur</span> <span class='ocrx_word' id='word_1_291' title='bbox 1059 1772 1186 1808; x_wconf 78' lang='lat' dir='ltr'>mare,</span> <span class='ocrx_word' id='word_1_292' title='bbox 1228 1766 1423 1796; x_wconf 86' lang='lat' dir='ltr'>mercatu-</span> 
     </span>
     <span class='ocr_line' id='line_1_58' title="bbox 757 1815 1423 1854; baseline 0.002 -3"><span class='ocrx_word' id='word_1_293' title='bbox 757 1828 821 1851; x_wconf 88' lang='lat' dir='ltr'>rae</span> <span class='ocrx_word' id='word_1_294' title='bbox 842 1829 932 1852; x_wconf 87' lang='lat' dir='ltr'>cum</span> <span class='ocrx_word' id='word_1_295' title='bbox 956 1815 1059 1853; x_wconf 90' lang='lat' dir='ltr'>Indis</span> <span class='ocrx_word' id='word_1_296' title='bbox 1084 1815 1176 1854; x_wconf 83' lang='lat' dir='ltr'>hinc</span> <span class='ocrx_word' id='word_1_297' title='bbox 1206 1816 1353 1853; x_wconf 84' lang='lat' dir='ltr'>facilius</span> <span class='ocrx_word' id='word_1_298' title='bbox 1380 1829 1423 1852; x_wconf 92' lang='lat' dir='ltr'>ac</span> 
     </span>
     <span class='ocr_line' id='line_1_59' title="bbox 758 1871 1423 1910; baseline 0 -2"><span class='ocrx_word' id='word_1_299' title='bbox 758 1872 932 1909; x_wconf 80' lang='lat' dir='ltr'>breviore</span> <span class='ocrx_word' id='word_1_300' title='bbox 981 1874 1118 1910; x_wconf 86' lang='lat' dir='ltr'>itinere</span> <span class='ocrx_word' id='word_1_301' title='bbox 1166 1871 1423 1910; x_wconf 83' lang='lat' dir='ltr'>instituendae</span> 
     </span>
     <span class='ocr_line' id='line_1_60' title="bbox 759 1931 1425 1980; baseline 0 -16"><span class='ocrx_word' id='word_1_302' title='bbox 759 1942 883 1975; x_wconf 82' lang='lat' dir='ltr'>causa,</span> <span class='ocrx_word' id='word_1_303' title='bbox 909 1943 948 1965; x_wconf 93' lang='lat' dir='ltr'>se</span> <span class='ocrx_word' id='word_1_304' title='bbox 968 1931 1165 1980; x_wconf 84' lang='lat' dir='ltr'>receperit.</span> <span class='ocrx_word' id='word_1_305' title='bbox 1223 1931 1281 1967; x_wconf 87' lang='lat' dir='ltr'>Ac</span> <span class='ocrx_word' id='word_1_306' title='bbox 1301 1943 1425 1980; x_wconf 86' lang='lat' dir='ltr'>nuper</span> 
     </span>
     <span class='ocr_line' id='line_1_61' title="bbox 763 1988 1426 2037; baseline 0.003 -17"><span class='ocrx_word' id='word_1_307' title='bbox 763 1998 918 2037; x_wconf 79' lang='lat' dir='ltr'>quoque</span> <span class='ocrx_word' id='word_1_308' title='bbox 940 1994 1093 2023; x_wconf 84' lang='lat' dir='ltr'>exortus</span> <span class='ocrx_word' id='word_1_309' title='bbox 1126 1993 1180 2023; x_wconf 89' lang='lat' dir='ltr'>est</span> <span class='ocrx_word' id='word_1_310' title='bbox 1209 1988 1426 2037; x_wconf 79' lang='lat' dir='ltr'>Hengsten-</span> 
     </span>
     <span class='ocr_line' id='line_1_62' title="bbox 763 2042 1426 2094; baseline 0.003 -17"><span class='ocrx_word' id='word_1_311' title='bbox 763 2042 883 2092; x_wconf 60' lang='lat' dir='ltr'>berg„</span> <span class='ocrx_word' id='word_1_312' title='bbox 907 2044 986 2093; x_wconf 78' lang='lat' dir='ltr'>qui,</span> <span class='ocrx_word' id='word_1_313' title='bbox 1020 2056 1117 2094; x_wconf 89' lang='lat' dir='ltr'>quae</span> <span class='ocrx_word' id='word_1_314' title='bbox 1139 2042 1356 2081; x_wconf 88' lang='lat' dir='ltr'>Herodotus</span> <span class='ocrx_word' id='word_1_315' title='bbox 1378 2042 1426 2080; x_wconf 90' lang='lat' dir='ltr'>de</span> 
     </span>
     <span class='ocr_line' id='line_1_63' title="bbox 761 2097 1428 2152; baseline 0.006 -18"><span class='ocrx_word' id='word_1_316' title='bbox 761 2097 1003 2136; x_wconf 85' lang='lat' dir='ltr'>Phoenicum</span> <span class='ocrx_word' id='word_1_317' title='bbox 1041 2099 1191 2138; x_wconf 89' lang='lat' dir='ltr'>sedibus</span> <span class='ocrx_word' id='word_1_318' title='bbox 1227 2101 1428 2152; x_wconf 82' lang='lat' dir='ltr'>primitivis</span> 
     </span>
     <span class='ocr_line' id='line_1_64' title="bbox 762 2155 1426 2205; baseline 0.005 -14"><span class='ocrx_word' id='word_1_319' title='bbox 762 2155 810 2192; x_wconf 85' lang='lat' dir='ltr'>ad</span> <span class='ocrx_word' id='word_1_320' title='bbox 831 2170 937 2192; x_wconf 86' lang='lat' dir='ltr'>mare</span> <span class='ocrx_word' id='word_1_321' title='bbox 958 2157 1119 2194; x_wconf 88' lang='lat' dir='ltr'>rubrum</span> <span class='ocrx_word' id='word_1_322' title='bbox 1150 2165 1312 2205; x_wconf 81' lang='lat' dir='ltr'>enarrat,</span> <span class='ocrx_word' id='word_1_323' title='bbox 1334 2158 1426 2194; x_wconf 89' lang='lat' dir='ltr'>falsa</span> 
     </span>
     <span class='ocr_line' id='line_1_65' title="bbox 760 2214 1425 2252; baseline 0.006 -4"><span class='ocrx_word' id='word_1_324' title='bbox 760 2214 964 2250; x_wconf 87' lang='lat' dir='ltr'>Persarum</span> <span class='ocrx_word' id='word_1_325' title='bbox 999 2214 1202 2251; x_wconf 83' lang='lat' dir='ltr'>traditione</span> <span class='ocrx_word' id='word_1_326' title='bbox 1230 2216 1301 2252; x_wconf 86' lang='lat' dir='ltr'>niti</span> <span class='ocrx_word' id='word_1_327' title='bbox 1330 2228 1425 2252; x_wconf 86' lang='lat' dir='ltr'>con-</span> 
     </span>
     <span class='ocr_line' id='line_1_66' title="bbox 759 2269 1428 2323; baseline 0.004 -17"><span class='ocrx_word' id='word_1_328' title='bbox 759 2269 941 2318; x_wconf 89' lang='lat' dir='ltr'>tendens,</span> <span class='ocrx_word' id='word_1_329' title='bbox 972 2269 1198 2320; x_wconf 85' lang='lat' dir='ltr'>Phoenices,</span> <span class='ocrx_word' id='word_1_330' title='bbox 1219 2273 1346 2323; x_wconf 88' lang='lat' dir='ltr'>prouti</span> <span class='ocrx_word' id='word_1_331' title='bbox 1365 2285 1428 2309; x_wconf 74' lang='lat' dir='ltr'>sa-</span> 
     </span>
     <span class='ocr_line' id='line_1_67' title="bbox 760 2328 1426 2379; baseline 0.005 -16"><span class='ocrx_word' id='word_1_332' title='bbox 760 2340 823 2363; x_wconf 90' lang='lat' dir='ltr'>cra</span> <span class='ocrx_word' id='word_1_333' title='bbox 862 2329 1045 2379; x_wconf 87' lang='lat' dir='ltr'>scriptura</span> <span class='ocrx_word' id='word_1_334' title='bbox 1085 2328 1241 2377; x_wconf 82' lang='lat' dir='ltr'>edocet,</span> <span class='ocrx_word' id='word_1_335' title='bbox 1301 2331 1426 2366; x_wconf 82' lang='lat' dir='ltr'>statim</span> 
     </span>
     <span class='ocr_line' id='line_1_68' title="bbox 759 2384 1428 2437; baseline 0.003 -16"><span class='ocrx_word' id='word_1_336' title='bbox 759 2391 845 2435; x_wconf 85' lang='lat' dir='ltr'>post</span> <span class='ocrx_word' id='word_1_337' title='bbox 864 2387 1012 2436; x_wconf 80' lang='lat' dir='ltr'>generis</span> <span class='ocrx_word' id='word_1_338' title='bbox 1034 2384 1196 2423; x_wconf 89' lang='lat' dir='ltr'>humani</span> <span class='ocrx_word' id='word_1_339' title='bbox 1225 2385 1428 2437; x_wconf 89' lang='lat' dir='ltr'>dispersio-</span> 
     </span>
     <span class='ocr_line' id='line_1_69' title="bbox 760 2450 1427 2495; baseline 0.003 -18"><span class='ocrx_word' id='word_1_340' title='bbox 760 2454 853 2478; x_wconf 84' lang='lat' dir='ltr'>nem</span> <span class='ocrx_word' id='word_1_341' title='bbox 889 2455 949 2479; x_wconf 89' lang='lat' dir='ltr'>eas</span> <span class='ocrx_word' id='word_1_342' title='bbox 966 2470 982 2488; x_wconf 81' lang='lat'><em>,</em></span> <span class='ocrx_word' id='word_1_343' title='bbox 1024 2456 1116 2495; x_wconf 89' lang='lat' dir='ltr'>quas</span> <span class='ocrx_word' id='word_1_344' title='bbox 1137 2450 1269 2494; x_wconf 80' lang='lat' dir='ltr'>postea</span> <span class='ocrx_word' id='word_1_345' title='bbox 1288 2451 1427 2480; x_wconf 91' lang='lat' dir='ltr'>tenue-</span> 
     </span>
     <span class='ocr_line' id='line_1_70' title="bbox 762 2499 1426 2551; baseline 0.003 -17"><span class='ocrx_word' id='word_1_346' title='bbox 762 2500 837 2535; x_wconf 88' lang='lat' dir='ltr'>rint</span> <span class='ocrx_word' id='word_1_347' title='bbox 857 2501 1043 2550; x_wconf 77' lang='lat' dir='ltr'>regiones,</span> <span class='ocrx_word' id='word_1_348' title='bbox 1063 2502 1104 2536; x_wconf 89' lang='lat' dir='ltr'>in</span> <span class='ocrx_word' id='word_1_349' title='bbox 1120 2502 1199 2551; x_wconf 87' lang='lat' dir='ltr'>ipsa</span> <span class='ocrx_word' id='word_1_350' title='bbox 1218 2499 1426 2537; x_wconf 85' lang='lat' dir='ltr'>Phoenicia</span> 
     </span>
     <span class='ocr_line' id='line_1_71' title="bbox 764 2556 1427 2594; baseline 0 -2"><span class='ocrx_word' id='word_1_351' title='bbox 764 2556 813 2592; x_wconf 82' lang='lat' dir='ltr'>ad</span> <span class='ocrx_word' id='word_1_352' title='bbox 851 2558 965 2594; x_wconf 83' lang='lat' dir='ltr'>maris</span> <span class='ocrx_word' id='word_1_353' title='bbox 1014 2556 1283 2594; x_wconf 85' lang='lat' dir='ltr'>mediterranei</span> <span class='ocrx_word' id='word_1_354' title='bbox 1322 2570 1427 2594; x_wconf 87' lang='lat' dir='ltr'>oram</span> 
     </span>
     <span class='ocr_line' id='line_1_72' title="bbox 762 2614 1430 2652; baseline 0.004 -3"><span class='ocrx_word' id='word_1_355' title='bbox 762 2614 965 2650; x_wconf 86' lang='lat' dir='ltr'>incoluisse</span> <span class='ocrx_word' id='word_1_356' title='bbox 1003 2615 1144 2652; x_wconf 82' lang='lat' dir='ltr'>statuit.</span> <span class='ocrx_word' id='word_1_357' title='bbox 1201 2614 1287 2652; x_wconf 74' lang='lat' dir='ltr'>vid.</span> <span class='ocrx_word' id='word_1_358' title='bbox 1310 2615 1430 2652; x_wconf 67' lang='lat' dir='ltr'>Com!</span> 
     </span>
     <span class='ocr_line' id='line_1_73' title="bbox 763 2670 1428 2722; baseline 0.006 -16"><span class='ocrx_word' id='word_1_359' title='bbox 763 2677 899 2707; x_wconf 87' lang='lat' dir='ltr'>mentt.</span> <span class='ocrx_word' id='word_1_360' title='bbox 921 2670 968 2708; x_wconf 91' lang='lat' dir='ltr'>de</span> <span class='ocrx_word' id='word_1_361' title='bbox 989 2672 1110 2708; x_wconf 89' lang='lat' dir='ltr'>Rebb.</span> <span class='ocrx_word' id='word_1_362' title='bbox 1132 2672 1245 2722; x_wconf 86' lang='lat' dir='ltr'>Tyrr.</span> <span class='ocrx_word' id='word_1_363' title='bbox 1277 2684 1364 2721; x_wconf 80' lang='lat' dir='ltr'>pag.</span> <span class='ocrx_word' id='word_1_364' title='bbox 1375 2672 1428 2710; x_wconf 82' lang='lat'>93</span> 
     </span>
     <span class='ocr_line' id='line_1_74' title="bbox 764 2723 1428 2779; baseline 0.002 -16"><span class='ocrx_word' id='word_1_365' title='bbox 764 2740 941 2779; x_wconf 84' lang='lat' dir='ltr'>seqq.—-</span> <span class='ocrx_word' id='word_1_366' title='bbox 970 2729 1014 2764; x_wconf 90' lang='lat' dir='ltr'>In</span> <span class='ocrx_word' id='word_1_367' title='bbox 1035 2741 1141 2779; x_wconf 84' lang='lat' dir='ltr'>seqq.</span> <span class='ocrx_word' id='word_1_368' title='bbox 1164 2741 1232 2778; x_wconf 89' lang='lat' dir='ltr'>pro</span> <span class='ocrx_word' id='word_1_369' title='bbox 1253 2725 1300 2765; x_wconf 72' lang='grc' dir='ltr'>τοὶ</span> <span class='ocrx_word' id='word_1_370' title='bbox 1320 2723 1428 2776; x_wconf 61' lang='grc' dir='ltr'><strong><em>παρα</em></strong></span> 
     </span>
     <span class='ocr_line' id='line_1_75' title="bbox 765 2781 1428 2834; baseline -0.002 -12"><span class='ocrx_word' id='word_1_371' title='bbox 765 2781 977 2823; x_wconf 77' lang='grc' dir='ltr'><strong><em>θάλασσαν</em></strong></span> <span class='ocrx_word' id='word_1_372' title='bbox 996 2783 1171 2821; x_wconf 85' lang='lat' dir='ltr'>Eustath.</span> <span class='ocrx_word' id='word_1_373' title='bbox 1194 2783 1241 2820; x_wconf 84' lang='lat' dir='ltr'>ad</span> <span class='ocrx_word' id='word_1_374' title='bbox 1270 2784 1428 2834; x_wconf 84' lang='lat' dir='ltr'>Dionys.</span> 
     </span>
     <span class='ocr_line' id='line_1_76' title="bbox 765 2837 1430 2892; baseline 0.005 -15"><span class='ocrx_word' id='word_1_375' title='bbox 765 2841 914 2891; x_wconf 85' lang='lat' dir='ltr'>Perieg.</span> <span class='ocrx_word' id='word_1_376' title='bbox 945 2840 1027 2882; x_wconf 83' lang='lat'>904</span> <span class='ocrx_word' id='word_1_377' title='bbox 1057 2839 1212 2878; x_wconf 83' lang='lat' dir='ltr'>exhibet</span> <span class='ocrx_word' id='word_1_378' title='bbox 1245 2837 1294 2879; x_wconf 75' lang='grc' dir='ltr'>τοὶ</span> <span class='ocrx_word' id='word_1_379' title='bbox 1313 2838 1430 2892; x_wconf 83' lang='grc' dir='ltr'><strong><em>περὶ</em></strong></span> 
     </span>
     <span class='ocr_line' id='line_1_77' title="bbox 766 2893 993 2937; baseline -0.004 -1"><span class='ocrx_word' id='word_1_380' title='bbox 766 2893 993 2937; x_wconf 77' lang='grc' dir='ltr'><strong><em>θάλασσαν.</em></strong></span> 
     </span>
    </p>
   </div>
  </div>
 </body>
</html>
