1851 3181
451 273 535 313 572
856 270 1316 309 HERODOTI

421 384 629 424 4λασσαν,
691 383 765 433 τῆς
804 378 852 421 δὲ
891 380 1062 435 Συρίης
1099 383 1232 424 τοῦτο
1273 379 1323 423 τό
1362 381 1639 436 χωρίον,καὶ
1668 382 1770 426 τό55

451 447 576 504 μέχρι
614 445 840 502 Αἰγύπτου
870 450 971 498 πᾶν,
1004 449 1273 504 Παλαιστίνη
1312 449 1518 492 καλέεται.
1577 449 1714 506 Αίγύ-

450 530 566 559 πτιοι
595 515 641 558 δὲ
669 514 770 565 νέας
798 517 1057 571 παρείχοντο
1089 518 1325 573 διηκοσίας.
1384 511 1504 560 οὗτοι
1523 518 1568 561 δὲ
1599 516 1715 574 εἶχον

447 584 543 638 περὶ
572 583 651 638 μὲν
680 586 778 640 τῇσι
807 588 1022 642 κεφαλῇσι
1053 584 1216 639 κράνεα
1230 583 1434 640 χηλευτά,
1466 584 1650 636 ἀσπίδας
1667 586 1714 629 δὲ

447 653 618 703 κοίλας,
664 648 739 701 τὰς
775 651 870 702 ’ίτυς
910 652 1096 708 μεγάλας
1126 651 1329 709 ἐχούσας,
1369 654 1444 697 καὶ
1474 653 1638 708 δόρατά
1668 670 1712 696 τε

418 717 663 774 ὃναύμαχα,
693 720 767 763 καὶ
795 720 958 771 τύκους
988 719 1214 777 μεγάλους.
1270 721 1320 765 τὸ
1359 721 1405 765 δὲ
1435 725 1605 778 πλῆθος
1637 721 1769 765 ati-60

448 790 534 829 τῶν
562 789 879 845 θωρηκοφόροι
907 784 1042 845 ἦσαν,
1072 790 1285 845 μαχαίρας
1305 789 1351 833 δὲ
1370 789 1556 845 μεγάλας
1585 788 1713 847 εἶχον.

318 853 384 897 90
444 849 569 899 οὗτοι
598 855 678 910 μὲν
700 856 816 901 οὕτω
837 856 1117 902 ἐσταλάδατο.
1178 857 1369 915 Κύπριοι
1385 858 1431 903 δὲ
1450 859 1711 914 παρείχοντο

117 915 233 951 Cyihpr
259 916 321 943 Εοι-
324 925 373 944 ιιιιι

115 951 184 989 plur
171 958 220 976 res
241 959 322 985 popu
306 950 346 976 ιι1ἰ

115 992 160 1010 sm
164 983 255 1017 guliu
260 985 319 1011 ned
304 984 389 1023 ιΟγ

114 1026 201 1053 prum
221 1017 361 1046 venerint

444 1071 595 1128 κράνεα
628 1076 823 1128 χηλευτά]
879 1078 923 1114 In
967 1091 1046 1116 uno

389 1132 474 1172 cod.
516 1139 637 1170 exstat
683 1131 828 1173 πλεκτά
865 1131 1046 1185 χηλευτά.

389 1189 599 1227 conferunt
629 1191 829 1228 Pollucem
859 1192 941 1240 VII,
979 1195 1045 1241 83,

389 1248 455 1298 qui
476 1260 524 1283 ex
544 1244 583 1284 h.
604 1247 630 1285 l.
651 1248 770 1285 citans
796 1246 964 1299 χηλευτά
984 1250 1048 1285 ἰιι-

385 1310 612 1354 terpretatur
639 1301 688 1342 τά
717 1300 887 1343 πλεκτάε
945 1305 1049 1358 quod

386 1360 513 1410 ipsum
543 1361 760 1398 invenimus
788 1362 939 1409 V11,79
961 1364 1048 1400 coll.

387 1418 439 1456 63
461 1417 590 1468 ibique
600 1425 697 1456 nott
744 1419 824 1455 Nec
845 1419 952 1456 aliter
967 1422 1049 1456 He-

384 1485 427 1524 sy
419 1471 536 1510 chius
555 1475 591 1510 H
609 1488 647 1525 p.
669 1477 750 1516 338
772 1476 936 1525 explicat
955 1479 1049 1515 πλε-

384 1526 459 1567 κτά
487 1529 529 1569 ἐκ
551 1531 712 1581 σχοίνου
743 1547 769 1581 η
804 1530 924 1582 άλλης
944 1531 1048 1580 τινὸς

383 1581 482 1636 ν’λης
520 1583 693 1637 μαλάκια
721 1588 938 1626 Herodotus
972 1591 1047 1640 igi-

383 1649 446 1679 tur
474 1645 608 1694 procul
628 1643 743 1681 dubio
762 1646 950 1683 intellexit
965 1647 1047 1697 ple-

381 1712 452 1736 xas
472 1701 598 1749 galeas
610 1702 799 1750 s.nelees,
820 1703 955 1751 sutiles,
973 1703 1046 1741 do-

382 1763 492 1792 cente
512 1759 561 1794 H.
583 1757 779 1808 Stephano
798 1760 839 1796 in
860 1759 978 1799 Thes.
1000 1763 1044 1800 L.

382 1814 448 1850 Gr.
469 1814 521 1850 IV
541 1814 672 1864 p.515
696 1816 766 1863 [T.
778 1815 894 1868 VHp.
911 1817 1045 1859 10596

381 1883 459 1921 seq.
483 1869 544 1907 ed.
564 1872 722 1936 Valpy].

436 1925 505 1965 καὶ
532 1942 679 1974 τυκους
712 1924 935 1981 μεγάλους]
970 1931 1046 1968 Pro

380 1979 537 2031 τύκους,
568 1984 672 2036 quod
703 1985 867 2024 afferunt
886 1988 1047 2024 Floren-

379 2040 480 2077 tinus
502 2039 656 2093 duoque
676 2043 848 2091 Parisini,
868 2045 907 2080 in
919 2043 1045 2082 Medi-

380 2109 448 2132 ceo
482 2104 518 2133 et
551 2098 742 2136 Sancrofti
762 2101 857 2137 libro
888 2098 1043 2152 τύχους,

380 2152 420 2188 ἰιι
450 2152 591 2190 Aldina
626 2169 669 2192 ac
699 2155 846 2194 duobus
867 2158 947 2194 aliis
967 2159 1044 2195 Pa-

379 2208 459 2246 riss.
481 2209 593 2248 codd.
612 2210 754 2262 τύχους
775 2213 842 2264 (Λίιι
863 2227 941 2251 uno
961 2215 1045 2254 τοί-

379 2265 501 2316 χους)
541 2264 633 2318 ὅρυξ
666 2266 895 2316 λιθοξοϊκὸν
928 2270 1044 2323 ἔργα-

380 2324 486 2361 λεῖον
508 2337 615 2375 μεγ.;
637 2337 753 2376 quam
768 2327 1040 2375 glossambene

382 2377 586 2416 delendam
606 2383 752 2418 notavit
779 2383 970 2420 Camerar.
992 2383 1041 2420 ad

379 2435 572 2473 Aristotel.
605 2436 694 2476 Eth.
717 2439 780 2485 VI,
805 2441 856 2478 12
884 2453 922 2489 p.
946 2439 1040 2480 304.

379 2493 505 2542 Ipsam
535 2506 671 2531 vocem
702 2495 818 2545 vulgo
849 2496 1040 2546 explicant

379 2549 574 2598 bipennem,
604 2553 750 2588 securim
771 2564 934 2603 eamque
954 2565 1040 2588 ma-

379 2617 509 2655 gnam.
578 2608 678 2644 Nos:
726 2607 919 2645 Strez'taxt.
981 2609 1038 2646 Ab

377 2661 567 2714 Hesychio
578 2665 782 2715 exponitur
792 2661 914 2716 σφήν,
936 2678 958 2716 q
966 2665 1040 2702 uod

378 2731 446 2785 nqs
467 2733 647 2758 vocamus
668 2721 765 2759 Keil.
785 2743 841 2748 —
869 2723 914 2758 In
932 2735 1039 2779 seqq.

377 2770 510 2816 αυτῶν
520 2776 608 2814 dedi
627 2791 695 2829 pro
714 2774 868 2818 αὐτέων
889 2780 1040 2829 εἴησαν

378 2844 447 2880 pro
483 2832 591 2873 ἔσαν.

435 2887 702 2939 ἐσταλάδατο]
735 2890 799 2929 Sic
828 2889 903 2929 duo
925 2889 1037 2929 codd.

1103 1085 1218 1130 atque
1237 1075 1411 1115 Eustath.
1432 1077 1480 1115 ad
1500 1078 1544 1116 ll.
1563 1090 1652 1129 pag.
1672 1076 1766 1127 234,

1105 1136 1157 1175 14
1178 1149 1208 1172 S.
1232 1137 1322 1182 177,
1344 1137 1412 1175 28·
1469 1137 1515 1171 In
1543 1136 1767 1172 Florentino

1105 1198 1227 1229 exstat
1247 1188 1493 1240 ε’στελάδατο,
1513 1193 1642 1228 inuno
1657 1192 1768 1228 Pari-

1104 1249 1187 1285 sino
1220 1244 1472 1296 ἐσκευάδατο,
1505 1248 1610 1300 quod
1629 1249 1767 1285 Portus

1104 1306 1238 1356 reponi
1251 1306 1384 1342 voluit.
1406 1304 1592 1342 Valcken.
1613 1304 1766 1342 refinxit

1106 1360 1354 1410 ἓστολίδατο,
1389 1360 1430 1398 id
1461 1369 1516 1398 est
1544 1359 1768 1412 ἐστολισμέ-

1104 1433 1170 1458 νοι
1193 1413 1298 1470 ἦσαν
1325 1418 1387 1456 vel
1424 1416 1518 1458 ἔσαν
1539 1416 1766 1469 ἐσταλμένοι

1106 1475 1194 1524 (sic)
1207 1488 1228 1512 a
1238 1475 1354 1513 verbo
1368 1475 1568 1523 στολίζειν.
1581 1473 1766 1525 Schwgh.

1101 1532 1213 1569 lectio
1261 1528 1499 1572 ἐσταλάδατο
1550 1545 1570 1568 e
1619 1531 1766 1570 duabus

1103 1590 1295 1640 scripturis
1315 1595 1396 1626 orta
1407 1588 1629 1627 videbatur:
1651 1583 1766 1628 ἐστά-

1103 1647 1196 1685 λατο
1233 1652 1270 1684 et
1310 1641 1548 1685 ἐσκευάδατο
1566 1675 1576 1694 ,
1627 1644 1722 1682 illud
1743 1657 1765 1681 a

1102 1703 1219 1739 verbo
1261 1700 1452 1750 στέλλειν,
1493 1701 1567 1739 hoc
1595 1715 1617 1738 a
1648 1702 1764 1739 verbo

1103 1755 1316 1806 σκευάζειν.
1365 1758 1465 1804 Quid
1484 1759 1645 1797 voluerit
1663 1760 1765 1795 Mat-

1102 1814 1203 1852 thiae
1216 1845 1225 1863 ,
1246 1817 1326 1867 ipse
1346 1817 1412 1853 vix
1431 1822 1672 1866 compertum
1691 1813 1765 1851 ha-

1103 1873 1228 1909 buisse
1265 1872 1438 1920 videtur,
1479 1874 1509 1909 si
1540 1871 1697 1924 quidem
1723 1872 1765 1908 in

1102 1930 1278 1966 Gramm.
1299 1931 1365 1967 Gr.
1386 1928 1516 1976 §.204
1537 1943 1575 1980 p.
1588 1931 1682 1977 377,
1698 1929 1765 1965 ubi

1103 1985 1150 2023 de
1170 1987 1214 2023 iis
1234 1988 1366 2024 tertiae
1393 1999 1579 2037 personae
1608 1986 1765 2036 pluralis

1100 2044 1564 2095 plusquamperfectormn
1619 2042 1763 2091 formis,

1103 2101 1233 2152 quales
1273 2101 1467 2151 attigimus
1501 2099 1551 2137 ad
1580 2098 1661 2147 VII,
1696 2101 1763 2149 62,

1101 2156 1278 2208 disputat,
1301 2171 1351 2194 ex
1340 2130 1408 2197 O.h
1430 2158 1456 2196 l.
1483 2163 1520 2193 et
1540 2170 1589 2192 ex
1608 2127 1769 2197 Hesiodi

1101 2214 1210 2254 Scut.
1252 2216 1334 2255 288
1374 2213 1483 2251 affert
1503 2207 1712 2260 ἐστάλατο,
1741 2224 1762 2248 a

1099 2271 1217 2308 verbo
1239 2269 1409 2309 στέλλειν
1426 2283 1495 2321 pro
1511 2271 1616 2321 ἦσαν
1628 2268 1763 2308 ἔσταλ-

1101 2325 1232 2377 μένοι,
1270 2328 1401 2377 paucis
1430 2339 1521 2364 vero
1549 2325 1761 2363 ¹interiectis

1097 2382 1201 2419 idem
1231 2382 1340 2419 affert
1368 2382 1589 2423 ἐστολίδατο
1616 2380 1690 2417 hoc
1710 2392 1760 2416 ex

1096 2440 1181 2476 loco
1194 2438 1389 2487 Herodoti,
1411 2437 1673 2476 Valckenaerii
1688 2435 1759 2473 ad-

1095 2497 1333 2533 notationem
1363 2495 1508 2532 consuli
1528 2495 1675 2531 iubens.
1712 2494 1757 2530 In

1096 2553 1178 2603 ipso
1217 2551 1404 2589 Herodoti
1434 2558 1543 2589 textu
1572 2552 1759 2588 intactum

1097 2610 1248 2661 reliquit
1269 2604 1519 2656 ἐσταλάδατο,
1542 2605 1645 2659 quod
1657 2605 1760 2643 idem

1096 2666 1268 2703 feceruut
1284 2666 1419 2717 reliqui
1440 2664 1613 2712 editores,
1634 2661 1760 2715 quod-

1096 2735 1173 2774 que
1203 2721 1516 2773 Schweighaeus.
1550 2722 1591 2758 in
1627 2720 1759 2757 Lexio.

1096 2779 1239 2816 Herod.
1261 2780 1386 2816 retulit
1406 2777 1455 2815 ad
1471 2778 1632 2817 verbum
1651 2773 1759 2815 στέλ-

1096 2839 1202 2884 λειντ,
1229 2849 1251 2872 a
1280 2849 1357 2888 quo
1370 2843 1497 2872 tamen
1516 2835 1581 2885 qui
1602 2831 1754 2869 formari

1094 2893 1259 2943 potuerit
1280 2887 1517 2934 ἐσταλάδατο
1533 2902 1636 2940 pro
1622 2887 1753 2926 ἐσταλ-
