1815 3181
381 196 465 237 150
787 193 1257 230 HERODOTI

47 314 306 383 ggiitffisnfhsgigg-
359 303 618 360 3σαμένοισι
649 302 832 357 ἄμεινον
872 303 1168 346 συνοίσεσθαι.
1230 301 1490 356 ἐπειρώτεον
1520 296 1584 345 ὦν
1613 302 1712 344 οῑ85

47 385 133 413 lacta
150 384 296 420 oleagina

325 488 423 525 ferat
454 501 499 524 eo
530 487 634 538 quod
662 501 798 525 omnes
837 490 994 528 nutriat.

327 547 394 583 Tu
420 543 498 581 vid.
528 545 707 582 Creuzer.
737 546 915 596 Symbol.
941 545 996 582 IV

327 616 366 654 p.
389 602 470 642 304
503 601 589 639 coll.
612 603 655 640 C.
678 602 723 639 Ο.
743 603 894 639 Miiller.
915 603 997 638 Ae-

327 659 461 709 ginett.
482 670 519 708 p.
546 660 636 706 171,
658 659 725 711 qui
753 657 997 696 Valckenae-

327 716 475 752 rianam
503 712 780 752 derivationem
797 717 901 752 vocis
916 719 998 753 Δα-

330 772 426 821 μίης
447 770 690 808 falsissimam
706 785 786 809 esse
805 771 897 809 inde
914 772 998 808 col-

327 829 395 878 ligi
421 828 524 873 vult,
558 828 663 880 quod
693 828 892 866 Herodoto
912 835 999 865 tum

331 883 562 935 appellanda
581 886 712 923 fuisset
736 886 887 936 Δημίη.
947 887 998 921 Et

330 954 425 978 mox
454 954 494 992 p-
540 945 620 982 172
661 944 714 979 ita
754 943 997 993 pronuntiat:

332 998 466 1046 „Quae
486 1000 615 1036 nescio
637 1011 696 1037 an,
708 1001 795 1036 satis
808 1000 1000 1051 probave-

332 1056 428 1102 rint,
471 1055 512 1090 in
554 1056 802 1106 religionibus
840 1056 1001 1092 Damiae

333 1118 371 1148 et
390 1112 581 1148 Auxesiae
593 1125 788 1163 superesse
802 1113 1002 1163 fragmen-

331 1175 417 1205 tum
467 1167 664 1206 doctrinae
711 1171 1001 1217 vetustissimae,

334 1224 439 1277 quod
458 1231 501 1261 ut
522 1239 612 1262 cum
642 1226 845 1263 Eleusiniis
867 1233 903 1263 et
925 1226 1000 1263 Sa-

332 1280 554 1319 mothraciis
588 1289 721 1334 aptum
751 1290 806 1320 est
837 1289 875 1320 et
904 1295 1001 1319 con-

333 1340 531 1375 iunctum:
554 1340 606 1376 ita
622 1341 653 1376 si
668 1338 761 1392 quid
777 1339 893 1387 aliud,
910 1352 1002 1390 my-

333 1396 446 1432 steria
466 1396 726 1447 Peloponnesi
751 1409 842 1433 cum
861 1397 1002 1433 Italicis

338 1453 545 1489 arctissime
555 1454 761 1490 connectit.
784 1452 885 1499 Quid
898 1453 1004 1489 enim

334 1509 516 1560 mysteria
553 1517 642 1547 sunt
675 1511 747 1547 nisi
794 1523 1002 1557 sacrorum,

336 1577 435 1618 quae
456 1567 550 1603 olim
568 1580 638 1617 per
662 1573 784 1604 totam
804 1567 1007 1604 Graeciam

336 1623 515 1672 evulgata
547 1623 718 1671 fuerant,
767 1624 1006 1674 irrumpente

337 1691 359 1715 e
387 1681 659 1730 septemtrione
687 1680 815 1717 feriori
848 1681 1005 1731 populo,

338 1734 583 1773 disiectorum
620 1737 836 1787 fragmenta
850 1767 859 1785 ‚
907 1749 1007 1789 quae

340 1791 444 1843 apud
473 1800 606 1843 gentes
649 1793 835 1846 quasdam
863 1795 1004 1844 passim

339 1847 633 1887 delituerant?“
690 1851 749 1887 Ac
777 1852 938 1886 Damiae
968 1856 1006 1887 et

338 1907 530 1943 Auxesiae
551 1919 657 1944 sacra
676 1907 791 1944 fuisse
813 1919 953 1943 arcana
968 1913 1005 1943 et

340 1962 390 1999 ad
425 1964 606 2015 mysteria
635 1965 883 2014 pertinuisse,
924 1964 1006 2015 ipsa

339 2020 466 2056 Nostri
479 2021 596 2056 verba
615 2021 660 2068 V,
683 2021 735 2061 83
757 2020 824 2057 fin.
859 2019 933 2059 εἰσὶ
964 2018 1007 2059 δέ

341 2087 414 2125 σφι
430 2074 499 2114 καὶ
520 2073 688 2127 ἅῤῥητοι
719 2075 892 2129 ἷροργίαι
919 2077 1009 2114 satis

340 2131 512 2169 indicant
541 2133 732 2184 simulque
762 2134 886 2170 omnis
910 2131 1007 2169 haec

338 2189 503 2225 narratio
523 2189 562 2225 iu
573 2196 746 2226 mentem
764 2189 874 2226 nobis
893 2202 1008 2226 revo-

341 2252 402 2282 cat
413 2246 650 2296 Aegyptiace
662 2251 775 2297 atque
789 2242 982 2282 Eleusinia
994 2257 1005 2281 :

343 2303 485 2354 quippe
500 2303 541 2337 iu
563 2315 639 2354 qua
658 2302 768 2352 plura
783 2308 884 2348 sunt,
907 2314 1006 2353 quae

341 2359 478 2395 merito
500 2357 645 2395 attendi
664 2359 769 2395 iubet
798 2358 1006 2395 Creuzerus

343 2415 368 2454 l.
400 2415 426 2451 l.
456 2415 507 2451 IV
536 2427 626 2466 pag.
647 2413 729 2456 45:
769 2416 1008 2465 superstitio-

343 2483 436 2507 nem
467 2469 553 2508 dico
583 2471 690 2507 illam
720 2469 768 2507 de
798 2473 860 2519 vi,
889 2483 1009 2522 quam

343 2528 544 2578 signorum
582 2526 827 2580 quorundam
875 2526 1009 2564 afferat

345 2585 570 2635 praesentia,
595 2597 616 2620 e
637 2583 743 2621 sacra
758 2584 892 2620 arbore
913 2597 1010 2620 con-

346 2641 560 2689 fectorum,
605 2641 749 2677 oraculi
786 2641 931 2677 iussum
962 2639 1010 2676 de

347 2698 466 2747 signis
500 2696 549 2734 ad
578 2697 722 2733 famem
741 2695 1010 2748 depellendam

348 2753 538 2804 erigendis
596 2753 772 2805 ludisque
827 2752 1008 2790 hilaribus

349 2809 648 2859 constituendis3
677 2823 776 2863 quae
796 2810 875 2861 ipsa
897 2823 918 2847 a
947 2811 1009 2847 lu-

1054 488 1111 525 dis
1141 489 1407 525 Romanorum
1447 486 1716 537 antiquissimis

1054 558 1098 582 ac
1132 545 1367 581 lectisterniis
1401 545 1442 580 in
1471 544 1569 593 pesti
1596 543 1718 580 aliave

1055 602 1271 639 calamitate
1307 600 1389 636 fieri
1409 600 1525 637 solitis
1545 612 1625 636 non
1646 598 1718 636 ad-

1053 657 1216 695 modum
1247 656 1465 697 abhorrent,
1524 657 1607 701 Quo
1641 656 1720 692 mi-

1052 728 1126 752 nus
1155 727 1246 751 cum
1274 712 1475 751 Welcker.
1506 711 1719 761 (Zeitschr.

1052 772 1116 808 fiir
1136 769 1276 808 Gesch.
1290 770 1328 807 d.
1349 772 1473 807 Kunst
1490 771 1606 821 Ipag.
1619 769 1720 820 130)

1055 829 1222 866 Damiam
1237 826 1350 864 deam
1368 828 1583 877 intelligam
1602 838 1721 878 equos

1056 886 1227 923 curribus
1246 886 1475 934 iungentem
1503 883 1721 933 (Einspan-

1057 943 1190 992 πενίη),
1214 939 1546 992 quemadmodum
1571 941 1723 990 Neptu-

1058 1012 1131 1036 nus
1151 999 1369 1035 inveniatur
1388 1000 1570 1049 Λαμαῖος
1602 998 1722 1033 item—

1058 1069 1134 1107 que
1176 1055 1444 1106 Hippodamia,
1494 1054 1725 1105 Astydamia,

1064 1111 1286 1159 Laodamia,
1317 1112 1390 1148 alia
1409 1110 1450 1148 id
1479 1124 1615 1162 genus.
1663 1111 1724 1146 De

1059 1169 1218 1207 Δια-θεία
1246 1170 1300 1205 ita
1327 1168 1480 1204 Mffller.
1509 1169 1536 1204 l.
1565 1168 1594 1204 l.
1632 1179 1722 1218 pag.

1061 1228 1139 1267 171
1156 1238 1166 1263 ε
1203 1226 1374 1262 Auxesia
1400 1231 1502 1261 certe
1520 1237 1666 1261 nomen
1687 1229 1726 1260 et

1056 1284 1185 1320 Horae
1205 1289 1242 1319 et
1263 1283 1439 1329 Gratiae,
1481 1294 1579 1333 quae
1601 1275 1724 1327 Αὕξαῗ

1058 1339 1216 1386 dicitur,
1255 1340 1421 1376 Pausan.
1446 1339 1516 1385 IX,
1538 1336 1605 1378 35.
1635 1338 1726 1374 Pol-

1056 1398 1127 1434 qu
1147 1397 1248 1442 VIII,
1273 1398 1352 1436 106
1373 1395 1514 1431 referre
1532 1393 1724 1431 videtur.“

1058 1455 1103 1489 In
1126 1453 1296 1490 clausula
1317 1451 1477 1501 addam,
1518 1452 1560 1487 in
1593 1451 1726 1502 splen-

1063 1509 1258 1547 didissima
1293 1522 1454 1560 operum
1482 1509 1725 1559 Aeginetico-

1061 1581 1150 1604 rum
1171 1567 1405 1613 collectione,
1419 1579 1516 1617 quae
1526 1578 1629 1601 nnnc
1637 1565 1727 1602 Μο-

1061 1623 1177 1661 nachi
1185 1630 1366 1669 servatur,
1377 1622 1523 1672 figurae
1535 1621 1632 1658 duae
1640 1635 1726 1658 mu-

1061 1682 1200 1718 lierum
1237 1681 1345 1717 brevi
1373 1686 1515 1716 statura
1546 1686 1581 1715 et
1601 1677 1728 1715 forma

1065 1736 1168 1790 quod
1182 1750 1250 1788 pro
1266 1736 1400 1774 Damia
1421 1743 1457 1772 et
1476 1737 1636 1773 Auxesia
1654 1734 1729 1771 ha·-

1063 1795 1223 1840 bentur,
1278 1792 1319 1830 id
1362 1793 1470 1829 mer-:2
1509 1790 1729 1835 coniectura

1061 1850 1159 1888 mihi
1189 1851 1260 1886 uiti
1298 1847 1463 1886 videtur.
1532 1847 1620 1886 Vid.
1649 1850 1730 1885 Be-

1062 1906 1295 1957 schreibung
1314 1905 1381 1943 der
1393 1904 1633 1957 Glyptothek
1651 1918 1729 1942 von

1062 1965 1207 2001 Klenze
1230 1970 1267 1999 et
1288 1962 1438 2000 Schorn
1453 1977 1492 2013 p.
1506 1965 1572 2003 60.
1594 1963 1730 2014 Neque

1065 2023 1169 2058 enim
1183 2019 1396 2073 quidquam
1408 2018 1659 2067 habentiflae,
1682 2032 1732 2055 ex

1064 2091 1140 2130 quo
1162 2090 1293 2114 revera
1313 2078 1493 2113 Damiam
1508 2081 1546 2112 et
1564 2077 1732 2112 Auxesi-

1064 2148 1129 2171 am
1147 2134 1420 2185 repraesentari
1447 2132 1574 2182 colligi
1601 2133 1731 2182 possit.

1121 2188 1289 2241 ἄμεινον
1313 2189 1592 2237 συνοίσεσθαι]
1618 2189 1730 2227 Conf-

1063 2247 1109 2294 v,
1145 2245 1238 2286 114.
1268 2246 1332 2293 lv,
1363 2244 1443 2286 156
1477 2246 1565 2282 0011.
1598 2246 1681 2293 vn,
1704 2247 1729 2285 8

1065 2303 1102 2349 ξ.
1128 2305 1145 2342 1
1181 2301 1275 2351 (ubi
1296 2301 1573 2353 συμφέρεσθαι
1602 2300 1652 2348 ἐς
1678 2297 1732 2340 τὸ

1065 2356 1260 2410 ἄμεινον)
1293 2365 1330 2395 et
1360 2359 1399 2395 in
1420 2372 1526 2411 seqq.
1549 2357 1596 2395 ad
1617 2359 1731 2409 geni-

1064 2417 1162 2452 tivos
1199 2416 1349 2466 χαλκοῦ
1377 2411 1406 2466 ἢ
1445 2417 1567 2454 λίθου
1592 2413 1730 2452 Matth.

1067 2472 1134 2509 Gr.
1157 2472 1223 2508 Gr.
1245 2485 1335 2523 pag.
1358 2473 1451 2512 688.
1485 2472 1552 2509 Cr.
1583 2471 1732 2508 confert

1066 2527 1266 2565 Heindorf.
1288 2528 1336 2565 ad
1357 2529 1509 2565 Platon.
1528 2528 1669 2579 Cratyl.
1692 2528 1732 2574 §.

1069 2585 1122 2626 50
1153 2598 1242 2636 pag.
1273 2587 1340 2626 79.
1383 2607 1437 2612 ——
1489 2583 1732 2624 ποιέωνται

1068 2643 1239 2693 rescripsi
1261 2655 1330 2693 pro
1351 2640 1553 2681 ποιέονται
1567 2670 1576 2687 ,
1598 2647 1641 2677 ut
1662 2640 1730 2678 du-

1068 2697 1161 2734 dum
1218 2700 1417 2736 voluerant
1465 2695 1651 2735 Valcken.
1693 2703 1731 2734 et

1066 2755 1234 2792 Werfer.
1252 2757 1290 2792 in
1312 2756 1412 2792 Actt.
1434 2752 1540 2805 phin.
1553 2755 1726 2794 Monacc.

1066 2813 1081 2847 1
1102 2824 1190 2863 pag.
1221 2814 1297 2853 231
1324 2819 1360 2849 et
1379 2824 1482 2848 nunc
1502 2817 1602 2848 recte
1624 2808 1728 2848 dedit
