1851 3181
399 217 485 259 552

807 212 1270 251 HERODOTI

398 325 505 378 τόξα
548 323 594 367 δὲ
631 322 873 366 παλίντονα
901 318 1019 378 εἶχον
1058 320 1168 376 πρὸς
1198 310 1338 375 δεξιὰ,
1370 317 1530 377 μακρά.
1589 322 1668 366 Λί-

396 393 553 443 θίοπες
574 391 620 435 δὲ
649 389 893 444 παρδαλέας
921 405 966 434 τε
993 389 1068 434 καὶ
1095 389 1294 441 λεοντέας
1322 387 1570 445 ἐναμμένοι,
1600 387 1668 432 τό-

401 462 453 513 ξα
484 460 529 504 δὲ
559 457 675 514 εἶχον
704 457 752 500 ἐκ
782 459 986 513 φοίνικος
1015 454 1191 513 σπάθης
1213 457 1480 513 πεποιημένα
1509 455 1725 512 μακρὰ,70

397 524 699 582 τετραπηχέων
727 522 810 570 οὐκ
820 523 1000 569 ἐλάσσω·
1030 523 1101 568 ἐπὶ
1117 524 1178 579 δὲ,
1206 526 1471 582 καλαμίνους
1492 522 1670 576 ὀϊστοὺς

346 690 444 730 quae
485 676 598 713 etiam
626 674 819 712 invenitur
837 674 920 723 VH,
939 673 1007 723 75,

347 734 551 785 exponitur
570 734 612 769 in
632 732 754 769 Gloss.
774 730 918 771 Herod.
948 731 1010 783 μί-

343 806 440 843 τρα,
474 789 630 836 ταινία,
677 783 877 839 διάδημα,
920 783 1012 839 ἱμά-

344 861 445 895 τιον,
491 842 619 896 ζώνη,
660 847 902 897 πορφυροῦν
947 843 1012 883 ἕν-

346 903 466 954 δνμα.
503 904 688 940 Timaeus
706 902 748 938 in
766 903 899 938 Lexic.
919 902 1013 938 Pla-

345 968 426 998 ton.
457 973 497 1010 p.
530 961 631 1000 129:
665 958 786 1010 ζειραί
800 969 810 979 ·
848 960 1012 1010 χιτῶνες

347 1012 728 1066 οἷνακεκολλαμένοι,
767 1016 834 1052 ubi
874 1013 1013 1052 Ruhn-

345 1072 439 1112 ken.
472 1073 584 1110 scribi
615 1072 762 1109 mavult
795 1067 1012 1111 ἄνακεκολ-

347 1128 538 1180 πωμένοι,
561 1136 604 1165 ut
631 1130 771 1166 tunicae
790 1130 1010 1179 intelligan-

347 1194 410 1224 tur
442 1188 479 1223 in
507 1187 621 1223 sinum
640 1185 847 1236 replicatae.
903 1187 1012 1223 Alius

348 1244 620 1294 grammaticus
647 1249 874 1293 exposuerat
901 1241 1013 1282 ἔνδυ-

351 1295 406 1351 poi
439 1315 499 1347 τι,
550 1296 574 1339 ὃ
609 1295 876 1339 ἐπενδύνοντο
918 1295 1012 1351 μετοῖ

350 1352 447 1403 τούς
461 1358 642 1406 χιτῶνας,
675 1352 806 1407 ὥσπερ
831 1355 1013 1407 ἐφεστρί-

352 1413 416 1452 δα.
446 1413 542 1449 Utut
571 1419 647 1460 est,
667 1411 706 1450 h.
725 1413 752 1450 l.
773 1414 936 1464 intelligi
955 1413 1016 1450 vi-

354 1468 465 1506 detur
503 1471 774 1507 vestimentum
811 1484 842 1507 s.
879 1482 1018 1521 sagum

353 1526 529 1577 amplum
541 1556 551 1574 ‚
571 1527 723 1576 largum
743 1539 787 1564 ac
805 1528 1015 1575 sinuosum,

351 1583 507 1634 reliquis
546 1583 712 1620 vestibus
749 1584 828 1621 sive
865 1585 1018 1621 tunicae

353 1637 648 1690 superindutum
660 1646 696 1676 et
704 1640 857 1690 cingulo
868 1652 1019 1677 sursum

357 1695 569 1733 adductum
590 1695 639 1733 ad
658 1696 878 1733 facilitatem
892 1698 1019 1733 inces-

355 1765 431 1790 SUS.
490 1752 596 1798 Quae
625 1752 762 1790 eadem
790 1760 845 1790 est
863 1760 1019 1791 senten-

357 1811 410 1847 tia
431 1809 530 1845 Galli
551 1811 777 1861 interpretis,
797 1811 907 1847 Miot‚

413 1861 509 1913 τόξα
520 1866 754 1915 παλίντονα]
782 1868 927 1917 Tangit
938 1867 1022 1903 Eu-

356 1920 468 1961 stath.
498 1921 548 1959 ad
575 1924 620 1960 Il.
648 1937 688 1974 p.
718 1922 811 1971 375,
843 1923 868 1963 9
888 1937 917 1962 s,
939 1924 1020 1964 283

359 1985 455 2016 extr.
478 1982 617 2027 et712‚
638 1982 692 2020 20
707 1993 736 2018 S.
750 1980 846 2028 598,
865 1983 932 2028 20,
954 1979 1021 2016 ubi

358 2042 462 2072 recte
483 2037 640 2086 exponit
659 2031 751 2084 τόξα
782 2035 847 2076 ἐπὶ
866 2034 1022 2087 θάτερα

360 2090 460 2143 μέρη
483 2089 698 2143 κλινόμενα
718 2094 744 2131 i.
758 2107 791 2130 e.
812 2106 933 2141 arcus,
955 2093 1022 2144 qui

360 2150 399 2185 in
413 2151 596 2198 utramque
619 2152 758 2198 partem
770 2149 916 2200 flexiles
927 2153 1021 2196 sunt,

360 2203 458 2241 tendi
469 2208 629 2254 possunt,
659 2205 731 2242 tela
766 2208 961 2256 reciproca,
980 2212 1024 2243 ut

360 2261 414 2297 ait
441 2261 565 2297 Attius
596 2260 698 2311 apud
733 2263 892 2299 Van-on.
912 2263 957 2299 L.
977 2264 1023 2299 L.

360 2317 413 2354 VI
438 2330 478 2367 p.
506 2318 559 2357 78
586 2323 744 2354 notante
771 2319 801 2355 I.
830 2319 1025 2368 Scaligero

362 2386 450 2424 pag.
484 2371 564 2414 144
596 2371 684 2424 (ed.
715 2373 853 2411 Dordr.
877 2374 1026 2424 1619).

362 2428 496 2469 Schol.
517 2428 565 2466 ad
580 2430 624 2466 Il.
644 2431 743 2479 VIII,
763 2433 846 2471 266
867 2432 1025 2481 exponit

364 2483 457 2534 τόξα
499 2485 555 2532 εἰς
593 2482 771 2526 τούπίσω
800 2483 1025 2538 τεινόμενα.

364 2541 467 2580 Add.
499 2541 683 2593 Sophocl.
721 2542 905 2581 Trachin.
945 2542 1026 2584 485

366 2598 481 2636 Both.
547 2601 640 2636 Mox
669 2601 909 2637 Florentiuus
941 2612 1029 2636 cum

367 2657 447 2693 aliis
477 2655 715 2707 προσδέξια;
763 2658 883 2693 malui
919 2657 1030 2708 equi-

370 2711 461 2749 dem
481 2711 698 2750 disiunctim
714 2712 826 2750 edere
847 2709 946 2764 πρὸς
966 2713 1031 2752 δε·

372 2765 448 2816 ξιᾶ,
471 2782 560 2806 cum
581 2771 842 2821 intelligantur
854 2782 961 2806 arcus
981 2769 1032 2807 ad

372 2824 531 2863 dextram
547 2827 697 2877 adpensi
712 2840 744 2865 s.
765 2827 933 2877 suspensi.

1120 673 1323 722 Αἰθίοπες
1350 671 1394 714 δὲ
1433 671 1663 726 παρδαλέας
1686 686 1728 713 τε

1066 728 1135 770 καὶ
1159 729 1339 778 λεοντέας
1373 729 1614 782 ἐναμμένοι]
1645 732 1671 767 i.
1692 743 1727 770 e.

1067 787 1251 838 Aethiopes
1295 787 1484 833 pardorum
1530 787 1731 837 leonumque

1062 843 1216 894 pellibus
1230 846 1363 892 amicti,
1377 843 1512 882 induti.
1547 842 1611 881 Ad
1630 842 1731 880 hanc

1068 902 1315 948 locutionem,
1328 900 1377 938 ad
1388 914 1505 953 quam
1513 902 1629 951 vulgo
1639 913 1732 951 sup-

1067 959 1175 1009 plent
1203 954 1350 1008 ὃοροὶν,
1389 956 1640 995 Valckenaer.
1662 970 1733 993 ex-

1069 1016 1198 1052 citavit
1208 1013 1401 1066 Aristoph.
1409 1016 1508 1052 Ran.
1519 1013 1615 1055 433-
1637 1014 1734 1051 001·-

1067 1078 1150 1109 nut.
1180 1072 1238 1108 De
1268 1078 1347 1108 nat.
1370 1071 1474 1108 deor.
1496 1073 1564 1111 27.
1584 1072 1734 1121 Harpo-

1068 1135 1162 1165 crat.
1181 1142 1260 1169 s.v.
1281 1129 1473 1180 νεβρίζων
1493 1127 1579 1166 coll.
1601 1126 1734 1165 Schol.

1068 1183 1266 1223 Theocrit.
1295 1186 1326 1233 Ι,
1357 1187 1382 1224 3
1414 1191 1452 1222 et
1481 1182 1656 1223 Eustath.
1686 1182 1736 1220 ad

1067 1240 1176 1280 Iliad.
1200 1242 1257 1277 III
1277 1254 1313 1292 p.
1343 1243 1438 1290 283,
1460 1239 1528 1281 43.
1557 1241 1644 1277 Alia
1665 1239 1737 1277 da·-

1068 1300 1166 1336 bunt
1194 1299 1428 1349 Wesseling.
1459 1296 1508 1334 ad
1527 1296 1685 1335 Diodor.
1704 1298 1736 1345 Ι,

1074 1359 1123 1397 11
1149 1362 1186 1392 et
1203 1356 1400 1392 Lambert.
1421 1355 1577 1392 Bos,De
1599 1354 1739 1405 ellipss.

1070 1424 1161 1464 pag.
1192 1411 1287 1453 115.
1343 1413 1402 1448 De
1444 1412 1648 1448 accusativi
1674 1423 1739 1447 ra-

1072 1471 1189 1517 tione,
1221 1469 1288 1520 qui
1312 1469 1429 1506 verbo
1459 1468 1607 1519 passivo
1628 1466 1739 1504 addi-

1073 1533 1147 1574 tur,
1168 1524 1246 1563 vid.
1267 1524 1404 1563 Matth.
1416 1525 1482 1564 Gr.
1504 1525 1571 1562 Gr.
1593 1521 1739 1571 §.424,

1073 1585 1100 1623 2
1129 1595 1219 1633 pag.
1242 1584 1340 1623 781.
1409 1583 1468 1618 De
1488 1579 1741 1632 Aethiopibus

1074 1639 1178 1676 conf.
1196 1640 1263 1686 111,
1289 1641 1352 1679 17.
1373 1640 1442 1678 97.
1497 1640 1635 1676 Nostro
1654 1638 1740 1674 loco

1075 1696 1174 1732 bene
1197 1696 1317 1731 utitur
1343 1695 1508 1731 Heeren.
1528 1694 1662 1731 Ideen.
1690 1694 1740 1741 11,

1079 1755 1099 1792 1
1123 1765 1162 1802 p.
1193 1754 1274 1793 370
1295 1749 1344 1788 ad
1365 1749 1610 1802 explicandas
1640 1751 1743 1786 ima—

1076 1809 1184 1859 gines
1213 1809 1475 1846 monumentis
1500 1807 1637 1846 veteris
1655 1808 1743 1843 Ma.-

1076 1868 1163 1902 roes
1190 1865 1419 1916 insculptas,
1447 1865 1488 1901 in
1515 1865 1652 1917 quibus
1671 1863 1743 1900 viri

1076 1921 1292 1959 istiusmodi
1318 1922 1480 1973 pellibus
1522 1920 1649 1958 induti
1679 1920 1743 1956 in-

1075 1980 1295 2026 veniuntur,
1331 1976 1540 2029 Aethiopes
1571 1978 1630 2026 (ut
1649 1977 1743 2014 scite

1077 2036 1231 2072 coniicit
1253 2035 1446 2085 Heeren.)
1475 2035 1566 2072 victi
1595 2034 1642 2071 ab
1663 2034 1744 2070 Ae-

1077 2121 1101 2143 g
1130 2093 1217 2143 ptiis
1238 2093 1370 2129 Meroe
1391 2098 1622 2142 expugnata.

1131 2148 1173 2188 ἐκ
1185 2148 1371 2199 φοίνικος
1383 2142 1566 2198 σπάθης]
1580 2147 1666 2184 Una
1679 2145 1745 2183 Al-

1080 2204 1170 2242 dina
1191 2205 1402 2255 ‹powlnm’3
1422 2205 1559 2255 reliqui
1577 2204 1663 2240 libri
1682 2216 1746 2239 re·-

1080 2269 1140 2299 cte
1161 2262 1359 2311 φοίνικος.
1417 2261 1528 2298 Conf.
1554 2261 1696 2297 Pollux
1713 2260 1744 2307 1,

1084 2319 1178 2358 138.
1218 2315 1310 2357 144.
1346 2313 1515 2367 σπάθην
1545 2315 1747 2367 Schweig-

1081 2373 1285 2410 haeuserus
1305 2374 1575 2424 interpretatur
1592 2385 1742 2411 ramum.

1080 2431 1139 2466 De
1170 2431 1309 2467 cortice
1337 2431 1488 2481 palmae
1523 2430 1665 2468 arboris
1683 2428 1748 2467 hio

1082 2487 1144 2537 agi
1182 2493 1291 2538 putat
1310 2489 1426 2536 Miot‚
1467 2487 1599 2525 Gallus
1627 2488 1749 2524 inter-

1083 2556 1182 2594 pres.

1142 2595 1303 2646 ὄϊστοῦς
1323 2597 1509 2650 μικρούς]
1540 2599 1605 2638 Sic
1624 2597 1749 2636 Medi-

1085 2670 1174 2693 ceus
1194 2670 1285 2693 cum
1305 2657 1421 2693 tribus
1442 2657 1536 2694 aliis.
1594 2657 1639 2692 In
1659 2656 1750 2692 Flo-

1085 2714 1235 2750 rentIno
1245 2713 1402 2764 aliisque
1413 2713 1552 2764 legitur
1561 2706 1749 2763 μακροῦς,

1086 2769 1192 2821 quod
1219 2771 1426 2821 repositum
1452 2770 1534 2806 vult
1568 2765 1748 2805 Larcher.

1089 2825 1316 2865 Schaeferus
1327 2825 1432 2864 dedit
1441 2820 1748 2877 σμικρούς,ᾳοοᾶ
