1851 3181
58 427 182 454 nit-nses
210 431 317 462 peten-
518 461 528 474 ν
567 460 575 474 =
690 457 699 471 ¹

76 461 82 467 .
214 463 221 468 .
238 461 245 467 .
433 463 440 474 ,

57 461 143 522 {2¹:532
152 462 334 523 {²¹¹{L¹‹¹1⁰0Y1‘1³n
390 478 472 518 '⁶²2²‘
511 476 581 503 ⁸⁷⁵⁶
618 469 755 513 σφεας

59 528 258 562 audivissent,
280 538 334 565 pa-

58 570 126 589 rum
143 562 224 590 inter
245 564 315 591 illos

57 595 240 632 convenire,
260 605 334 624 non-

57 629 222 664 nullosque
234 631 310 658 adeo

57 663 259 698 proditionem
270 673 333 692 me-

60 696 162 732 ditari,
177 699 331 726 continen-

59 735 122 758 tem
141 736 297 769 repetunt.

389 218 473 258 366

232 329 332 375 100
388 326 664 381 παρέστησαν
706 322 749 373 ἐς
791 326 880 366 τῶν
923 321 1130 378 Περσέων
1169 322 1251 379 τήν
1287 322 1474 381 γνώμην,

59 392 191 420 Eretriis
211 393 301 421 Athe-

796 214 1256 251 HERODOTI

1539 322 1654 377 Ἑρε-
1664 331 1709 364 35

390 394 526 448 τριέες
556 392 622 444 δὲ,
664 389 995 445 πυνθανόμενοι
1030 390 1111 448 τήν
1141 390 1349 448 στρατιήν
1388 392 1467 447 τήν
1498 395 1654 445 Περσι-

784 458 1099 512 ἐπιπλέουσαν,
1131 456 1375 516 Ἀθηναίων
1414 460 1653 517 ἐδεήθησαν

363 531 521 584 Ξσφίσι
556 524 756 584 βοηθούς
797 527 1014 582 γενέσθαι.

390 611 529 639 παντο
567 594 647 650 τὴν
678 594 955 651 ἐπικουρίην,
998 593 1107 640 ἀλλὰ
1145 595 1250 647 τούς
1288 597 1653 651 τετρακισχιλίους

387 662 730 718 κληρουχέοντας
757 667 845 706 τῶν
877 664 1150 720 ἱπποβοτέων
1180 665 1433 708 Χαλκιδέων
1461 663 1542 719 τήν
1570 662 1655 719 χώ-

1081 525 1307 585 Ἀθηναῖοι
1345 528 1390 573 δὲ
1420 527 1503 571 οὐκ
1533 526 1653 571 ἀπεί-

390 747 493 787 ρην,
531 729 717 782 τούτους
754 744 833 789 σφι
870 735 1045 776 διδοῦσι
1072 731 1303 788 τιμωρούς.
1351 736 1439 777 τῶν
1469 732 1515 775 δὲ
1539 729 1711 784 'Eos-40

361 797 549 852 δτριέων
577 793 633 854 ἦν
661 799 747 854 ἄρα
777 800 910 844 οὐδὲν
947 801 1066 856 ὑγιὲς
1095 799 1342 856 βούλευμα·
1385 803 1429 844 οἳ
1457 800 1653 855 μετεπέμ-

388 881 526 909 ποντο
555 866 635 922 μὲν
662 866 937 923 Ἀθηναίους,
970 869 1186 926 ἐφρόνεον
1216 869 1262 913 δὲ
1291 870 1498 925 διφασίας
1526 867 1655 918 ἰδέας.

390 936 433 978 οἱ
460 935 540 990 μὲν
569 935 651 992 γὰρ
680 935 825 980 αὐτῶν
866 937 1153 994 ἐβουλεύοντο
1190 937 1380 981 ἐκλιπεῖν
1418 935 1497 992 τὴν
1524 933 1656 978 πόλιν

332 1132 389 1167 De
430 1131 511 1182 ipso
551 1130 668 1169 verbo
706 1132 809 1169 conf.
846 1134 910 1182 IV,
939 1135 992 1174 76

331 1189 461 1239 ibique
480 1195 577 1226 nott.
599 1195 636 1225 et
657 1187 705 1224 ad
726 1184 875 1239 νήσους
895 1196 991 1228 nott.

331 1244 381 1281 ad
400 1245 446 1293 V,
475 1246 542 1284 30.
589 1246 647 1281 De
670 1244 819 1296 Carysto
840 1246 917 1284 vid.
928 1247 992 1295 IV,

332 1304 400 1342 33.
430 1300 533 1339 Add.
562 1302 753 1339 Mannert.
790 1303 878 1340 VIII
903 1316 992 1355 pag.

333 1360 416 1399 262
446 1371 525 1410 seq.

389 1409 885 1468 παρέστησαν-γνώμην]
901 1416 993 1452 Ple-

331 1471 417 1508 nius
437 1470 499 1508 hic
520 1473 656 1509 Noster
674 1473 824 1510 locutus
844 1479 912 1513 est.
935 1473 995 1510 Cf.

331 1534 425 1565 nott.
446 1527 495 1566 ad
514 1530 582 1578 ΙΙΙ,
607 1532 668 1569 13.

588 1619 679 1670 Cap.
705 1618 749 1655 C.

391 1693 699 1748 πυνθανόμενοι
714 1719 771 1725 -—-
787 1697 994 1738 ἐπιπλέου-

332 1755 435 1802 σαν]
467 1754 552 1792 Vid.
579 1753 763 1791 Matthiae
784 1756 849 1791 Gr.
871 1756 935 1793 Gr.
956 1769 994 1806 p.

334 1814 464 1859 1076,
506 1812 572 1864 qui
610 1811 716 1848 idem
754 1824 842 1862 pag·
886 1811 992 1853 1055

331 1869 476 1904 consul.
521 1867 569 1904 ad
608 1869 724 1905 verba
763 1864 995 1919 ἐδεήθησαν

331 1925 447 1972 σφίσι
466 1940 502 1963 κ.
522 1939 554 1962 τ.
575 1927 610 1963 λ.
667 1924 731 1962 Ad
750 1926 867 1962 verba
887 1938 994 1978 seqq.

329 1977 426 2019 ἄλλα
452 1978 546 2028 τούς
583 1982 916 2033 τετρακισχιλίους
956 1997 992 2021 κ.

330 2052 363 2075 τ.
393 2040 426 2075 λ.
461 2038 561 2075 conf.
591 2039 636 2085 V,
659 2042 713 2079 77
748 2040 877 2090 ibique
899 2046 992 2076 nott.

330 2092 392 2130 Ad
403 2095 637 2130 locutionem
651 2090 768 2134 οὐδὲν
776 2093 884 2148 ὑγιὲς
894 2092 994 2147 βού-

330 2152 453 2200 λευμα
477 2151 576 2187 conf.
597 2151 626 2197 Ι,
649 2153 686 2191 8.

385 2205 582 2257 ἐφρόνεον
601 2204 643 2245 δὲ
656 2208 844 2256 διφασίας
865 2207 991 2258 ἰδέας]

329 2264 355 2302 i.
377 2277 408 2300 e.
438 2266 475 2300 in
510 2263 602 2300 duas
636 2266 825 2301 sententias
857 2265 991 2301 divisas

329 2319 494 2356 abierant
525 2333 554 2356 s.
595 2320 819 2357 diversimode
853 2324 991 2370 cogita-

330 2377 426 2413 bant.
485 2375 595 2412 Conf.
617 2376 679 2423 VI,
706 2379 797 2417 119.
828 2378 902 2413 Pro
914 2373 989 2415 αύ-

329 2430 428 2471 τέων
452 2430 539 2469 dedi
561 2427 705 2470 αὐτῶν.

387 2488 563 2528 ἐκλιπεῖν
600 2486 676 2538 τήν
706 2484 826 2527 πόλιν
865 2487 904 2534 ἐς
942 2486 989 2527 vo?

331 2541 436 2596 ἄκρα
452 2547 523 2596 τῆς
549 2540 758 2596 Εύβοίης]
801 2546 990 2582 Sancrofti

331 2602 447 2650 liber,
479 2600 684 2638 accedente
719 2602 849 2638 Valla:
890 2600 989 2640 ἐκλι-

331 2662 422 2697 πεῖν
442 2656 515 2707 τήν
540 2654 658 2697 πόλιν
691 2656 775 2696 καὶ
806 2657 989 2697 ἐλθεῖν

333 2713 372 2760 ἐς
393 2711 439 2753 τοὶ
463 2713 566 2766 ἄκρα
588 2729 622 2752 τ.
649 2717 696 2752 Ε.
729 2727 805 2766 quo
836 2715 991 2764 supple-

333 2778 463 2808 mento
485 2772 594 2808 facile
615 2771 838 2808 carebimus.
881 2772 989 2808 Cous.

332 2827 432 2876 VIII,
452 2828 517 2869 50.
545 2825 804 2866 Heinsterhus.
833 2826 881 2864 ad
902 2829 991 2865 Ari-

1049 1132 1174 1185 stoph.
1195 1134 1296 1170 Plut.
1323 1135 1443 1173 1170.
1476 1130 1612 1170 Matth.
1643 1132 1709 1172 Gr.

1051 1191 1115 1228 Gr.
1135 1204 1172 1242 p.
1196 1187 1316 1229 1143.
1345 1186 1393 1227 τοὶ
1418 1185 1522 1241 ἄκρα
1551 1202 1580 1226 S.
1602 1189 1645 1227 αἳ
1663 1185 1711 1227 ἅ-

1039 1262 1141 1299 ·κραι
1168 1247 1349 1282 Euboeae
1366 1276 1376 1294 ,
1416 1244 1463 1282 ad
1495 1258 1587 1298 quas
1615 1245 1711 1282 urbe

1049 1305 1180 1341 relicta
1200 1316 1239 1339 se
1249 1303 1418 1354 recipere
1438 1304 1713 1339 constituerant

1049 1361 1198 1397 incolae
1211 1389 1222 1407 ,
1257 1372 1378 1411 quum
1397 1360 1488 1395 illuc
1507 1361 1716 1396 Persarum

1049 1418 1174 1454 classis
1195 1415 1376 1452 accedere
1396 1429 1475 1453 non
1494 1422 1631 1468 posset,
1652 1416 1713 1453 vi-

1051 1474 1190 1512 dentur
1234 1486 1313 1509 esse
1352 1472 1535 1511 Euboicae
1580 1475 1711 1519 cautes,

1051 1544 1145 1584 quas
1183 1536 1312 1566 narrat
1349 1530 1483 1580 virgil.
1514 1531 1611 1566 Aen.
1641 1530 1710 1577 XI,

1051 1584 1165 1635 260,'
1185 1588 1271 1623 sitas
1292 1587 1332 1622 in
1361 1599 1405 1622 ea
1424 1588 1569 1623 insulae
1589 1592 1708 1636 parte,

1052 1645 1115 1681 cui
1135 1656 1279 1680 nomen
1298 1640 1346 1681 τοὶ
1370 1645 1498 1682 Κοῖλα
1528 1639 1711 1694 Εὖβοίας

1048 1713 1078 1740 s.
1103 1699 1231 1747 Coela,
1251 1706 1295 1735 ut
1319 1697 1452 1736 Livius
1479 1701 1531 1736 ait
1559 1700 1719 1747 XXXI„

1050 1756 1117 1797 47.
1154 1757 1209 1793 Cf.
1223 1763 1319 1793 nott.
1335 1755 1384 1792 ad
1398 1757 1497 1804 VIII,
1519 1758 1582 1797 13.
1604 1756 1710 1801 Quae

1050 1814 1228 1850 cavitates
1256 1826 1287 1849 s.
1316 1826 1429 1864 rupes
1456 1814 1556 1849 intra
1588 1813 1710 1864 Cary—

1049 1877 1152 1907 stum
1181 1877 1218 1906 et
1249 1870 1474 1906 Geraestum
1505 1868 1555 1906 ad
1580 1870 1711 1906 orien—

1049 1927 1167 1964 talem
1199 1924 1367 1978 (neque,
1397 1933 1439 1963 ut
1461 1926 1540 1963 aliis
1556 1927 1710 1977 placuit,

1051 1982 1100 2020 ad
1120 1982 1415 2034 occidentalem)
1438 1995 1545 2019 oram
1564 1983 1710 2020 insulae

1049 2041 1169 2087 fuere,
1191 2041 1237 2076 ab
1257 2041 1345 2090 ipsis
1364 2040 1519 2077 urbibus
1539 2040 1710 2077 Eretriae

1049 2105 1163 2149 atque
1199 2095 1387 2133 Chalcidis
1417 2098 1603 2133 orientem
1621 2109 1710 2133 ver-

1048 2167 1110 2191 sus
1141 2160 1337 2204 porrectae
1366 2166 1488 2204 usque
1521 2152 1570 2189 ad
1589 2165 1708 2200 mare,

1047 2211 1216 2247 multum
1248 2210 1336 2245 illae
1365 2209 1522 2261 quidem
1547 2208 1710 2245 infames

1049 2267 1098 2303 ob
1123 2266 1296 2315 scopulos
1318 2278 1361 2301 ac
1387 2266 1556 2316 pericula
1582 2265 1709 2301 nautis

1049 2321 1137 2358 hinc
1161 2323 1411 2359 imminentia.
1444 2323 1561 2358 Plura
1582 2321 1708 2360 Strab.

1046 2380 1085 2416 X
1104 2392 1142 2428 p.
1163 2380 1244 2419 682
1262 2379 1307 2414 Β.
1328 2391 1356 2415 ε.
1382 2381 1488 2419 1266
1513 2379 1553 2416 C.
1612 2376 1708 2415 Phi-

1048 2435 1149 2472 iostr.
1165 2435 1211 2472 V.
1232 2435 1359 2485 Apoll.
1379 2436 1445 2479 Ill,
1467 2437 1532 2476 23.
1554 2435 1707 2474 Heroic.

1047 2493 1085 2529 X
1119 2493 1156 2536 ξ.
1182 2493 1229 2531 11
1265 2492 1380 2542 [pag.
1411 2493 1492 2531 716
1523 2492 1645 2529 Olear.
1666 2505 1705 2542 p.

1049 2547 1129 2590 164
1149 2547 1391 2596 Boissonad]
1423 2547 1603 2586 Herodot.
1623 2548 1705 2596 VII,

1052 2606 1141 2646 192.
1165 2603 1294 2642 schol.
1327 2603 1374 2642 ad
1393 2604 1565 2655 Euripid.
1588 2606 1704 2642 orest.

1049 2659 1142 2701 432.
1161 2661 1344 2712 Sophocl.
1361 2659 1502 2698 Trach.
1516 2663 1609 2701 801.
1631 2661 1704 2698 Dio

1048 2716 1238 2768 Chrysost.
1268 2719 1306 2754 in
1337 2718 1495 2755 Euboic.
1524 2731 1562 2768 p.
1584 2719 1637 2758 99
1656 2718 1702 2752 D·

1051 2776 1129 2814 100
1150 2774 1195 2810 Α.
1255 2774 1356 2820 Quos
1387 2775 1490 2812 locos
1516 2775 1703 2823 iuterpre-

1047 2836 1102 2866 tes
1122 2831 1337 2867 attulerunt.
