1851 3181
432 225 516 266 416
830 221 1292 260 HERODOTI

433 344 531 382 σιν,
570 332 643 375 καὶ
671 331 724 374 τὰ
764 331 807 383 ἐς
837 331 991 387 ἔρσενα
1030 330 1165 387 γόνον
1197 329 1363 387 ἄῤῥητα
1402 330 1475 386 ἱρὰ
1503 330 1695 388 ἐκφήνα-

404 406 522 444 4σαν
551 399 786 456 Μιλτιάδῃ.
817 397 846 454 ἦ
878 400 924 443 δὲ
958 400 1107 455 Πυθίη
1137 397 1219 442 οὐκ
1248 399 1311 450 ἔα,
1341 403 1474 455 φᾶσα,
1508 395 1589 450 ,,οὐ
1627 402 1694 441 Τι-
1707 404 1751 439 95

433 470 576 523 ,,μοῦν
605 465 716 510 εἶναι
744 466 825 524 τήν
850 469 990 524 αἰτίην
1010 466 1192 519 τούτων,
1225 465 1333 510 α’λλὰ
1363 469 1454 510 δεῖν
1481 466 1565 522 γὰρ
1587 469 1696 509 Μιλ-
1748 508 1751 511 .

433 533 609 588 ,,τιάδεα
648 539 852 579 τελευτᾶν
896 537 953 592 μὴ
993 531 1063 588 εὖ,
1106 537 1301 592 φανῆναί
1343 536 1385 577 οἱ
1423 538 1512 577 τῶν
1551 537 1700 577 κακῶν

434 603 772 660 ,,κατηγεμόνα.“
845 606 1055 657 Παρίοισι
1092 605 1171 658 μὲν
1211 604 1262 661 δὴ
1308 607 1444 646 ταῦτα
1482 600 1508 658 ἡ
1550 603 1700 658 Πυθίη

433 672 594 728 ἔχρησε.
652 670 876 728 Ἀθηναῖοι
913 672 958 715 δὲ
997 671 1042 714 ἐκ
1081 669 1240 724 Πάρου
1269 670 1511 714 Μιλτιάδεα
1543 669 1702 712 ἄπονο-

435 740 652 796 στήσαντα
683 739 808 795 ἔσχον
839 740 883 783 ἐν
915 739 1115 794 στόμασι,
1157 741 1203 783 οἳ
1228 755 1271 782 τε
1303 738 1446 788 ἄλλοι,
1477 738 1549 780 καὶ
1579 736 1699 792 μάλι-

430 820 508 851 στα
529 808 814 858 Ξάνθιππος,
846 807 868 850 ὁ
896 805 1180 863 Ἀρίφρονος·
1221 806 1268 859 ὂς
1298 806 1500 850 θανάτου
1529 803 1725 860 &napa-1

430 876 522 932 γῶν
562 876 647 920 ὑπὸ
689 875 766 919 τὸν
803 878 942 932 δῆμον
974 875 1237 928 Μιλτιάδεα,
1287 876 1436 919 ἐδίωκε
1475 876 1550 928 τῆς
1578 871 1701 928 Ἀθη-

402 948 573 989 Ξναίων
614 943 779 1000 άπάτης
815 945 986 987 εἵνεκεν.
1057 943 1302 999 Μλτιάδης
1341 942 1411 994 δὲ,
1451 939 1581 992 αὐτὸς
1622 941 1700 996 μὲν

433 1014 630 1068 παρεών,
661 1010 743 1057 οὐκ
778 1011 1056 1068 άπελογέετο·
1094 1009 1149 1068 ἦν
1187 1012 1269 1068 γὰρ
1311 1009 1526 1059 ἀδύνατος
1539 1042 1550 1061 ,
1592 1008 1701 1052 ὥστε

273 670 373 714 136

100 734 258 763 Miltiades
282 734 375 761 Athe-

99 779 155 798 nas
180 776 321 797 reversus
339 768 375 795 ob

100 802 328 839 expeditionem

99 837 225 865 Pasiam
246 844 369 862 accusa<

98 876 159 898 tur.
178 870 221 897 lbi
233 870 373 903 quoniam

98 905 177 940 ipse,
198 906 312 939 quippe
329 904 373 930 ἴθ-

98 947 183 966 more
201 946 304 973 aeger,
319 945 373 972 pro

101 981 134 999 se
155 972 259 999 (licere
277 980 340 998 uon

99 1009 219 1042 posset,
238 1005 332 1032 verba

101 1048 155 1075 pro
175 1046 210 1066 eo
230 1038 317 1066 amici
328 1038 375 1066 fa-

99 1074 200 1107 ciunt,
228 1078 259 1100 et
279 1072 375 1100 victo-

98 1107 177 1135 riam
200 1106 360 1134 Maratho—

100 1141 182 1170 niam
200 1144 230 1167 et
251 1140 362 1167 Lemni

100 1174 356 1211 expugnationem

100 1216 336 1236 commemoran-

100 1248 158 1273 tes.
195 1242 248 1270 Sic
269 1241 377 1279 capitis

432 1081 685 1140 σηπομένου
721 1084 801 1124 τοῦ
843 1084 999 1137 μηροῦ.

1067 1079 1360 1136 προκειμένου
1397 1078 1443 1122 δὲ
1483 1075 1622 1120 αὐτοῦ
1652 1077 1727 1120 ἐν5

434 1152 579 1207 κλίνῃ,
610 1148 1018 1204 ὑπεραπολογέοντο
1050 1150 1094 1191 οἱ
1123 1149 1262 1203 φίλοι,
1292 1151 1367 1203 τῆς
1394 1145 1529 1202 μάχης
1557 1161 1601 1188 τε
1623 1149 1700 1202 τῆς

434 1219 481 1264 ἐν
511 1221 764 1274 Μαραθῶνι
794 1216 1030 1273 γενομένης
1058 1215 1195 1259 πολλοὶ
1225 1215 1583 1272 ἐπιμεμνημένοι,
1625 1215 1699 1257 καὶ

375 1415 492 1453 futuri
504 1415 543 1451 in
558 1416 682 1453 verbis
704 1414 741 1454 εἰ
767 1412 1040 1467 καταχρήσον-

375 1487 441 1511 ται
471 1470 512 1521 (i.
531 1486 622 1509 enan
642 1472 885 1522 interficerent,
916 1486 963 1509 an
978 1475 1040 1509 in—

378 1530 532 1580 terficere
551 1531 637 1578 ipsis
667 1529 809 1578 liceret)
844 1528 921 1566 vid.
942 1535 1039 1566 nott.

377 1585 427 1622 ad
447 1586 509 1633 VI,
528 1588 580 1626 86
604 1587 641 1630 ξ.
663 1588 686 1625 3
705 1592 741 1622 et
764 1584 811 1621 de
822 1587 903 1636 ipso
923 1587 1039 1623 verbo

378 1649 475 1681 nott.
498 1641 545 1678 ad
564 1643 628 1689 IV,
655 1641 744 1682 146.
774 1641 1041 1679 Bekker.1na-

379 1700 461 1737 vult
481 1695 818 1749 καταχρήσωνται.

436 1752 701 1810 ε’κφῄνασαν]
755 1754 937 1804 φαίνειν,
983 1754 1044 1794 έκ-

381 1812 542 1859 φαίνειν
575 1812 646 1847 alia
677 1810 717 1847 id
745 1824 866 1861 genus
895 1813 1042 1863 saepius

380 1870 473 1920 poni
492 1870 532 1904 in
552 1881 747 1905 sacrorum
762 1867 956 1915 doctrina,
979 1881 1043 1904 ar-

382 1938 477 1962 cana
497 1927 729 1975 praesertim,
750 1926 903 1962 monuit
922 1926 1044 1962 Creu-

380 1996 456 2021 zer.
480 1983 655 2033 Symbol.
675 1984 692 2018 I
710 1995 797 2033 pag.
818 1985 881 2022 13.
940 1980 1044 2019 Add.

380 2038 527 2076 Herod.
561 2040 609 2086 ΙΙ,
639 2037 707 2079 49.
745 2039 896 2075 Libanii
914 2039 1045 2076 locum

382 2095 599 2132 Herodotea
628 2097 809 2132 imitantis
838 2097 890 2133 T.
910 2097 928 2132 I
953 2109 1045 2147 pag.

383 2151 463 2193 486
485 2153 610 2189 attulit
624 2153 858 2202 WVesseling.

441 2209 524 2248 δεῖν
556 2205 630 2259 γὰρ
667 2204 920 2257 Μιλτιάδεα]
961 2209 1047 2248 δεῖν

383 2263 445 2302 hic
466 2264 675 2315 significat:
706 2266 745 2302 in
758 2265 854 2315 fatis
873 2278 955 2312 esse,
964 2264 1047 2315 fato

384 2324 620 2367 constitutum,
644 2320 819 2358 decretum
841 2335 931 2368 esse,
953 2328 995 2358 ut
1014 2322 1045 2369 I,

383 2380 423 2419 8.
442 2379 506 2426 IV,
528 2379 595 2418 79.
616 2378 663 2424 Π,
680 2379 769 2433 162.
789 2379 858 2424 IX,
874 2379 951 2417 109
973 2384 1044 2414 etc.

383 2456 439 2461 ——
458 2436 517 2471 De
536 2434 672 2471 vocula
702 2434 745 2472 εὐ
768 2435 974 2485 postposita
995 2433 1043 2471 cf.

381 2491 427 2539 V,
448 2494 502 2533 27
522 2491 614 2542 ibiq.
637 2496 734 2529 nott.

553 2592 646 2643 Cap.
662 2590 875 2629 CXXXVI.

442 2660 554 2712 ἔσχον
585 2660 627 2700 ἓν
657 2656 849 2710 στόμασι]
892 2659 917 2694 i.
943 2671 976 2696 e.
1008 2660 1045 2695 in

387 2731 444 2756 ore
456 2719 638 2756 habebant.
671 2718 758 2753 Duo
771 2714 882 2753 codd.
899 2714 942 2754 ἐν
954 2710 1045 2754 στό-

387 2790 489 2825 ματι,
512 2774 615 2827 quod
636 2772 830 2812 Schaefer.
853 2778 889 2808 et
909 2770 1045 2808 Matth.

386 2838 622 2884 receperunt.
683 2831 741 2882 *At
767 2827 844 2869 vid.
875 2829 942 2877 111,
965 2828 1045 2869 157

1097 1414 1181 1464 (ubi
1200 1415 1241 1450 in
1261 1420 1352 1450 nota
1371 1427 1409 1464 p.
1423 1415 1504 1454 269
1516 1425 1583 1464 pro
1594 1413 1659 1461 VI,
1681 1414 1705 1452 3
1719 1414 1758 1460 6,

1095 1471 1248 1522 legend.
1270 1472 1333 1518 VI,
1359 1473 1377 1510 1
1395 1473 1418 1511 3
1434 1470 1491 1517 6),
1522 1481 1759 1522 quamquam
1780 1466 1784 1467 ⁷

1098 1542 1195 1581 quae
1216 1529 1268 1564 ibi
1289 1529 1329 1563 in
1349 1526 1463 1563 laude
1478 1525 1679 1563 adhibetur
1697 1527 1760 1562 lo-

1097 1587 1210 1632 cutio,
1232 1583 1271 1620 h.
1284 1586 1308 1621 l.
1330 1585 1395 1620 vix
1416 1584 1523 1620 aliter
1538 1590 1652 1635 atque
1671 1595 1760 1619 ma-

1096 1643 1175 1678 lam
1196 1643 1234 1677 in
1255 1648 1403 1691 partem
1423 1639 1655 1690 accipienda.
1696 1638 1760 1676 Ad

1097 1699 1213 1736 verba
1233 1711 1340 1749 seqq.
1381 1694 1426 1742 ὃς
1447 1693 1629 1735 θανάτου
1647 1695 1755 1734 ὕπα-

1099 1751 1231 1807 γαγών
1249 1769 1286 1792 κ.
1307 1769 1339 1791 τ.
1361 1756 1394 1791 λ.
1409 1753 1510 1789 conf.
1530 1751 1667 1790 Matth.
1687 1753 1754 1788 Gr.

1100 1813 1166 1848 Gr.
1193 1812 1229 1856 ξ.
1257 1813 1337 1850 370
1358 1822 1446 1860 pag.
1475 1807 1569 1850 684.
1636 1810 1759 1846 Usum

1098 1867 1384 1919 praepositionis
1404 1862 1485 1905 ὑπό
1507 1866 1613 1916 attigi
1632 1865 1681 1903 ad
1694 1866 1759 1913 VI,

1101 1927 1167 1964 62.
1204 1925 1263 1960 De
1283 1923 1421 1960 vocula
1442 1919 1541 1961 ὥστε
1561 1930 1648 1960 ante
1668 1935 1760 1974 par-

1098 1982 1272 2031 ticipium
1293 1979 1520 2032 σηπομένου
1541 1980 1641 2018 conf.
1662 1986 1762 2022 nott.

1103 2037 1151 2075 ad
1171 2039 1233 2085 VI,
1250 2036 1318 2077 44.

1158 2091 1423 2147 προκειμένου
1469 2090 1512 2131 δὲ
1552 2087 1675 2132 αὐτοῦ
1718 2091 1762 2133 ἐν

1102 2152 1244 2204 κλίνῃ]
1262 2152 1288 2187 i.
1311 2164 1341 2187 e.
1364 2162 1440 2186 cum
1461 2151 1497 2186 in
1517 2150 1603 2187 lecto
1634 2151 1762 2186 iaceret

1103 2209 1258 2245 omnibus
1308 2208 1531 2256 conspicuus,
1579 2206 1680 2253 sive,
1719 2212 1763 2242 ut

1104 2261 1326 2313 Schweigh.
1349 2263 1636 2313 interpretatur:
1680 2262 1762 2300 dum

1102 2320 1163 2358 z‘lle
1185 2319 1311 2357 lectulo
1332 2321 1513 2370 impositus
1535 2321 1572 2355 in
1588 2318 1761 2356 medinia-

1103 2377 1213 2413 cebat.
1271 2377 1316 2412 In
1354 2389 1461 2427 seqq.
1483 2378 1576 2426 'post
1614 2377 1762 2427 Μαρα-

1101 2435 1210 2471 θῶνι
1230 2446 1320 2469 cum
1340 2439 1499 2469 recentt.
1530 2432 1672 2468 inserui
1692 2446 1762 2483 γε-

1101 2488 1298 2539 νομένης,
1349 2488 1454 2540 quod
1487 2488 1588 2525 male
1616 2489 1720 2525 abest
1739 2499 1762 2524 a

1101 2545 1295 2585 Schaefer.
1311 2552 1347 2582 et
1366 2543 1502 2582 Matth.
1523 2543 1763 2593 editionibus,

1101 2602 1282 2654 quodque
1311 2604 1404 2639 item
1433 2601 1602 2639 Bekker.
1624 2602 1762 2638 omisit.

1103 2660 1212 2696 Conf.
1256 2660 1338 2707 VII,
1370 2662 1405 2699 1.
1437 2659 1561 2696 Verba
1589 2657 1656 2696 καὶ
1683 2653 1759 2707 τήν

1101 2712 1276 2767 Λήμνου
1300 2715 1472 2766 αἵρεσιν,
1503 2727 1600 2767 quae
1628 2727 1648 2750 e
1667 2719 1759 2750 nota

1102 2773 1302 2823 marginali
1317 2771 1463 2809 adiecta
1487 2776 1594 2822 putat
1611 2768 1760 2818 Valck„

1104 2829 1284 2882 equidem
1303 2830 1366 2867 vel
1388 2829 1436 2866 ob
1447 2829 1562 2868 verba
1571 2840 1678 2880 seqq.
1689 2827 1759 2863 eii-
