1834 3258
4 880 35 925 9

456 230 870 267 POLYMNIA.
932 229 1037 265 VII.

1295 228 1376 267 471

107 341 182 394 ,,ἐκ
219 342 300 383 τοῦ
334 342 448 383 θεοῦ
477 336 752 394 πεμπόμενα,
782 339 980 394 ’χρῆσθαι
1013 337 1059 381 δὲ
1087 336 1235 380 κέλευε
1264 338 1378 378 τοῖσι

106 410 178 461 „fin
229 407 303 451 σέο
342 407 556 461 πρώτοισι
599 407 956 462 προειρημένοισι
1010 405 1053 456 ές
1111 404 1191 460 τὴν
1239 419 1378 457 παρα-

104 473 317 531 ,,σκευήν·
355 477 475 519 ποίεε
505 476 552 519 δὲ
583 473 722 527 οὕτω,

761 473 896 525 ὅκως,
935 476 1017 516 τοῦ
1051 475 1160 515 θεοῦ
1200 473 1435 524 παραδι-ὃο

76 541 303 596 7,,δόντος,
333 545 424 586 τῶν
448 545 539 586 σῶν
559 540 750 598 ἐνδεήσει
779 541 958 598 μηδέν.“
992 539 1172 583 Τούτων
1201 540 1376 596 λεχθέν-

102 627 215 665 των,
266 611 461 656 ἐνθαῦτα
509 609 771 666 ἐπαρθέντες
820 613 873 666 τῇ
920 607 1040 661 ὄψει,
1081 606 1139 659 ὥς
1167 607 1307 665 ἡμέρη
1336 608 1375 651 ἐ-

100 678 248 734 γένετο
278 678 478 735 τάχιστα,
509 678 671 735 Ξέρξης
699 694 745 722 τε
772 676 1054 733 ὑπερετίθετο
1094 679 1233 720 ταῦτα
1264 676 1378 729 Πέρ-

102 757 226 802 σῃσι·
285 747 359 790 καὶ
392 744 684 802 Ἀρτάβανος,
735 744 785 797 ὃς
821 746 1039 801 πρότερον
1079 742 1376 789 ἀποσπεύδων

102 817 268 870 μοῦνος
297 813 513 870 ἐφαίνετο,
544 813 641 859 τότε
671 813 948 859 ἐπισπεύδων
981 812 1178 871 φανερὸς
1211 807 1280 869 ἦν.

1387 818 1432 853 85

1432 879 1574 908 Tertium
1597 879 1708 909 Xerxis

181 881 441 941 Ὼρμημένῳ
472 882 519 927 δὲ
549 883 687 941 Ξέρξῃ
719 881 1070 939 στρατηλατέειν,
1103 880 1209 939 μετὰ
1238 883 1375 924 ταῦτα

98 951 219 1007 τρίτη
250 950 350 1002 ὄψις
379 950 426 994 έν
453 954 515 1009 τῷ
541 950 666 1010 ὕπνῳ
698 951 888 1009 ἐγένετο,
918 951 999 1007 τήν
1029 952 1074 994 οἱ
1092 951 1223 1006 μάγοι
1255 949 1372 1004 ἔκρι-

98 1033 183 1060 ναν
223 1015 493 1070 ἀκούσαντες
530 1020 683 1076 φέρειν
712 1036 756 1064 τε
785 1020 855 1063 ἐπὶ
884 1022 1031 1062 πᾶσαν
1059 1020 1155 1074 γῆν,
1185 1017 1371 1062 δουλεύ-

68 1092 193 1129 Ξσειν
230 1086 276 1130 τέ
307 1089 352 1130 οἱ
379 1087 549 1139 πάντας
588 1087 870 1143 ἀνθρώπους.
929 1086 956 1143 ἦ
989 1086 1036 1130 δὲ
1067 1088 1168 1138 ὄψις
1197 1081 1253 1143 ἦν
1281 1086 1372 1142 ἥδε.

95 1152 242 1198 ἐδόκεε
275 1153 302 1198 ὁ
331 1154 495 1213 Ξέρξης
523 1157 860 1212 ἐστεφανῶσθαι
887 1153 1035 1211 έλαίης
1063 1158 1241 1210 θαλλῷ·
1287 1152 1430 1197 ἆπὸ9ο

96 1223 144 1267 δὲ
172 1226 248 1280 τῆς
269 1222 412 1281 ἐλαίης
440 1223 548 1276 τούς
579 1222 771 1276 κλάδους
797 1227 882 1282 γῆν
900 1228 1048 1267 πᾶσαν
1065 1222 1266 1278 ἐπισχεῖν·
1298 1238 1371 1277 με-

37 1324 43 1329 ,
97 1289 150 1334 τοὶ
193 1291 267 1343 δὲ,
325 1290 634 1349 ἀφανισθῆναι
689 1293 788 1348 περὶ
837 1295 893 1350 τῇ
941 1295 1114 1348 κεφαλῇ
1165 1292 1371 1346 κείμενον

67 1358 180 1403 Βτὸν
218 1358 451 1414 στέφανον.
509 1358 774 1415 Κρινάντων
814 1360 861 1405 δὲ
899 1359 1036 1416 ταύτῃ
1066 1362 1156 1403 τῶν
1203 1358 1371 1414 μάγων,

98 1429 307 1481 Περσέων
338 1443 382 1471 τε
411 1431 501 1471 τῶν
529 1429 856 1485 συλλεχθέντων
887 1427 1045 1472 αὐτίκα
1075 1430 1161 1478 πᾶς
1191 1425 1303 1483 άνὴρ
1327 1426 1371 1478 ἐς

94 1494 176 1552 τήν
215 1494 352 1554 ἀρχὴν
380 1497 459 1552 τὴν
499 1495 672 1541 ἑωυτοῦ
701 1495 941 1550 ἀπελάσας,
981 1494 1066 1554 εἶχε
1109 1497 1427 1552 προθυμίην95

94 1699 199 1750 ὅκως
222 1706 297 1743 τοῦ
325 1706 430 1743 θεοῦ
451 1701 700 1758 παραδιδόν-

35 1775 116 1809 τος,
145 1763 225 1800 τῶν
247 1763 332 1800 σοῖν
353 1758 531 1813 ἐνδεήσει
553 1759 698 1813 μηδὲν]

36 1819 63 1855 i.
85 1831 120 1854 e.
163 1819 218 1855 ita
254 1820 328 1856 iam
358 1831 445 1867 age,
485 1822 548 1867 ut,
593 1832 699 1869 quum

39 1875 125 1912 deus
141 1873 252 1926 (haec
272 1875 365 1921 tibi)
391 1877 586 1924 permittat,
607 1875 700 1912 m'lzil

39 1930 130 1981 quod
147 1945 170 1968 a
188 1935 220 1967 te
228 1932 408 1981 postulari
422 1930 471 1979 (S.
491 1932 697 1982 proficisci)

34 1990 146 2038 possit
167 1987 392 2025 desideretur.
423 1988 498 2024 Ubi
518 2002 587 2039 pro
610 1989 703 2025 olim

35 2045 141 2094 vulg.
157 2040 324 2098 ἓνδεήσῃ
337 2074 346 2092 ,
366 2057 470 2080 nuuc
492 2058 512 2081 e
533 2045 702 2095 pluribus

35 2101 149 2138 codd.
170 2102 252 2137 iure
272 2107 469 2151 receptum
498 2099 701 2152 ἐνδεήσεις

36 2157 84 2195 de
114 2171 191 2210 quo
219 2158 349 2195 futuro
381 2157 482 2194 conf.
515 2157 700 2195 Valcken.

35 2214 84 2252 ad
103 2214 275 2266 Euripid.
298 2213 495 2254 Phoeniss.
516 2218 568 2255 93
591 2222 628 2251 et
647 2216 701 2252 ci-

34 2279 113 2309 tata
143 2272 191 2309 ad
221 2272 266 2320 V,
295 2274 347 2312 23
369 2271 436 2308 fin.
494 2271 556 2308 Ad
577 2273 699 2323 ipsam

35 2329 269 2366 locutionem
292 2328 394 2365 conf.
414 2329 479 2376 III,
505 2328 604 2369 155:
643 2325 697 2380 ἢν

37 2382 92 2436 μή
109 2387 188 2424 τῶν
210 2388 290 2424 σῶν
312 2382 460 2439 ὄεήσῃτ
493 2388 565 2422 m'sz'
588 2386 698 2423 tude-

36 2444 84 2478 sis
97 2472 105 2488 ,
127 2449 170 2478 ut
190 2442 286 2478 bene
306 2443 417 2479 vertit
438 2441 631 2482 Schaefer.
650 2442 697 2480 ad

34 2499 228 2535 Lambert.
251 2500 335 2535 Bos.
357 2500 414 2535 De
443 2500 578 2550 ellipss.
609 2513 699 2551 pag.

36 2557 130 2596 228.
189 2554 250 2591 Ad
270 2556 386 2592 verba
404 2558 476 2594 τοῦ
495 2559 599 2596 θεοῦ
618 2572 696 2595 πα-

37 2609 270 2662 ραδιδόντος
305 2611 406 2648 cons.
444 2612 490 2659 V,
523 2616 590 2660 67,
630 2615 696 2650 ubi

38 2668 172 2705 eadem
192 2669 346 2705 locutio.
381 2691 431 2696 -—
480 2670 575 2706 Mox
595 2669 696 2707 edidi

37 2723 193 2764 τούτων
212 2724 453 2775 λεχθέντων,
484 2727 550 2762 ubi
580 2727 695 2776 vulgo

37 2780 207 2821 τουτέων
244 2780 287 2821 δέ
327 2779 572 2832 λεχθέντων,
593 2782 696 2835 quod

39 2839 99 2876 vel
118 2837 287 2876 Bekker.
308 2839 475 2876 retinuit.
533 2841 591 2876 De
615 2853 697 2878 ver-

756 1705 807 1743 bo
825 1703 1119 1757 ὑπερτίθεσθαι
1140 1705 1241 1742 conf.
1259 1711 1355 1742 nott.
1377 1704 1427 1742 ad

755 1764 837 1810 VII,
868 1766 893 1803 8
925 1764 963 1809 ᾗ,
992 1766 1018 1803 2
1047 1769 1084 1799 et
1105 1761 1152 1798 de
1179 1763 1296 1798 verbo
1329 1757 1426 1801 άπο-

757 1816 946 1859 σπεύδειν
967 1825 1064 1856 nott.
1096 1817 1145 1855 ad
1172 1819 1218 1867 V,
1243 1822 1310 1859 17.

973 1908 1066 1959 cap.
1092 1909 1204 1945 XIX.

817 1985 957 2040 φέρειν
984 2002 1025 2026 τε
1059 1985 1125 2026 ἐπὶ
1159 1988 1295 2026 πᾶσαν
1312 1987 1421 2038 γῆν]

759 2045 785 2082 i.
817 2058 850 2081 e.
880 2048 1133 2095 spectare,
1168 2045 1425 2093 pertinere

759 2101 810 2138 ad
837 2114 965 2138 omnem
984 2105 1126 2138 terram.
1174 2101 1233 2136 De
1254 2113 1330 2152 quo
1351 2113 1422 2137 usu

758 2158 863 2195 verbi
874 2156 1134 2209 cps'Qsavffllura
1145 2169 1306 2194 mouere
1317 2156 1422 2194 haud

758 2227 865 2266 opus.
924 2214 988 2251 Ad
1007 2215 1113 2252 verbi
1144 2214 1279 2253 δοκεῖν
1308 2227 1422 2251 usum

756 2273 851 2309 conf
865 2272 947 2320 VII,
981 2273 1032 2311 12
1062 2278 1099 2308 et
1120 2270 1169 2307 ad
1199 2272 1315 2309 verba
1338 2270 1418 2323 ⁶59-

754 2327 916 2383 μημένω
966 2326 1009 2367 δὲ
1037 2350 1094 2355 --
1123 2326 1420 2380 στρατηλατέειν

752 2393 849 2423 nott.
869 2386 918 2423 ad
941 2387 1023 2432 VII,
1045 2384 1085 2425 4.

812 2439 889 2494 εἶχε
923 2441 1161 2494 προθυμίην
1189 2442 1324 2479 πᾶσαν
1352 2439 1418 2480 ε’πὶ

752 2503 857 2538 τοῖσι
891 2497 1161 2551 εἰρημένοισι]
1215 2496 1418 2548 Schweig-

752 2554 979 2593 haeuserus:
1030 2555 1188 2592 studium
1223 2568 1338 2601 omne,
1376 2558 1416 2590 ut

752 2616 852 2650 iussa
872 2617 1151 2663 exsequerentur,
1164 2611 1414 2648 adhibuerunt.

752 2672 874 2708 Possis
891 2683 1044 2722 quoque
1059 2667 1216 2705 reddere
1238 2666 1301 2706 ἐπὶ
1313 2669 1415 2705 τοῖσι

752 2725 1018 2777 εἰρημένοισι.·
1040 2729 1227 2776 postquam
1252 2724 1334 2760 haec
1353 2735 1415 2759 rex

752 2785 886 2831 edv'wit3
926 2790 966 2819 ut
1002 2783 1043 2818 in
1077 2781 1190 2818 simili
1221 2781 1413 2816 locutione

751 2836 808 2880 ἐπ’
821 2836 1117 2892 έξεργασμένοις
1130 2837 1196 2885 Ν,
1212 2835 1300 2886 164,
1315 2849 1413 2889 quae

1432 915 1589 942 somnium.
1614 915 1692 943 Eius

1431 948 1646 987 inteljpretatio
1666 959 1685 977 a

1428 989 1526 1016 magle
1543 982 1638 1016 facta,
1663 983 1708 1010 in-

1430 1015 1531 1050 deque
1547 1019 1621 1044 nata
1633 1017 1705 1045 Per-

1429 1057 1533 1077 sarum
1549 1059 1628 1086 spes.
