1806 3181
384 180 468 220 774

783 183 1247 224 HERODOTI

383 285 638 342 ἐξηλείφετο.
702 287 900 347 ἐκέχρητο
942 292 1026 348 γάρ
1077 291 1163 338 ὑπὸ
1203 299 1277 351 τῆς
1317 299 1490 356 Πυθίης
1528 304 1639 346 τοῖσι

383 353 698 413 Σπαρτιήτῃσι,
758 359 1037 414 χρεωμένοισι
1075 363 1173 417 περὶ
1202 367 1283 407 τοῦ
1308 365 1500 422 πολέμου
1529 369 1638 412 τού-
1650 374 1694 411 50

382 439 462 465 του
492 422 647 466 αὐτίκα
676 423 767 467 κατ’
798 424 930 482 ἀρχάς
959 428 1251 485 ἐγειρομένου,
1281 431 1345 488 ,,ἢ
1373 437 1638 492 Λακεδαίμο-

381 505 465 541 ,,να
485 489 728 535 ἀνάστατον
755 494 959 548 γενέσθαι
987 495 1074 541 ὑπό
1105 501 1193 541 τῶν
1222 498 1472 556 βαρβάρων,
1501 502 1531 560 ἦ
1559 503 1639 548 τὸν

355 559 595 613 4,,βασιλέα
634 559 782 614 σφέων
814 561 1117 608 ἀπολέεσθαι-ί(
1173 569 1308 611 ταῦτα
1347 570 1393 612 δέ
1423 581 1501 625 σφι
1529 571 1576 614 ἐν
1604 572 1641 615 ἔ-

379 634 478 668 πεσι
508 624 775 681 ἑξαμέτροισι
804 629 957 686 ἔχοντα
985 635 1080 689 χρᾷ,
1107 631 1288 689 λέγοντα
1317 630 1419 680 ὦδε·

346 727 369 762 5
506 726 608 773 Ὑμῖν
633 727 685 772 δ’,
711 724 742 764 ὦ
767 730 945 778 Σπάρτης
970 733 1159 780 οἰκήτορες
1183 734 1414 782 εὐρυχόροιο,
1648 742 1692 777 55

505 782 637 831 ἢμέγα
662 783 753 821 ἄστυ
776 786 931 833 ’ρικυδὲς
954 789 1018 826 ’ὑπ’
1047 790 1202 838 ἀνδράσι
1227 794 1446 840 Περσεΐδῃσι

505 841 707 886 πέρθεται·
731 842 757 889 ἢ
781 844 823 881 τὸ
849 845 915 890 μὲν
939 846 1031 893 οὐχὶ,
1057 847 1122 894 ἀφ’
1147 848 1364 894 Ἡρακλέους
1388 849 1427 886 δὲ
1449 851 1624 899 γενέθλης

504 899 684 945 πενθήσει
706 901 839 948 βασιλῆ
864 905 1048 950 φθίμενον
1072 908 1349 952 Λακεδαίμονος
1374 902 1499 954 οὖρος.

320 1094 540 1135 Blomfield.
567 1098 608 1135 in
629 1100 794 1140 Glossar.
824 1102 873 1141 ad
899 1104 979 1141 Ae-

320 1149 441 1203 schyl.
467 1148 508 1192 S‘.
530 1168 562 1192 0.
593 1155 672 1195 Th.
696 1158 761 1200 15.

376 1228 584 1284 ἐκέχρητο]
627 1236 711 1273 Una
741 1236 881 1274 Aldina
900 1236 981 1279 ε’κέ-

320 1299 472 1336 χρηστο.
502 1289 586 1329 Vid.
609 1293 656 1338 ΙΙ,
678 1292 770 1334 147.
791 1296 872 1342 VII,
888 1294 978 1335 141.

319 1343 364 1377 In
384 1356 490 1396 seqq.
513 1345 561 1382 ad
582 1349 699 1385 verba
711 1345 980 1403 αὐτίκα-ἔγει-

319 1397 489 1447 ρομένου
511 1402 587 1439 vid.
607 1404 742 1444 Matth.
765 1408 833 1448 Gr,
857 1407 922 1444 Gr.
941 1409 979 1453 §-

318 1453 414 1503 565,
435 1463 517 1494 not.
537 1461 564 1498 2
588 1473 627 1510 p.
652 1460 772 1501 1114.
800 1464 980 1500 Locutio-

317 1522 410 1546 nem
430 1508 651 1555 α’νοῖστατον
671 1516 862 1568 γενέσθαι
873 1521 979 1571 attigi

318 1565 365 1602 ad
385 1568 415 1614 Ι,
437 1571 505 1609 76.
566 1573 624 1609 Ac
645 1571 692 1608 de
716 1575 903 1614 infinitivo
915 1592 978 1628 γε-

316 1620 486 1673 νέσθαι,
517 1627 581 1664 ubi
617 1630 787 1680 sequitur
804 1632 977 1669 futurum

316 1673 978 1731 dmokaeffsooaafidemmonuitMatth.

317 1735 384 1773 Gr.
401 1737 468 1774 Gr.
484 1740 521 1784 ξ.
534 1740 678 1792 501.p.
695 1743 791 1783 951.
809 1766 866 1772 —
884 1747 977 1783 Mox

317 1789 406 1829 dedi
424 1794 587 1845 βασιλέα
604 1811 675 1849 pro
696 1798 884 1853 βασιλῆα.

371 1871 417 1912 ἐν
456 1871 564 1914 ἔπεσι
607 1874 850 1932 ἑξαμέτροισι
875 1883 952 1935 χρᾷ
961 1880 975 1932 ]

314 1931 378 1967 Ex
416 1942 495 1966 uno
537 1931 728 1971 Sancrofti
770 1935 856 1974 cod.
888 1945 976 1974 ante

315 1986 390 2040 χρᾷ
411 1984 563 2025 Schaef.
584 1995 620 2026 et
639 1990 772 2030 Matth.
783 1994 976 2031 eiecerunt

316 2042 466 2092 ἔχοντα,
487 2043 590 2095 quod
610 2047 658 2082 ob
670 2048 906 2100 reliquorum
925 2051 975 2087 li-

314 2098 471 2135 brorum
501 2104 764 2141 auctoritatem
795 2106 974 2158 equidem

315 2167 406 2191 cum
426 2152 786 2206 Schweighaeusero
807 2170 843 2200 et
864 2164 976 2201 Gais-

314 2209 426 2258 ford.‚
447 2211 511 2262 qui
538 2213 684 2251 confert
711 2218 742 2264 1,
766 2217 857 2258 174.
891 2221 972 2269 VII,

317 2269 420 2314 228,
448 2267 692 2306 retinendum
730 2272 835 2310 duxi.
865 2275 975 2313 Bek-

316 2321 431 2360 kerus
449 2324 503 2359 nil
523 2322 628 2362 dedit
646 2327 718 2363 nisi
737 2332 814 2383 χρᾷ
835 2329 974 2380 ἔχοντα

316 2372 405 2426 ὦδε,
436 2381 575 2417 omissa
601 2394 696 2419 voce
714 2382 887 2436 λέγοντα.
920 2411 969 2416 -—

316 2435 480 2483 oraculi,
494 2436 599 2488 quod
617 2439 823 2490 subiicitur,
845 2456 971 2481 versus

316 2498 491 2543 quatuor,
512 2494 655 2544 priores
680 2495 800 2545 affert,
830 2500 970 2537 Euseb.

314 2548 355 2584 in
375 2550 554 2599 Praepar.
573 2552 643 2589 Ev.
656 2552 700 2599 V,
719 2553 788 2595 25.
808 2556 970 2594 Iustinus

314 2605 361 2651 11,
389 2607 435 2645 11
472 2606 509 2650 ξ.
537 2608 563 2646 8
604 2609 879 2649 sciscitantibus
916 2626 974 2649 re-

313 2674 495 2711 sponsum
518 2675 596 2700 esse
615 2673 765 2703 narrat:
797 2672 889 2716 „aut
917 2682 973 2707 re—

314 2719 356 2765 gi
392 2717 651 2767 Spartanorum
696 2727 761 2761 aut
801 2726 881 2763 urbi
910 2739 972 2764 ca-

315 2772 504 2812 dendumN

1094 1102 1300 1159 οἰκήτορες
1322 1105 1583 1164 εὐρυχόροιο]
1611 1111 1637 1149 i.
1658 1125 1693 1150 e.

1036 1162 1184 1200 incolae
1204 1166 1306 1202 urbis
1324 1170 1498 1215 spatiosae
1525 1175 1562 1205 et
1582 1168 1694 1206 choris

1037 1223 1154 1268 aptae,
1183 1227 1225 1274 nt
1244 1220 1368 1259 reddit
1386 1225 1616 1275 Wesseling.
1638 1226 1694 1262 ci-

1036 1281 1120 1312 tans
1142 1273 1358 1329 εὐρύχορος
1382 1276 1602 1332 Κόρινθος,
1623 1284 1694 1321 Τε-

1036 1330 1117 1382 γέα,
1129 1333 1211 1369 alia.
1235 1336 1313 1371 Nec
1330 1348 1564 1390 quemquam
1582 1338 1693 1388 fugit,

1034 1387 1254 1439 frequenter
1284 1389 1514 1431 adiectivum
1531 1392 1605 1431 hoc
1630 1396 1693 1431 in-

1036 1445 1157 1481 veniri
1177 1445 1279 1497 apud
1298 1449 1512 1487 Homerum
1539 1451 1694 1488 urbium

1036 1507 1073 1537 et
1113 1504 1315 1553 regionum
1347 1507 1567 1544 nominibus
1587 1506 1694 1544 adie-

1035 1564 1152 1597 ctum.
1211 1559 1296 1600 Vid.
1329 1563 1504 1603 Duncan.
1523 1564 1654 1604 Lexic.
1674 1565 1696 1601 Ι

1035 1626 1121 1664 pag.
1143 1613 1224 1656 473
1245 1616 1307 1653 ed.
1332 1620 1435 1656 Rost.
1491 1621 1593 1657 Hinc
1624 1615 1693 1659 ευ’-

1035 1666 1206 1722 ρύχορον
1262 1675 1548 1725 Λακεδαίμονα
1596 1675 1692 1714 dixit

1033 1733 1146 1776 poeta
1165 1728 1205 1763 iu
1228 1728 1359 1781 Odyss.
1380 1733 1483 1783 Xffl,
1497 1731 1592 1773 414.
1604 1734 1691 1780 XV,

1037 1785 1056 1822 1
1082 1782 1165 1831 (ubi
1175 1785 1275 1822 conf.
1286 1787 1458 1841 Barnes.)
1480 1789 1567 1826 coll.
1577 1789 1689 1829 Piud.

1033 1840 1144 1876 Nem.
1176 1841 1226 1889 X,
1261 1844 1327 1891 97,
1368 1845 1434 1880 ubi
1472 1841 1690 1898 εὐρυχόρου

1033 1891 1234 1948 Σπάρτης.
1273 1900 1522 1938 Homericum
1537 1915 1691 1955 quoque

1034 1959 1089 1988 est
1111 1951 1288 2003 ἐρικυδὲς
1315 1957 1341 1993 i.
1364 1971 1398 1995 e.
1414 1961 1606 2008 praestans
1631 1959 1691 1996 di-

1031 2010 1172 2056 gnitate
1187 2039 1198 2058 ‚
1238 2012 1355 2059 gloria
1364 2027 1377 2058 ‚·
1416 2013 1464 2050 de
1496 2027 1572 2067 quo
1606 2014 1686 2053 vid.

1031 2066 1206 2102 Duncan.
1235 2069 1252 2103 I
1271 2081 1359 2119 pag.
1389 2069 1486 2111 446.
1541 2072 1600 2107 De
1619 2085 1691 2109 usu

1030 2123 1317 2173 praepositionis
1332 2123 1413 2165 ὑπό
1433 2127 1473 2163 in
1487 2128 1608 2165 verbis
1621 2123 1690 2167 ὑπ’

1030 2174 1200 2230 ἀνδράσι
1215 2181 1314 2221 conf.
1330 2180 1464 2221 Matth.
1485 2184 1550 2221 Gr.
1572 2184 1638 2221 Gr.
1650 2185 1688 2231 §-

1032 2234 1112 2275 395
1133 2242 1213 2275 not.

1086 2332 1130 2374 τό
1180 2333 1253 2387 μὲν
1292 2333 1409 2390 οὐχὶ]
1454 2337 1608 2381 Schaef.
1649 2349 1688 2379 et

1029 2389 1164 2429 Matth.
1186 2387 1278 2433 ου’κὶ
1311 2402 1424 2446 atque
1445 2409 1540 2433 mox
1557 2395 1685 2448 Ἥρα-

1028 2445 1148 2494 κλέος,
1189 2449 1254 2486 ubi
1284 2464 1305 2487 e
1334 2452 1555 2490 Florentino
1581 2466 1686 2492 nuno

1028 2510 1223 2553 receptum
1235 2513 1289 2544 est
1308 2506 1560 2558 Ἡρακλέους.
1578 2512 1685 2548 Neu-

1029 2566 1086 2595 tra
1106 2560 1230 2599 forma
1255 2564 1302 2601 ab
1331 2564 1527 2603 Herodoto
1547 2566 1684 2604 aliena.

1029 2616 1088 2654 Cf.
1125 2617 1261 2657 Matth.
1287 2621 1324 2666 ξ.
1354 2623 1407 2662 78
1438 2628 1517 2660 not.
1545 2624 1584 2671 8,
1617 2624 1683 2675 qui

1028 2671 1130 2709 idem
1153 2675 1188 2720 §-
1216 2677 1268 2717 83
1289 2689 1322 2715 a.
1342 2684 1421 2714 not.
1448 2680 1473 2718 3
1493 2690 1583 2729 pag.
1606 2678 1684 2720 184

1029 2731 1282 2771 consulendus
1301 2732 1348 2772 de
1377 2735 1588 2774 accusativo
1609 2735 1685 2786 βα-

1030 2787 1132 2837 σιλῆ.
1535 2801 1538 2804 “
