<?xml version="1.0" encoding="UTF-8"?>
<!DOCTYPE html PUBLIC "-//W3C//DTD XHTML 1.0 Transitional//EN"
    "http://www.w3.org/TR/xhtml1/DTD/xhtml1-transitional.dtd">
<html xmlns="http://www.w3.org/1999/xhtml" xml:lang="en" lang="en">
 <head>
  <title>
</title>
<meta http-equiv="Content-Type" content="text/html;charset=utf-8" />
  <meta name='ocr-system' content='tesseract 3.04.00' />
  <meta name='ocr-capabilities' content='ocr_page ocr_carea ocr_par ocr_line ocrx_word'/>
</head>
<body>
  <div class='ocr_page' id='page_1' title='image "./musaeherodoto03hero/musaeherodoto03hero_0528.png"; bbox 0 0 1851 3181; ppageno 0'>
   <div class='ocr_carea' id='block_1_1' title="bbox 336 321 403 365">
    <p class='ocr_par' dir='ltr' id='par_1_1' title="bbox 336 321 403 365">
     <span class='ocr_line' id='line_1_1' title="bbox 336 321 403 365; baseline -0.015 0"><span class='ocrx_word' id='word_1_1' title='bbox 336 321 403 365; x_wconf 79' lang='lat'>45</span> 
     </span>
    </p>
   </div>
   <div class='ocr_carea' id='block_1_2' title="bbox 131 381 403 419">
    <p class='ocr_par' dir='ltr' id='par_1_2' title="bbox 131 381 403 419">
     <span class='ocr_line' id='line_1_2' title="bbox 131 381 403 419; baseline 0.022 -11"><span class='ocrx_word' id='word_1_2' title='bbox 131 381 208 409; x_wconf 61' lang='lat' dir='ltr'>xerx</span> <span class='ocrx_word' id='word_1_3' title='bbox 216 392 247 410; x_wconf 74' lang='lat' dir='ltr'>es</span> <span class='ocrx_word' id='word_1_4' title='bbox 281 384 403 419; x_wconf 73' lang='lat' dir='ltr'>illacry-</span> 
     </span>
    </p>
   </div>
   <div class='ocr_carea' id='block_1_3' title="bbox 134 421 241 444">
    <p class='ocr_par' dir='ltr' id='par_1_3' title="bbox 134 421 241 444">
     <span class='ocr_line' id='line_1_3' title="bbox 134 421 241 444; baseline 0.019 -2"><span class='ocrx_word' id='word_1_5' title='bbox 134 425 158 443; x_wconf 81' lang='grc' dir='ltr'>ιιι</span> <span class='ocrx_word' id='word_1_6' title='bbox 165 421 214 443; x_wconf 66' lang='lat' dir='ltr'>atu</span> <span class='ocrx_word' id='word_1_7' title='bbox 221 426 241 444; x_wconf 82' lang='lat' dir='ltr'>r.</span> 
     </span>
    </p>
   </div>
   <div class='ocr_carea' id='block_1_4' title="bbox 332 591 399 635">
    <p class='ocr_par' dir='ltr' id='par_1_4' title="bbox 332 591 399 635">
     <span class='ocr_line' id='line_1_4' title="bbox 332 591 399 635; baseline 0 0"><span class='ocrx_word' id='word_1_8' title='bbox 332 591 399 635; x_wconf 78' lang='lat'>46</span> 
     </span>
    </p>
   </div>
   <div class='ocr_carea' id='block_1_5' title="bbox 129 653 405 682">
    <p class='ocr_par' dir='ltr' id='par_1_5' title="bbox 129 653 405 682">
     <span class='ocr_line' id='line_1_5' title="bbox 129 653 405 682; baseline 0.007 -2"><span class='ocrx_word' id='word_1_9' title='bbox 129 653 207 680; x_wconf 86' lang='lat' dir='ltr'>Hinc</span> <span class='ocrx_word' id='word_1_10' title='bbox 226 657 332 682; x_wconf 85' lang='lat' dir='ltr'>natum</span> <span class='ocrx_word' id='word_1_11' title='bbox 351 656 405 682; x_wconf 82' lang='lat' dir='ltr'>Ar-</span> 
     </span>
    </p>
   </div>
   <div class='ocr_carea' id='block_1_6' title="bbox 126 687 381 823">
    <p class='ocr_par' dir='ltr' id='par_1_6' title="bbox 126 687 381 823">
     <span class='ocr_line' id='line_1_6' title="bbox 129 687 372 716; baseline 0.008 -2"><span class='ocrx_word' id='word_1_12' title='bbox 129 687 230 714; x_wconf 69' lang='lat' dir='ltr'>tahani</span> <span class='ocrx_word' id='word_1_13' title='bbox 249 696 313 716; x_wconf 89' lang='lat' dir='ltr'>cum</span> <span class='ocrx_word' id='word_1_14' title='bbox 336 697 372 716; x_wconf 87' lang='lat' dir='ltr'>eo</span> 
     </span>
     <span class='ocr_line' id='line_1_7' title="bbox 128 721 371 756; baseline 0.012 -10"><span class='ocrx_word' id='word_1_15' title='bbox 128 721 312 756; x_wconf 77' lang='lat' dir='ltr'>colloquium</span> <span class='ocrx_word' id='word_1_16' title='bbox 332 722 371 749; x_wconf 86' lang='lat' dir='ltr'>de</span> 
     </span>
     <span class='ocr_line' id='line_1_8' title="bbox 128 755 379 783; baseline 0.016 -4"><span class='ocrx_word' id='word_1_17' title='bbox 128 756 208 782; x_wconf 68' lang='lat' dir='ltr'>vitae</span> <span class='ocrx_word' id='word_1_18' title='bbox 229 755 379 783; x_wconf 79' lang='lat' dir='ltr'><strong>humanae</strong></span> 
     </span>
     <span class='ocr_line' id='line_1_9' title="bbox 126 789 381 823; baseline 0.008 -9"><span class='ocrx_word' id='word_1_19' title='bbox 126 789 310 823; x_wconf 63' lang='lat' dir='ltr'>eruditione,</span> <span class='ocrx_word' id='word_1_20' title='bbox 331 798 381 816; x_wconf 59' lang='lat' dir='ltr'>ex&lt;</span> 
     </span>
    </p>
   </div>
   <div class='ocr_carea' id='block_1_7' title="bbox 130 822 403 858">
    <p class='ocr_par' dir='ltr' id='par_1_7' title="bbox 130 822 403 858">
     <span class='ocr_line' id='line_1_10' title="bbox 130 822 403 858; baseline 0.015 -12"><span class='ocrx_word' id='word_1_21' title='bbox 130 822 293 855; x_wconf 64' lang='lat' dir='ltr'>peditionis</span> <span class='ocrx_word' id='word_1_22' title='bbox 323 823 403 858; x_wconf 84' lang='lat' dir='ltr'>peri-</span> 
     </span>
    </p>
   </div>
   <div class='ocr_carea' id='block_1_8' title="bbox 124 855 397 1023">
    <p class='ocr_par' dir='ltr' id='par_1_8' title="bbox 124 855 397 1023">
     <span class='ocr_line' id='line_1_11' title="bbox 126 855 359 889; baseline 0.013 -8"><span class='ocrx_word' id='word_1_23' title='bbox 126 855 211 889; x_wconf 69' lang='lat' dir='ltr'>culis,</span> <span class='ocrx_word' id='word_1_24' title='bbox 232 855 293 883; x_wconf 86' lang='lat' dir='ltr'>fide</span> <span class='ocrx_word' id='word_1_25' title='bbox 309 857 359 883; x_wconf 91' lang='lat' dir='ltr'>Io-</span> 
     </span>
     <span class='ocr_line' id='line_1_12' title="bbox 127 897 360 924; baseline 0.004 -9"><span class='ocrx_word' id='word_1_26' title='bbox 127 897 206 922; x_wconf 72' lang='lat' dir='ltr'>num,</span> <span class='ocrx_word' id='word_1_27' title='bbox 227 898 360 924; x_wconf 77' lang='lat' dir='ltr'>arguens</span> 
     </span>
     <span class='ocr_line' id='line_1_13' title="bbox 126 922 368 950; baseline 0.008 -2"><span class='ocrx_word' id='word_1_28' title='bbox 126 922 200 949; x_wconf 80' lang='lat' dir='ltr'>illud</span> <span class='ocrx_word' id='word_1_29' title='bbox 223 922 368 950; x_wconf 78' lang='lat' dir='ltr'><strong>Artabani</strong></span> 
     </span>
     <span class='ocr_line' id='line_1_14' title="bbox 125 955 369 987; baseline 0.008 -6"><span class='ocrx_word' id='word_1_30' title='bbox 125 955 318 987; x_wconf 69' lang='lat' dir='ltr'><strong>prudentiam</strong></span> <span class='ocrx_word' id='word_1_31' title='bbox 338 961 369 983; x_wconf 85' lang='lat' dir='ltr'>et</span> 
     </span>
     <span class='ocr_line' id='line_1_15' title="bbox 124 988 397 1023; baseline 0.004 -7"><span class='ocrx_word' id='word_1_32' title='bbox 124 988 397 1023; x_wconf 57' lang='lat' dir='ltr'>ivi-avitatem‚xer-</span> 
     </span>
    </p>
   </div>
   <div class='ocr_carea' id='block_1_9' title="bbox 124 1020 399 1051">
    <p class='ocr_par' dir='ltr' id='par_1_9' title="bbox 124 1020 399 1051">
     <span class='ocr_line' id='line_1_16' title="bbox 124 1020 399 1051; baseline 0.015 -4"><span class='ocrx_word' id='word_1_33' title='bbox 124 1020 167 1048; x_wconf 60' lang='lat' dir='ltr'>{is</span> <span class='ocrx_word' id='word_1_34' title='bbox 187 1023 350 1051; x_wconf 81' lang='lat' dir='ltr'>stultitiam</span> <span class='ocrx_word' id='word_1_35' title='bbox 367 1027 399 1051; x_wconf 74' lang='lat' dir='ltr'>et</span> 
     </span>
    </p>
   </div>
   <div class='ocr_carea' id='block_1_10' title="bbox 125 1057 341 1085">
    <p class='ocr_par' dir='ltr' id='par_1_10' title="bbox 125 1057 341 1085">
     <span class='ocr_line' id='line_1_17' title="bbox 125 1057 341 1085; baseline 0.014 -3"><span class='ocrx_word' id='word_1_36' title='bbox 125 1057 341 1085; x_wconf 61' lang='lat' dir='ltr'>temeritatem.</span> 
     </span>
    </p>
   </div>
   <div class='ocr_carea' id='block_1_11' title="bbox 463 211 549 251">
    <p class='ocr_par' dir='ltr' id='par_1_11' title="bbox 463 211 549 251">
     <span class='ocr_line' id='line_1_18' title="bbox 463 211 549 251; baseline -0.012 0"><span class='ocrx_word' id='word_1_37' title='bbox 463 211 549 251; x_wconf 82' lang='lat'>516</span> 
     </span>
    </p>
   </div>
   <div class='ocr_carea' id='block_1_12' title="bbox 861 212 1333 250">
    <p class='ocr_par' dir='ltr' id='par_1_12' title="bbox 861 212 1333 250">
     <span class='ocr_line' id='line_1_19' title="bbox 861 212 1333 250; baseline 0.002 -3"><span class='ocrx_word' id='word_1_38' title='bbox 861 212 1333 250; x_wconf 87' lang='lat' dir='ltr'>HERODOTI</span> 
     </span>
    </p>
   </div>
   <div class='ocr_carea' id='block_1_13' title="bbox 461 315 1733 447">
    <p class='ocr_par' dir='ltr' id='par_1_13' title="bbox 461 315 1733 447">
     <span class='ocr_line' id='line_1_20' title="bbox 463 315 1733 378; baseline 0.006 -18"><span class='ocrx_word' id='word_1_39' title='bbox 463 334 506 361; x_wconf 84' lang='grc' dir='ltr'>τε</span> <span class='ocrx_word' id='word_1_40' title='bbox 535 321 589 375; x_wconf 83' lang='grc' dir='ltr'>τῇ</span> <span class='ocrx_word' id='word_1_41' title='bbox 628 315 787 375; x_wconf 74' lang='grc' dir='ltr'><em>ἁμίλλῃ</em></span> <span class='ocrx_word' id='word_1_42' title='bbox 823 319 896 369; x_wconf 78' lang='grc' dir='ltr'>καὶ</span> <span class='ocrx_word' id='word_1_43' title='bbox 929 322 988 375; x_wconf 81' lang='grc' dir='ltr'>’τῇ</span> <span class='ocrx_word' id='word_1_44' title='bbox 1029 324 1220 378; x_wconf 80' lang='grc' dir='ltr'><strong><em>στρατιῇ.</em></strong></span> <span class='ocrx_word' id='word_1_45' title='bbox 1275 319 1353 373; x_wconf 81' lang='grc' dir='ltr'>Ὡς</span> <span class='ocrx_word' id='word_1_46' title='bbox 1390 322 1436 365; x_wconf 82' lang='grc' dir='ltr'>δὲ</span> <span class='ocrx_word' id='word_1_47' title='bbox 1466 321 1562 377; x_wconf 72' lang='grc' dir='ltr'><strong><em>ὥρα</em></strong></span> <span class='ocrx_word' id='word_1_48' title='bbox 1589 322 1733 368; x_wconf 82' lang='grc' dir='ltr'><strong><em>πάντα</em></strong></span> 
     </span>
     <span class='ocr_line' id='line_1_21' title="bbox 461 384 1732 447; baseline 0.006 -20"><span class='ocrx_word' id='word_1_49' title='bbox 461 387 540 441; x_wconf 79' lang='grc' dir='ltr'>μὲν</span> <span class='ocrx_word' id='word_1_50' title='bbox 570 384 647 428; x_wconf 90' lang='grc' dir='ltr'>τὸν</span> <span class='ocrx_word' id='word_1_51' title='bbox 671 384 998 441; x_wconf 78' lang='grc' dir='ltr'><em>Ἑλλήσποντον</em></span> <span class='ocrx_word' id='word_1_52' title='bbox 1026 385 1114 431; x_wconf 79' lang='grc' dir='ltr'>ὑπὸ</span> <span class='ocrx_word' id='word_1_53' title='bbox 1146 392 1237 432; x_wconf 77' lang='grc' dir='ltr'>τῶν</span> <span class='ocrx_word' id='word_1_54' title='bbox 1265 393 1379 433; x_wconf 74' lang='grc' dir='ltr'><strong><em>νεῶν</em></strong></span> <span class='ocrx_word' id='word_1_55' title='bbox 1406 387 1732 447; x_wconf 76' lang='grc' dir='ltr'><strong><em>ἀποκεκρυμμέ-</em></strong></span> 
     </span>
    </p>
   </div>
   <div class='ocr_carea' id='block_1_14' title="bbox 458 452 1786 649">
    <p class='ocr_par' dir='ltr' id='par_1_14' title="bbox 458 452 1786 649">
     <span class='ocr_line' id='line_1_22' title="bbox 462 452 1786 513; baseline 0.007 -19"><span class='ocrx_word' id='word_1_56' title='bbox 462 469 571 504; x_wconf 87' lang='grc' dir='ltr'><strong><em>νον,</em></strong></span> <span class='ocrx_word' id='word_1_57' title='bbox 601 452 745 505; x_wconf 79' lang='grc' dir='ltr'><strong><em>πάσας</em></strong></span> <span class='ocrx_word' id='word_1_58' title='bbox 779 455 825 498; x_wconf 80' lang='grc' dir='ltr'>δὲ</span> <span class='ocrx_word' id='word_1_59' title='bbox 853 456 929 506; x_wconf 75' lang='grc' dir='ltr'>τὰς</span> <span class='ocrx_word' id='word_1_60' title='bbox 969 453 1101 506; x_wconf 73' lang='grc' dir='ltr'><strong><em>ἀκτάς</em></strong></span> <span class='ocrx_word' id='word_1_61' title='bbox 1130 457 1203 499; x_wconf 86' lang='grc' dir='ltr'>καὶ</span> <span class='ocrx_word' id='word_1_62' title='bbox 1231 456 1283 500; x_wconf 79' lang='grc' dir='ltr'>τοὶ</span> <span class='ocrx_word' id='word_1_63' title='bbox 1320 455 1571 513; x_wconf 78' lang='grc' dir='ltr'><strong><em>Ἀβυδηνῶν</em></strong></span> <span class='ocrx_word' id='word_1_64' title='bbox 1601 461 1730 503; x_wconf 83' lang='grc' dir='ltr'><em>πεδία</em></span> <span class='ocrx_word' id='word_1_65' title='bbox 1743 465 1786 500; x_wconf 85' lang='grc'>55</span> 
     </span>
     <span class='ocr_line' id='line_1_23' title="bbox 461 519 1732 582; baseline 0.006 -20"><span class='ocrx_word' id='word_1_66' title='bbox 461 520 638 563; x_wconf 78' lang='grc' dir='ltr'><em>ἐπίπλεα</em></span> <span class='ocrx_word' id='word_1_67' title='bbox 660 519 934 576; x_wconf 76' lang='grc' dir='ltr'><strong><em>ἀνθρώπων,</em></strong></span> <span class='ocrx_word' id='word_1_68' title='bbox 965 523 1159 567; x_wconf 79' lang='grc' dir='ltr'><strong><em>ἐνθαῦτα</em></strong></span> <span class='ocrx_word' id='word_1_69' title='bbox 1189 525 1350 582; x_wconf 75' lang='grc' dir='ltr'><strong><em>Ξέρξης</em></strong></span> <span class='ocrx_word' id='word_1_70' title='bbox 1380 525 1546 569; x_wconf 78' lang='grc' dir='ltr'><strong><em>ἑωυτόν</em></strong></span> <span class='ocrx_word' id='word_1_71' title='bbox 1577 527 1732 581; x_wconf 77' lang='grc' dir='ltr'><strong><em>ἐμακά-</em></strong></span> 
     </span>
     <span class='ocr_line' id='line_1_24' title="bbox 458 589 1730 649; baseline 0.005 -18"><span class='ocrx_word' id='word_1_72' title='bbox 458 600 572 643; x_wconf 89' lang='grc' dir='ltr'><strong><em>ρισε·</em></strong></span> <span class='ocrx_word' id='word_1_73' title='bbox 605 589 712 644; x_wconf 75' lang='grc' dir='ltr'><strong><em>μετὰ</em></strong></span> <span class='ocrx_word' id='word_1_74' title='bbox 739 591 784 634; x_wconf 79' lang='grc' dir='ltr'>δὲ</span> <span class='ocrx_word' id='word_1_75' title='bbox 805 595 960 641; x_wconf 83' lang='grc' dir='ltr'><strong><em>τοῦτο,</em></strong></span> <span class='ocrx_word' id='word_1_76' title='bbox 991 592 1212 647; x_wconf 75' lang='grc' dir='ltr'><strong><em>ἐδάκρυσε.</em></strong></span> <span class='ocrx_word' id='word_1_77' title='bbox 1251 593 1430 637; x_wconf 74' lang='grc' dir='ltr'><strong><em>Μαθὼν</em></strong></span> <span class='ocrx_word' id='word_1_78' title='bbox 1461 595 1508 637; x_wconf 81' lang='grc' dir='ltr'>δέ</span> <span class='ocrx_word' id='word_1_79' title='bbox 1538 610 1614 649; x_wconf 91' lang='grc' dir='ltr'>μιν</span> <span class='ocrx_word' id='word_1_80' title='bbox 1640 593 1730 649; x_wconf 88' lang='grc' dir='ltr'><strong><em>Ἀρ-</em></strong></span> 
     </span>
    </p>
   </div>
   <div class='ocr_carea' id='block_1_15' title="bbox 461 655 1728 717">
    <p class='ocr_par' dir='ltr' id='par_1_15' title="bbox 461 655 1728 717">
     <span class='ocr_line' id='line_1_25' title="bbox 461 655 1728 717; baseline 0.005 -18"><span class='ocrx_word' id='word_1_81' title='bbox 461 655 654 712; x_wconf 80' lang='grc' dir='ltr'><strong><em>τοῖβανος</em></strong></span> <span class='ocrx_word' id='word_1_82' title='bbox 692 655 716 701; x_wconf 91' lang='grc' dir='ltr'>ὁ</span> <span class='ocrx_word' id='word_1_83' title='bbox 753 659 951 714; x_wconf 73' lang='grc' dir='ltr'>πάτρως.</span> <span class='ocrx_word' id='word_1_84' title='bbox 991 659 1039 710; x_wconf 79' lang='grc' dir='ltr'>ὃς</span> <span class='ocrx_word' id='word_1_85' title='bbox 1077 661 1128 704; x_wconf 85' lang='grc' dir='ltr'>τὸ</span> <span class='ocrx_word' id='word_1_86' title='bbox 1159 665 1336 716; x_wconf 76' lang='grc' dir='ltr'><strong><em>πρῶτον</em></strong></span> <span class='ocrx_word' id='word_1_87' title='bbox 1374 660 1555 717; x_wconf 80' lang='grc' dir='ltr'><strong><em>γνώμην</em></strong></span> <span class='ocrx_word' id='word_1_88' title='bbox 1584 660 1728 706; x_wconf 81' lang='grc' dir='ltr'><em>ἀπεδὲ·</em></span> 
     </span>
    </p>
   </div>
   <div class='ocr_carea' id='block_1_16' title="bbox 463 725 1786 787">
    <p class='ocr_par' dir='ltr' id='par_1_16' title="bbox 463 725 1786 787">
     <span class='ocr_line' id='line_1_26' title="bbox 463 725 1786 787; baseline 0.004 -20"><span class='ocrx_word' id='word_1_89' title='bbox 463 725 565 776; x_wconf 82' lang='grc' dir='ltr'><strong><em>ξατο</em></strong></span> <span class='ocrx_word' id='word_1_90' title='bbox 595 725 859 781; x_wconf 73' lang='grc' dir='ltr'><em>ἐλευθέρως,</em></span> <span class='ocrx_word' id='word_1_91' title='bbox 896 726 950 770; x_wconf 81' lang='grc' dir='ltr'>οὐ</span> <span class='ocrx_word' id='word_1_92' title='bbox 983 729 1297 784; x_wconf 84' lang='grc' dir='ltr'><em>συμβουλεύων</em></span> <span class='ocrx_word' id='word_1_93' title='bbox 1327 729 1466 787; x_wconf 79' lang='grc' dir='ltr'><strong><em>,Ξέρξῃ</em></strong></span> <span class='ocrx_word' id='word_1_94' title='bbox 1498 729 1786 784; x_wconf 75' lang='grc' dir='ltr'><strong><em>στρατεύε-ΘΟ</em></strong></span> 
     </span>
    </p>
   </div>
   <div class='ocr_carea' id='block_1_17' title="bbox 462 791 1730 852">
    <p class='ocr_par' dir='ltr' id='par_1_17' title="bbox 462 791 1730 852">
     <span class='ocr_line' id='line_1_27' title="bbox 462 791 1730 852; baseline 0.005 -17"><span class='ocrx_word' id='word_1_95' title='bbox 462 798 567 836; x_wconf 82' lang='grc' dir='ltr'>σθαι</span> <span class='ocrx_word' id='word_1_96' title='bbox 598 793 666 837; x_wconf 81' lang='grc' dir='ltr'>ἐπὶ</span> <span class='ocrx_word' id='word_1_97' title='bbox 695 794 774 849; x_wconf 79' lang='grc' dir='ltr'>τήν</span> <span class='ocrx_word' id='word_1_98' title='bbox 799 794 1009 848; x_wconf 83' lang='grc' dir='ltr'><em>Ἑλλάδα,</em></span> <span class='ocrx_word' id='word_1_99' title='bbox 1051 791 1180 848; x_wconf 78' lang='grc' dir='ltr'><strong><em>οὗτος</em></strong></span> <span class='ocrx_word' id='word_1_100' title='bbox 1205 796 1340 852; x_wconf 49' lang='lat' dir='ltr'>‘nimbo</span> <span class='ocrx_word' id='word_1_101' title='bbox 1380 798 1598 852; x_wconf 81' lang='grc' dir='ltr'><em>φρασθεὶς</em></span> <span class='ocrx_word' id='word_1_102' title='bbox 1626 797 1730 851; x_wconf 76' lang='grc' dir='ltr'><strong><em>Ξέρ-</em></strong></span> 
     </span>
    </p>
   </div>
   <div class='ocr_carea' id='block_1_18' title="bbox 430 860 1732 988">
    <p class='ocr_par' dir='ltr' id='par_1_18' title="bbox 430 860 1732 988">
     <span class='ocr_line' id='line_1_28' title="bbox 430 860 1729 921; baseline 0.005 -18"><span class='ocrx_word' id='word_1_103' title='bbox 430 862 533 913; x_wconf 71' lang='grc' dir='ltr'><strong><em>Ξξεα</em></strong></span> <span class='ocrx_word' id='word_1_104' title='bbox 565 861 866 916; x_wconf 77' lang='grc' dir='ltr'><strong><em>δακρύσαντα,</em></strong></span> <span class='ocrx_word' id='word_1_105' title='bbox 899 865 1038 916; x_wconf 79' lang='grc' dir='ltr'><strong><em>εἴρετο</em></strong></span> <span class='ocrx_word' id='word_1_106' title='bbox 1069 863 1191 908; x_wconf 81' lang='grc' dir='ltr'><strong><em>τάδε·</em></strong></span> <span class='ocrx_word' id='word_1_107' title='bbox 1227 860 1302 917; x_wconf 69' lang='lat'>„³52</span> <span class='ocrx_word' id='word_1_108' title='bbox 1332 868 1536 921; x_wconf 85' lang='grc' dir='ltr'><strong><em>βασιλεῦ,</em></strong></span> <span class='ocrx_word' id='word_1_109' title='bbox 1568 863 1626 916; x_wconf 77' lang='grc' dir='ltr'>ὥς</span> <span class='ocrx_word' id='word_1_110' title='bbox 1654 879 1729 908; x_wconf 86' lang='grc' dir='ltr'>πο-</span> 
     </span>
     <span class='ocr_line' id='line_1_29' title="bbox 462 929 1732 988; baseline 0.002 -15"><span class='ocrx_word' id='word_1_111' title='bbox 462 929 543 981; x_wconf 80' lang='grc' dir='ltr'><em>,,λυ“</em></span> <span class='ocrx_word' id='word_1_112' title='bbox 575 929 773 986; x_wconf 70' lang='grc' dir='ltr'><em>ἀλλήλων</em></span> <span class='ocrx_word' id='word_1_113' title='bbox 802 931 1094 987; x_wconf 82' lang='grc' dir='ltr'><strong><em>κεχωρισμένα</em></strong></span> <span class='ocrx_word' id='word_1_114' title='bbox 1126 932 1312 988; x_wconf 81' lang='grc' dir='ltr'>ἐργάσαο</span> <span class='ocrx_word' id='word_1_115' title='bbox 1349 937 1436 976; x_wconf 81' lang='grc' dir='ltr'>νῦν</span> <span class='ocrx_word' id='word_1_116' title='bbox 1472 950 1517 977; x_wconf 86' lang='grc' dir='ltr'>τε</span> <span class='ocrx_word' id='word_1_117' title='bbox 1545 932 1618 976; x_wconf 85' lang='grc' dir='ltr'>καὶ</span> <span class='ocrx_word' id='word_1_118' title='bbox 1647 930 1732 976; x_wconf 86' lang='grc' dir='ltr'><em>ὀλί-</em></span> 
     </span>
    </p>
   </div>
   <div class='ocr_carea' id='block_1_19' title="bbox 615 1239 855 1291">
    <p class='ocr_par' dir='ltr' id='par_1_19' title="bbox 615 1239 855 1291">
     <span class='ocr_line' id='line_1_30' title="bbox 615 1239 855 1291; baseline 0.008 -15"><span class='ocrx_word' id='word_1_119' title='bbox 615 1239 708 1291; x_wconf 78' lang='lat' dir='ltr'><strong>Cap.</strong></span> <span class='ocrx_word' id='word_1_120' title='bbox 736 1241 855 1278; x_wconf 87' lang='lat' dir='ltr'><strong>XLV.</strong></span> 
     </span>
    </p>
   </div>
   <div class='ocr_carea' id='block_1_20' title="bbox 389 1313 1062 2501">
    <p class='ocr_par' dir='ltr' id='par_1_20' title="bbox 389 1313 1062 2501">
     <span class='ocr_line' id='line_1_31' title="bbox 455 1313 1059 1373; baseline 0.012 -19"><span class='ocrx_word' id='word_1_121' title='bbox 455 1313 550 1365; x_wconf 74' lang='grc' dir='ltr'><strong><em>μετοέ</em></strong></span> <span class='ocrx_word' id='word_1_122' title='bbox 591 1315 635 1356; x_wconf 73' lang='grc' dir='ltr'>δὲ</span> <span class='ocrx_word' id='word_1_123' title='bbox 680 1321 811 1367; x_wconf 80' lang='grc' dir='ltr'><strong><em>τοῦτο,</em></strong></span> <span class='ocrx_word' id='word_1_124' title='bbox 842 1317 1059 1373; x_wconf 75' lang='grc' dir='ltr'><strong><em>ἐδάκρυσε]</em></strong></span> 
     </span>
     <span class='ocr_line' id='line_1_32' title="bbox 395 1372 1061 1423; baseline 0.011 -14"><span class='ocrx_word' id='word_1_125' title='bbox 395 1372 551 1423; x_wconf 78' lang='lat' dir='ltr'>„Specie</span> <span class='ocrx_word' id='word_1_126' title='bbox 592 1375 765 1423; x_wconf 71' lang='lat' dir='ltr'>alienam,</span> <span class='ocrx_word' id='word_1_127' title='bbox 816 1390 936 1415; x_wconf 79' lang='lat' dir='ltr'>revera</span> <span class='ocrx_word' id='word_1_128' title='bbox 960 1391 1061 1416; x_wconf 79' lang='lat' dir='ltr'>suam</span> 
     </span>
     <span class='ocr_line' id='line_1_33' title="bbox 395 1430 1061 1482; baseline 0.008 -15"><span class='ocrx_word' id='word_1_129' title='bbox 395 1430 623 1467; x_wconf 69' lang='lat' dir='ltr'>conditionem</span> <span class='ocrx_word' id='word_1_130' title='bbox 675 1431 872 1482; x_wconf 77' lang='lat' dir='ltr'><em>deplorasse</em></span> <span class='ocrx_word' id='word_1_131' title='bbox 924 1435 1061 1472; x_wconf 73' lang='lat' dir='ltr'>videtur</span> 
     </span>
     <span class='ocr_line' id='line_1_34' title="bbox 396 1487 1058 1541; baseline 0.011 -20"><span class='ocrx_word' id='word_1_132' title='bbox 396 1487 565 1535; x_wconf 80' lang='lat' dir='ltr'>(Valerio</span> <span class='ocrx_word' id='word_1_133' title='bbox 597 1489 701 1524; x_wconf 82' lang='lat' dir='ltr'>Max.</span> <span class='ocrx_word' id='word_1_134' title='bbox 722 1490 790 1536; x_wconf 81' lang='lat' dir='ltr'>IX,</span> <span class='ocrx_word' id='word_1_135' title='bbox 826 1493 876 1530; x_wconf 82' lang='lat'>13</span> <span class='ocrx_word' id='word_1_136' title='bbox 901 1499 977 1530; x_wconf 81' lang='lat' dir='ltr'>ext.</span> <span class='ocrx_word' id='word_1_137' title='bbox 1016 1490 1058 1541; x_wconf 90' lang='lat'>1)</span> 
     </span>
     <span class='ocr_line' id='line_1_35' title="bbox 395 1545 1062 1596; baseline 0.009 -17"><span class='ocrx_word' id='word_1_138' title='bbox 395 1555 496 1593; x_wconf 84' lang='lat' dir='ltr'>opum</span> <span class='ocrx_word' id='word_1_139' title='bbox 514 1545 781 1593; x_wconf 75' lang='lat' dir='ltr'>magnitudine,</span> <span class='ocrx_word' id='word_1_140' title='bbox 814 1559 918 1596; x_wconf 75' lang='lat' dir='ltr'>quam</span> <span class='ocrx_word' id='word_1_141' title='bbox 938 1549 1062 1585; x_wconf 74' lang='lat' dir='ltr'>altiori</span> 
     </span>
     <span class='ocr_line' id='line_1_36' title="bbox 394 1601 1059 1650; baseline 0.008 -15"><span class='ocrx_word' id='word_1_142' title='bbox 394 1601 506 1636; x_wconf 83' lang='lat' dir='ltr'>animi</span> <span class='ocrx_word' id='word_1_143' title='bbox 514 1613 613 1636; x_wconf 77' lang='lat' dir='ltr'>sensu</span> <span class='ocrx_word' id='word_1_144' title='bbox 621 1601 812 1650; x_wconf 74' lang='lat' dir='ltr'>facz&#39;lior“:</span> <span class='ocrx_word' id='word_1_145' title='bbox 826 1603 947 1640; x_wconf 71' lang='lat' dir='ltr'>videri</span> <span class='ocrx_word' id='word_1_146' title='bbox 956 1606 1059 1640; x_wconf 85' lang='lat' dir='ltr'>enim</span> 
     </span>
     <span class='ocr_line' id='line_1_37' title="bbox 393 1656 1059 1710; baseline 0.011 -19"><span class='ocrx_word' id='word_1_147' title='bbox 393 1656 515 1692; x_wconf 85' lang='lat' dir='ltr'>voluit</span> <span class='ocrx_word' id='word_1_148' title='bbox 536 1658 685 1694; x_wconf 84' lang='lat' dir='ltr'><strong>Xerxes</strong></span> <span class='ocrx_word' id='word_1_149' title='bbox 706 1658 945 1710; x_wconf 72' lang='lat' dir='ltr'>lacrymans,</span> <span class='ocrx_word' id='word_1_150' title='bbox 969 1661 1059 1710; x_wconf 77' lang='lat' dir='ltr'>quod</span> 
     </span>
     <span class='ocr_line' id='line_1_38' title="bbox 393 1711 1060 1754; baseline 0.01 -6"><span class='ocrx_word' id='word_1_151' title='bbox 393 1719 499 1749; x_wconf 83' lang='lat' dir='ltr'>tanta</span> <span class='ocrx_word' id='word_1_152' title='bbox 514 1711 716 1750; x_wconf 87' lang='lat' dir='ltr'>hominum</span> <span class='ocrx_word' id='word_1_153' title='bbox 737 1713 941 1754; x_wconf 80' lang='lat' dir='ltr'>multitudo</span> <span class='ocrx_word' id='word_1_154' title='bbox 963 1719 1060 1754; x_wconf 79' lang='lat' dir='ltr'>intra</span> 
     </span>
     <span class='ocr_line' id='line_1_39' title="bbox 394 1773 1058 1811; baseline 0.009 -6"><span class='ocrx_word' id='word_1_155' title='bbox 394 1773 528 1806; x_wconf 80' lang='lat' dir='ltr'>centum</span> <span class='ocrx_word' id='word_1_156' title='bbox 552 1784 659 1807; x_wconf 81' lang='lat' dir='ltr'>annos</span> <span class='ocrx_word' id='word_1_157' title='bbox 675 1775 760 1808; x_wconf 80' lang='lat' dir='ltr'>esset</span> <span class='ocrx_word' id='word_1_158' title='bbox 779 1773 931 1810; x_wconf 78' lang='lat' dir='ltr'>obitura.</span> <span class='ocrx_word' id='word_1_159' title='bbox 953 1776 1058 1811; x_wconf 82' lang='lat' dir='ltr'>Haec</span> 
     </span>
     <span class='ocr_line' id='line_1_40' title="bbox 395 1829 1058 1879; baseline 0.011 -18"><span class='ocrx_word' id='word_1_160' title='bbox 395 1832 432 1861; x_wconf 87' lang='lat' dir='ltr'>et</span> <span class='ocrx_word' id='word_1_161' title='bbox 439 1838 545 1877; x_wconf 86' lang='lat' dir='ltr'>seqq.</span> <span class='ocrx_word' id='word_1_162' title='bbox 555 1829 686 1877; x_wconf 81' lang='lat' dir='ltr'>paucis</span> <span class='ocrx_word' id='word_1_163' title='bbox 699 1831 880 1879; x_wconf 80' lang='lat' dir='ltr'>expressit</span> <span class='ocrx_word' id='word_1_164' title='bbox 897 1831 1058 1868; x_wconf 74' lang='lat' dir='ltr'>Tzetzes</span> 
     </span>
     <span class='ocr_line' id='line_1_41' title="bbox 393 1880 1058 1930; baseline 0.012 -13"><span class='ocrx_word' id='word_1_165' title='bbox 393 1880 493 1919; x_wconf 87' lang='lat' dir='ltr'>chil.</span> <span class='ocrx_word' id='word_1_166' title='bbox 514 1885 542 1930; x_wconf 82' lang='grc' dir='ltr'>Ι,</span> <span class='ocrx_word' id='word_1_167' title='bbox 563 1883 644 1923; x_wconf 80' lang='grc'>940</span> <span class='ocrx_word' id='word_1_168' title='bbox 666 1891 738 1922; x_wconf 83' lang='lat' dir='ltr'>etc.</span> <span class='ocrx_word' id='word_1_169' title='bbox 795 1886 1058 1924; x_wconf 77' lang='lat' dir='ltr'>Herodotemn</span> 
     </span>
     <span class='ocr_line' id='line_1_42' title="bbox 393 1940 1058 1982; baseline 0.012 -8"><span class='ocrx_word' id='word_1_170' title='bbox 393 1945 522 1975; x_wconf 84' lang='lat' dir='ltr'>autem</span> <span class='ocrx_word' id='word_1_171' title='bbox 543 1940 683 1978; x_wconf 81' lang='lat' dir='ltr'>Xerxis</span> <span class='ocrx_word' id='word_1_172' title='bbox 714 1948 752 1978; x_wconf 85' lang='lat' dir='ltr'>et</span> <span class='ocrx_word' id='word_1_173' title='bbox 771 1943 955 1980; x_wconf 78' lang='lat' dir='ltr'>Artabani</span> <span class='ocrx_word' id='word_1_174' title='bbox 976 1946 1058 1982; x_wconf 90' lang='lat' dir='ltr'>col—</span> 
     </span>
     <span class='ocr_line' id='line_1_43' title="bbox 392 1995 1057 2052; baseline 0.012 -22"><span class='ocrx_word' id='word_1_175' title='bbox 392 1995 569 2046; x_wconf 88' lang='lat' dir='ltr'>loquian</span> <span class='ocrx_word' id='word_1_176' title='bbox 598 1998 646 2033; x_wconf 92' lang='lat' dir='ltr'>ob</span> <span class='ocrx_word' id='word_1_177' title='bbox 674 2001 948 2037; x_wconf 81' lang='lat' dir='ltr'>sententiarum</span> <span class='ocrx_word' id='word_1_178' title='bbox 967 2015 1057 2052; x_wconf 86' lang='lat' dir='ltr'>per-</span> 
     </span>
     <span class='ocr_line' id='line_1_44' title="bbox 389 2053 1056 2106; baseline 0.01 -18"><span class='ocrx_word' id='word_1_179' title='bbox 389 2053 490 2088; x_wconf 88' lang='lat' dir='ltr'>sonis</span> <span class='ocrx_word' id='word_1_180' title='bbox 511 2065 723 2103; x_wconf 81' lang='lat' dir='ltr'>congruam</span> <span class='ocrx_word' id='word_1_181' title='bbox 750 2057 1056 2106; x_wconf 80' lang='lat' dir='ltr'>magnitudinem</span> 
     </span>
     <span class='ocr_line' id='line_1_45' title="bbox 389 2108 1054 2164; baseline 0.012 -21"><span class='ocrx_word' id='word_1_182' title='bbox 389 2108 549 2145; x_wconf 85' lang='lat' dir='ltr'>miratur</span> <span class='ocrx_word' id='word_1_183' title='bbox 577 2112 840 2161; x_wconf 77' lang='lat' dir='ltr'>Hermogenes</span> <span class='ocrx_word' id='word_1_184' title='bbox 869 2128 906 2164; x_wconf 90' lang='lat' dir='ltr'>p.</span> <span class='ocrx_word' id='word_1_185' title='bbox 929 2114 1054 2155; x_wconf 76' lang='lat'>509.“</span> 
     </span>
     <span class='ocr_line' id='line_1_46' title="bbox 397 2163 1054 2221; baseline 0.012 -22"><span class='ocrx_word' id='word_1_186' title='bbox 397 2163 621 2202; x_wconf 79' lang='lat' dir='ltr'>Valcken.</span> <span class='ocrx_word' id='word_1_187' title='bbox 659 2167 762 2205; x_wconf 84' lang='lat' dir='ltr'>Add.</span> <span class='ocrx_word' id='word_1_188' title='bbox 802 2170 916 2206; x_wconf 81' lang='lat' dir='ltr'>Plinii</span> <span class='ocrx_word' id='word_1_189' title='bbox 954 2172 1054 2221; x_wconf 88' lang='lat' dir='ltr'><strong>Epp.</strong></span> 
     </span>
     <span class='ocr_line' id='line_1_47' title="bbox 389 2221 1055 2266; baseline 0.018 -11"><span class='ocrx_word' id='word_1_190' title='bbox 389 2221 456 2266; x_wconf 75' lang='grc' dir='ltr'>ΙΙΙ,</span> <span class='ocrx_word' id='word_1_191' title='bbox 479 2223 518 2260; x_wconf 87' lang='lat'>7.</span> <span class='ocrx_word' id='word_1_192' title='bbox 541 2243 595 2249; x_wconf 89' lang='lat'>——</span> <span class='ocrx_word' id='word_1_193' title='bbox 615 2222 676 2259; x_wconf 87' lang='lat' dir='ltr'>Ad</span> <span class='ocrx_word' id='word_1_194' title='bbox 698 2224 862 2261; x_wconf 82' lang='lat' dir='ltr'>formam</span> <span class='ocrx_word' id='word_1_195' title='bbox 890 2225 1055 2266; x_wconf 80' lang='grc' dir='ltr'>ἐπίπλεα</span> 
     </span>
     <span class='ocr_line' id='line_1_48' title="bbox 391 2275 1055 2331; baseline 0.011 -19"><span class='ocrx_word' id='word_1_196' title='bbox 391 2275 479 2326; x_wconf 86' lang='lat' dir='ltr'>(pro</span> <span class='ocrx_word' id='word_1_197' title='bbox 509 2276 697 2328; x_wconf 81' lang='grc' dir='ltr'>ἐπίπλεω)</span> <span class='ocrx_word' id='word_1_198' title='bbox 727 2282 766 2316; x_wconf 88' lang='lat' dir='ltr'>in</span> <span class='ocrx_word' id='word_1_199' title='bbox 787 2283 963 2331; x_wconf 79' lang='lat' dir='ltr'>proxime</span> <span class='ocrx_word' id='word_1_200' title='bbox 984 2296 1055 2319; x_wconf 81' lang='lat' dir='ltr'>an·-</span> 
     </span>
     <span class='ocr_line' id='line_1_49' title="bbox 389 2331 1053 2376; baseline 0.012 -8"><span class='ocrx_word' id='word_1_201' title='bbox 389 2331 651 2371; x_wconf 82' lang='lat' dir='ltr'>tecedentibus</span> <span class='ocrx_word' id='word_1_202' title='bbox 682 2338 783 2373; x_wconf 86' lang='lat' dir='ltr'>conf.</span> <span class='ocrx_word' id='word_1_203' title='bbox 819 2337 994 2375; x_wconf 84' lang='lat' dir='ltr'>Grashof.</span> <span class='ocrx_word' id='word_1_204' title='bbox 1014 2341 1053 2376; x_wconf 87' lang='lat' dir='ltr'>in</span> 
     </span>
     <span class='ocr_line' id='line_1_50' title="bbox 390 2388 1052 2444; baseline 0.011 -19"><span class='ocrx_word' id='word_1_205' title='bbox 390 2388 678 2441; x_wconf 76' lang='lat' dir='ltr'>Schulzeitung.</span> <span class='ocrx_word' id='word_1_206' title='bbox 704 2394 823 2434; x_wconf 83' lang='lat'><strong>1831.</strong></span> <span class='ocrx_word' id='word_1_207' title='bbox 845 2396 879 2429; x_wconf 92' lang='lat'>11</span> <span class='ocrx_word' id='word_1_208' title='bbox 900 2409 937 2444; x_wconf 74' lang='lat' dir='ltr'>p·</span> <span class='ocrx_word' id='word_1_209' title='bbox 958 2398 1052 2436; x_wconf 82' lang='lat'>703.</span> 
     </span>
     <span class='ocr_line' id='line_1_51' title="bbox 390 2445 1051 2501; baseline 0.012 -20"><span class='ocrx_word' id='word_1_210' title='bbox 390 2445 452 2482; x_wconf 87' lang='lat' dir='ltr'>Ad</span> <span class='ocrx_word' id='word_1_211' title='bbox 465 2447 623 2483; x_wconf 82' lang='lat' dir='ltr'>verbum</span> <span class='ocrx_word' id='word_1_212' title='bbox 644 2445 857 2501; x_wconf 75' lang='grc' dir='ltr'><strong><em>ἐμακάρισε</em></strong></span> <span class='ocrx_word' id='word_1_213' title='bbox 868 2451 943 2488; x_wconf 79' lang='lat' dir='ltr'>vid.</span> <span class='ocrx_word' id='word_1_214' title='bbox 956 2459 1051 2489; x_wconf 88' lang='lat' dir='ltr'>nott.</span> 
     </span>
    </p>
   </div>
   <div class='ocr_carea' id='block_1_21' title="bbox 392 2501 846 2646">
    <p class='ocr_par' dir='ltr' id='par_1_21' title="bbox 392 2501 846 2646">
     <span class='ocr_line' id='line_1_52' title="bbox 392 2501 579 2551; baseline 0.016 -13"><span class='ocrx_word' id='word_1_215' title='bbox 392 2501 440 2540; x_wconf 86' lang='lat' dir='ltr'>ad</span> <span class='ocrx_word' id='word_1_216' title='bbox 460 2503 489 2551; x_wconf 90' lang='lat'>1,</span> <span class='ocrx_word' id='word_1_217' title='bbox 512 2506 579 2544; x_wconf 83' lang='lat'>31.</span> 
     </span>
     <span class='ocr_line' id='line_1_53' title="bbox 598 2593 846 2646; baseline 0.012 -16"><span class='ocrx_word' id='word_1_218' title='bbox 598 2593 690 2646; x_wconf 83' lang='lat' dir='ltr'><strong>Cap.</strong></span> <span class='ocrx_word' id='word_1_219' title='bbox 710 2595 846 2633; x_wconf 85' lang='lat' dir='ltr'><strong>XLVI.</strong></span> 
     </span>
    </p>
   </div>
   <div class='ocr_carea' id='block_1_22' title="bbox 388 2691 1050 2863">
    <p class='ocr_par' dir='ltr' id='par_1_22' title="bbox 388 2691 1050 2863">
     <span class='ocr_line' id='line_1_54' title="bbox 447 2691 1050 2749; baseline 0.012 -17"><span class='ocrx_word' id='word_1_220' title='bbox 447 2691 618 2733; x_wconf 70' lang='grc' dir='ltr'><strong><em>Μαθιδν</em></strong></span> <span class='ocrx_word' id='word_1_221' title='bbox 628 2693 748 2747; x_wconf 81' lang='grc' dir='ltr'><strong><em>δέμιν</em></strong></span> <span class='ocrx_word' id='word_1_222' title='bbox 765 2691 1004 2749; x_wconf 74' lang='grc' dir='ltr'><strong><em>Ἀρτάβανος</em></strong></span> <span class='ocrx_word' id='word_1_223' title='bbox 1024 2697 1050 2739; x_wconf 76' lang='grc' dir='ltr'><em>ὅ</em></span> 
     </span>
     <span class='ocr_line' id='line_1_55' title="bbox 389 2744 1048 2805; baseline 0.008 -17"><span class='ocrx_word' id='word_1_224' title='bbox 389 2744 549 2800; x_wconf 73' lang='grc' dir='ltr'><strong><em>πάτρως</em></strong></span> <span class='ocrx_word' id='word_1_225' title='bbox 564 2766 601 2790; x_wconf 88' lang='grc' dir='ltr'>κ.</span> <span class='ocrx_word' id='word_1_226' title='bbox 620 2767 651 2791; x_wconf 89' lang='grc' dir='ltr'>τ.</span> <span class='ocrx_word' id='word_1_227' title='bbox 674 2754 728 2802; x_wconf 89' lang='grc' dir='ltr'>λ.]</span> <span class='ocrx_word' id='word_1_228' title='bbox 758 2754 803 2789; x_wconf 91' lang='lat' dir='ltr'>In</span> <span class='ocrx_word' id='word_1_229' title='bbox 824 2753 911 2791; x_wconf 87' lang='lat' dir='ltr'>edd.</span> <span class='ocrx_word' id='word_1_230' title='bbox 932 2756 1048 2805; x_wconf 80' lang='lat' dir='ltr'>vulgo</span> 
     </span>
     <span class='ocr_line' id='line_1_56' title="bbox 388 2807 1048 2863; baseline 0.014 -22"><span class='ocrx_word' id='word_1_231' title='bbox 388 2807 543 2857; x_wconf 85' lang='lat' dir='ltr'>ponitur</span> <span class='ocrx_word' id='word_1_232' title='bbox 583 2809 705 2846; x_wconf 85' lang='lat' dir='ltr'>maior</span> <span class='ocrx_word' id='word_1_233' title='bbox 745 2808 933 2849; x_wconf 75' lang='lat' dir='ltr'>distinctio</span> <span class='ocrx_word' id='word_1_234' title='bbox 963 2819 1048 2863; x_wconf 89' lang='lat' dir='ltr'>post</span> 
     </span>
    </p>
   </div>
   <div class='ocr_carea' id='block_1_23' title="bbox 427 997 1851 1127">
    <p class='ocr_par' dir='ltr' id='par_1_23' title="bbox 427 997 1851 1127">
     <span class='ocr_line' id='line_1_57' title="bbox 427 997 1727 1057; baseline 0.002 -17"><span class='ocrx_word' id='word_1_235' title='bbox 427 1003 551 1057; x_wconf 83' lang='grc' dir='ltr'><strong><em>3,,γῳ</em></strong></span> <span class='ocrx_word' id='word_1_236' title='bbox 582 997 825 1054; x_wconf 64' lang='grc' dir='ltr'><strong><em>πρότερον5</em></strong></span> <span class='ocrx_word' id='word_1_237' title='bbox 856 1002 1098 1055; x_wconf 82' lang='grc' dir='ltr'><strong><em>μακαρίσας</em></strong></span> <span class='ocrx_word' id='word_1_238' title='bbox 1117 1000 1198 1057; x_wconf 74' lang='grc' dir='ltr'><strong><em>γὰρ</em></strong></span> <span class='ocrx_word' id='word_1_239' title='bbox 1231 1002 1446 1056; x_wconf 81' lang='grc' dir='ltr'><strong><em>σεωυτόν,</em></strong></span> <span class='ocrx_word' id='word_1_240' title='bbox 1484 999 1727 1056; x_wconf 80' lang='grc' dir='ltr'><strong><em>δακρύεις.“</em></strong></span> 
     </span>
     <span class='ocr_line' id='line_1_58' title="bbox 454 1063 1851 1127; baseline 0.006 -19"><span class='ocrx_word' id='word_1_241' title='bbox 454 1063 503 1108; x_wconf 89' lang='grc' dir='ltr'><em>Ὃ</em></span> <span class='ocrx_word' id='word_1_242' title='bbox 533 1066 579 1110; x_wconf 79' lang='grc' dir='ltr'>δὲ</span> <span class='ocrx_word' id='word_1_243' title='bbox 609 1064 719 1109; x_wconf 85' lang='grc' dir='ltr'><strong><em>εἶπε·</em></strong></span> <span class='ocrx_word' id='word_1_244' title='bbox 752 1065 957 1124; x_wconf 81' lang='grc' dir='ltr'><strong><em>,,Ἐσῆλθε</em></strong></span> <span class='ocrx_word' id='word_1_245' title='bbox 988 1067 1072 1125; x_wconf 77' lang='grc' dir='ltr'><strong><em>γάρ</em></strong></span> <span class='ocrx_word' id='word_1_246' title='bbox 1106 1086 1158 1125; x_wconf 89' lang='grc' dir='ltr'>με</span> <span class='ocrx_word' id='word_1_247' title='bbox 1179 1069 1467 1127; x_wconf 78' lang='grc' dir='ltr'>λογισάμενον</span> <span class='ocrx_word' id='word_1_248' title='bbox 1495 1072 1726 1114; x_wconf 82' lang='grc' dir='ltr'><strong><em>κατοικτεῖ-</em></strong></span> <span class='ocrx_word' id='word_1_249' title='bbox 1784 1073 1851 1116; x_wconf 73' lang='lat'>535</span> 
     </span>
    </p>
   </div>
   <div class='ocr_carea' id='block_1_24' title="bbox 1114 1239 1782 1862">
    <p class='ocr_par' dir='ltr' id='par_1_24' title="bbox 1114 1239 1782 1862">
     <span class='ocr_line' id='line_1_59' title="bbox 1119 1239 1782 1294; baseline -0.008 -12"><span class='ocrx_word' id='word_1_250' title='bbox 1119 1242 1185 1282; x_wconf 82' lang='grc' dir='ltr'>ἐπὶ</span> <span class='ocrx_word' id='word_1_251' title='bbox 1206 1240 1279 1294; x_wconf 82' lang='grc' dir='ltr'>τὴν</span> <span class='ocrx_word' id='word_1_252' title='bbox 1297 1239 1476 1291; x_wconf 72' lang='grc' dir='ltr'><em>Ἑλλάδα,</em></span> <span class='ocrx_word' id='word_1_253' title='bbox 1506 1243 1573 1279; x_wconf 84' lang='lat' dir='ltr'>ubi</span> <span class='ocrx_word' id='word_1_254' title='bbox 1591 1242 1782 1278; x_wconf 88' lang='lat' dir='ltr'>minorem</span> 
     </span>
     <span class='ocr_line' id='line_1_60' title="bbox 1117 1300 1781 1351; baseline 0.003 -15"><span class='ocrx_word' id='word_1_255' title='bbox 1117 1301 1210 1350; x_wconf 84' lang='lat' dir='ltr'>poni</span> <span class='ocrx_word' id='word_1_256' title='bbox 1240 1302 1425 1351; x_wconf 79' lang='lat' dir='ltr'>oportuit3</span> <span class='ocrx_word' id='word_1_257' title='bbox 1456 1313 1548 1336; x_wconf 86' lang='lat' dir='ltr'>nam</span> <span class='ocrx_word' id='word_1_258' title='bbox 1567 1300 1682 1337; x_wconf 79' lang='lat' dir='ltr'>verba</span> <span class='ocrx_word' id='word_1_259' title='bbox 1704 1314 1781 1350; x_wconf 87' lang='grc' dir='ltr'>μα-</span> 
     </span>
     <span class='ocr_line' id='line_1_61' title="bbox 1118 1353 1781 1408; baseline -0.006 -13"><span class='ocrx_word' id='word_1_260' title='bbox 1118 1353 1210 1396; x_wconf 77' lang='grc' dir='ltr'>θών</span> <span class='ocrx_word' id='word_1_261' title='bbox 1234 1357 1275 1395; x_wconf 80' lang='grc' dir='ltr'>δέ</span> <span class='ocrx_word' id='word_1_262' title='bbox 1294 1372 1361 1408; x_wconf 74' lang='grc' dir='ltr'>μιν</span> <span class='ocrx_word' id='word_1_263' title='bbox 1384 1358 1431 1393; x_wconf 90' lang='lat' dir='ltr'>ob</span> <span class='ocrx_word' id='word_1_264' title='bbox 1452 1370 1563 1395; x_wconf 81' lang='lat' dir='ltr'>voces</span> <span class='ocrx_word' id='word_1_265' title='bbox 1583 1357 1708 1407; x_wconf 86' lang='lat' dir='ltr'>plures</span> <span class='ocrx_word' id='word_1_266' title='bbox 1718 1356 1781 1392; x_wconf 87' lang='lat' dir='ltr'>in-</span> 
     </span>
     <span class='ocr_line' id='line_1_62' title="bbox 1117 1413 1780 1464; baseline -0.002 -15"><span class='ocrx_word' id='word_1_267' title='bbox 1117 1415 1289 1450; x_wconf 80' lang='lat' dir='ltr'>teriectas</span> <span class='ocrx_word' id='word_1_268' title='bbox 1341 1413 1518 1464; x_wconf 85' lang='lat' dir='ltr'>deinceps</span> <span class='ocrx_word' id='word_1_269' title='bbox 1558 1419 1780 1464; x_wconf 83' lang='lat' dir='ltr'>repetuntur</span> 
     </span>
     <span class='ocr_line' id='line_1_63' title="bbox 1116 1464 1780 1522; baseline 0.003 -17"><span class='ocrx_word' id='word_1_270' title='bbox 1116 1471 1239 1507; x_wconf 78' lang='lat' dir='ltr'>verbIS</span> <span class='ocrx_word' id='word_1_271' title='bbox 1262 1464 1378 1517; x_wconf 78' lang='grc' dir='ltr'><strong><em>οὗτος</em></strong></span> <span class='ocrx_word' id='word_1_272' title='bbox 1401 1467 1525 1521; x_wconf 74' lang='grc' dir='ltr'>““ω’νὴρ</span> <span class='ocrx_word' id='word_1_273' title='bbox 1568 1467 1780 1522; x_wconf 81' lang='grc' dir='ltr'><strong><em>φρασθεὶς,</em></strong></span> 
     </span>
     <span class='ocr_line' id='line_1_64' title="bbox 1117 1527 1778 1564; baseline 0 -2"><span class='ocrx_word' id='word_1_274' title='bbox 1117 1528 1223 1563; x_wconf 86' lang='lat' dir='ltr'>cuius</span> <span class='ocrx_word' id='word_1_275' title='bbox 1252 1534 1461 1564; x_wconf 75' lang='lat' dir='ltr'>structurae</span> <span class='ocrx_word' id='word_1_276' title='bbox 1489 1527 1611 1564; x_wconf 86' lang='lat' dir='ltr'>simile</span> <span class='ocrx_word' id='word_1_277' title='bbox 1644 1538 1778 1562; x_wconf 81' lang='lat' dir='ltr'>exem-</span> 
     </span>
     <span class='ocr_line' id='line_1_65' title="bbox 1116 1581 1779 1633; baseline -0.002 -14"><span class='ocrx_word' id='word_1_278' title='bbox 1116 1584 1224 1633; x_wconf 87' lang='lat' dir='ltr'>plum</span> <span class='ocrx_word' id='word_1_279' title='bbox 1251 1582 1415 1621; x_wconf 77' lang='lat' dir='ltr'>vidimus</span> <span class='ocrx_word' id='word_1_280' title='bbox 1453 1585 1532 1631; x_wconf 81' lang='lat' dir='ltr'>VII,</span> <span class='ocrx_word' id='word_1_281' title='bbox 1564 1581 1632 1622; x_wconf 78' lang='lat'>43·</span> <span class='ocrx_word' id='word_1_282' title='bbox 1699 1583 1779 1619; x_wconf 89' lang='lat' dir='ltr'>Nec</span> 
     </span>
     <span class='ocr_line' id='line_1_66' title="bbox 1117 1639 1780 1692; baseline 0.002 -17"><span class='ocrx_word' id='word_1_283' title='bbox 1117 1639 1243 1676; x_wconf 76' lang='lat' dir='ltr'>differt</span> <span class='ocrx_word' id='word_1_284' title='bbox 1275 1639 1475 1692; x_wconf 81' lang='grc' dir='ltr'><strong><em>φρασθεὶς</em></strong></span> <span class='ocrx_word' id='word_1_285' title='bbox 1505 1639 1780 1689; x_wconf 82' lang='lat' dir='ltr'>significatione</span> 
     </span>
     <span class='ocr_line' id='line_1_67' title="bbox 1116 1693 1778 1747; baseline 0 -15"><span class='ocrx_word' id='word_1_286' title='bbox 1116 1709 1138 1732; x_wconf 81' lang='lat' dir='ltr'>a</span> <span class='ocrx_word' id='word_1_287' title='bbox 1167 1697 1284 1733; x_wconf 78' lang='lat' dir='ltr'>verbo</span> <span class='ocrx_word' id='word_1_288' title='bbox 1319 1693 1484 1747; x_wconf 70' lang='grc' dir='ltr'><strong><em>μαθώνε</em></strong></span> <span class='ocrx_word' id='word_1_289' title='bbox 1517 1696 1616 1733; x_wconf 89' lang='lat' dir='ltr'>conf.</span> <span class='ocrx_word' id='word_1_290' title='bbox 1647 1696 1692 1742; x_wconf 88' lang='lat' dir='ltr'>V,</span> <span class='ocrx_word' id='word_1_291' title='bbox 1725 1697 1778 1735; x_wconf 82' lang='lat'>92</span> 
     </span>
     <span class='ocr_line' id='line_1_68' title="bbox 1117 1753 1778 1803; baseline -0.002 -14"><span class='ocrx_word' id='word_1_292' title='bbox 1117 1753 1154 1798; x_wconf 66' lang='grc' dir='ltr'>ξ.</span> <span class='ocrx_word' id='word_1_293' title='bbox 1176 1755 1213 1793; x_wconf 78' lang='grc'>3.</span> <span class='ocrx_word' id='word_1_294' title='bbox 1234 1754 1303 1800; x_wconf 85' lang='lat' dir='ltr'>IX,</span> <span class='ocrx_word' id='word_1_295' title='bbox 1329 1755 1392 1793; x_wconf 82' lang='lat'>19.</span> <span class='ocrx_word' id='word_1_296' title='bbox 1417 1756 1510 1794; x_wconf 85' lang='lat'>107.</span> <span class='ocrx_word' id='word_1_297' title='bbox 1566 1753 1700 1803; x_wconf 81' lang='lat' dir='ltr'>Itaque</span> <span class='ocrx_word' id='word_1_298' title='bbox 1720 1758 1778 1788; x_wconf 89' lang='lat' dir='ltr'>et-</span> 
     </span>
     <span class='ocr_line' id='line_1_69' title="bbox 1114 1801 1779 1862; baseline -0.002 -17"><span class='ocrx_word' id='word_1_299' title='bbox 1114 1810 1193 1845; x_wconf 78' lang='lat' dir='ltr'>iam</span> <span class='ocrx_word' id='word_1_300' title='bbox 1211 1804 1280 1856; x_wconf 65' lang='grc' dir='ltr'>οἶν,</span> <span class='ocrx_word' id='word_1_301' title='bbox 1291 1809 1394 1862; x_wconf 87' lang='lat' dir='ltr'>quod</span> <span class='ocrx_word' id='word_1_302' title='bbox 1415 1816 1499 1860; x_wconf 90' lang='lat' dir='ltr'>post</span> <span class='ocrx_word' id='word_1_303' title='bbox 1520 1801 1636 1854; x_wconf 74' lang='grc' dir='ltr'><strong><em>οὗτος</em></strong></span> <span class='ocrx_word' id='word_1_304' title='bbox 1656 1809 1779 1845; x_wconf 86' lang='lat' dir='ltr'>inser-</span> 
     </span>
    </p>
   </div>
   <div class='ocr_carea' id='block_1_25' title="bbox 1114 1861 1835 1904">
    <p class='ocr_par' dir='ltr' id='par_1_25' title="bbox 1114 1861 1835 1904">
     <span class='ocr_line' id='line_1_70' title="bbox 1114 1861 1835 1904; baseline -0.003 -1"><span class='ocrx_word' id='word_1_305' title='bbox 1114 1873 1197 1903; x_wconf 84' lang='lat' dir='ltr'>tum</span> <span class='ocrx_word' id='word_1_306' title='bbox 1218 1867 1364 1904; x_wconf 85' lang='lat' dir='ltr'>invenis</span> <span class='ocrx_word' id='word_1_307' title='bbox 1385 1867 1425 1902; x_wconf 88' lang='lat' dir='ltr'>in</span> <span class='ocrx_word' id='word_1_308' title='bbox 1447 1865 1537 1902; x_wconf 83' lang='lat' dir='ltr'>edit.</span> <span class='ocrx_word' id='word_1_309' title='bbox 1564 1863 1717 1902; x_wconf 81' lang='lat' dir='ltr'>Schaef.</span> <span class='ocrx_word' id='word_1_310' title='bbox 1740 1871 1778 1902; x_wconf 86' lang='lat' dir='ltr'>et</span> <span class='ocrx_word' id='word_1_311' title='bbox 1829 1861 1835 1874; x_wconf 66' lang='lat'>⁷</span> 
     </span>
    </p>
   </div>
   <div class='ocr_carea' id='block_1_26' title="bbox 1112 1921 1831 2206">
    <p class='ocr_par' dir='ltr' id='par_1_26' title="bbox 1112 1921 1831 2206">
     <span class='ocr_line' id='line_1_71' title="bbox 1114 1921 1775 1973; baseline 0 -15"><span class='ocrx_word' id='word_1_312' title='bbox 1114 1922 1263 1970; x_wconf 62' lang='lat' dir='ltr'>Matth„</span> <span class='ocrx_word' id='word_1_313' title='bbox 1291 1924 1411 1960; x_wconf 83' lang='lat' dir='ltr'>abieci</span> <span class='ocrx_word' id='word_1_314' title='bbox 1430 1924 1532 1960; x_wconf 90' lang='lat' dir='ltr'>libris</span> <span class='ocrx_word' id='word_1_315' title='bbox 1561 1922 1707 1973; x_wconf 87' lang='lat' dir='ltr'>scriptis</span> <span class='ocrx_word' id='word_1_316' title='bbox 1723 1921 1775 1958; x_wconf 85' lang='lat' dir='ltr'>ita</span> 
     </span>
     <span class='ocr_line' id='line_1_72' title="bbox 1113 1978 1776 2035; baseline 0.002 -20"><span class='ocrx_word' id='word_1_317' title='bbox 1113 1980 1343 2017; x_wconf 74' lang='lat' dir='ltr'>iubentibus.</span> <span class='ocrx_word' id='word_1_318' title='bbox 1401 1981 1508 2016; x_wconf 88' lang='lat' dir='ltr'>Unus</span> <span class='ocrx_word' id='word_1_319' title='bbox 1543 1978 1729 2035; x_wconf 66' lang='lat' dir='ltr'>Stobaens</span> <span class='ocrx_word' id='word_1_320' title='bbox 1748 1979 1776 2016; x_wconf 89' lang='lat' dir='ltr'>l.</span> 
     </span>
     <span class='ocr_line' id='line_1_73' title="bbox 1113 2033 1777 2087; baseline 0.002 -15"><span class='ocrx_word' id='word_1_321' title='bbox 1113 2037 1139 2072; x_wconf 90' lang='lat' dir='ltr'>l.</span> <span class='ocrx_word' id='word_1_322' title='bbox 1160 2050 1197 2086; x_wconf 90' lang='lat' dir='ltr'>p.</span> <span class='ocrx_word' id='word_1_323' title='bbox 1220 2037 1302 2077; x_wconf 81' lang='lat'>536</span> <span class='ocrx_word' id='word_1_324' title='bbox 1323 2050 1352 2073; x_wconf 91' lang='lat' dir='ltr'>s.</span> <span class='ocrx_word' id='word_1_325' title='bbox 1374 2051 1411 2087; x_wconf 90' lang='lat' dir='ltr'>p.</span> <span class='ocrx_word' id='word_1_326' title='bbox 1434 2038 1513 2077; x_wconf 81' lang='lat'>298</span> <span class='ocrx_word' id='word_1_327' title='bbox 1528 2033 1643 2071; x_wconf 85' lang='lat' dir='ltr'>habet</span> <span class='ocrx_word' id='word_1_328' title='bbox 1659 2035 1777 2082; x_wconf 79' lang='grc' dir='ltr'><strong><em>οὗτος</em></strong></span> 
     </span>
     <span class='ocr_line' id='line_1_74' title="bbox 1114 2086 1817 2131; baseline -0.001 0"><span class='ocrx_word' id='word_1_329' title='bbox 1114 2086 1147 2131; x_wconf 65' lang='grc' dir='ltr'>οἷ</span> <span class='ocrx_word' id='word_1_330' title='bbox 1157 2107 1190 2131; x_wconf 87' lang='grc' dir='ltr'>ν.</span> <span class='ocrx_word' id='word_1_331' title='bbox 1225 2114 1281 2119; x_wconf 83' lang='grc'><strong>-</strong></span> <span class='ocrx_word' id='word_1_332' title='bbox 1339 2094 1594 2130; x_wconf 87' lang='lat' dir='ltr'>Locutionem</span> <span class='ocrx_word' id='word_1_333' title='bbox 1610 2086 1775 2130; x_wconf 80' lang='grc' dir='ltr'>οἷποδεί-</span> <span class='ocrx_word' id='word_1_334' title='bbox 1805 2098 1817 2112; x_wconf 77' lang='grc'>“’</span> 
     </span>
     <span class='ocr_line' id='line_1_75' title="bbox 1112 2146 1831 2206; baseline -0.003 -18"><span class='ocrx_word' id='word_1_335' title='bbox 1112 2153 1289 2188; x_wconf 78' lang='grc' dir='ltr'><strong><em>κνυσθαι</em></strong></span> <span class='ocrx_word' id='word_1_336' title='bbox 1297 2146 1462 2203; x_wconf 80' lang='grc' dir='ltr'><strong><em>γνώμην</em></strong></span> <span class='ocrx_word' id='word_1_337' title='bbox 1473 2149 1579 2198; x_wconf 79' lang='lat' dir='ltr'>attigi</span> <span class='ocrx_word' id='word_1_338' title='bbox 1591 2146 1639 2185; x_wconf 83' lang='lat' dir='ltr'>ad</span> <span class='ocrx_word' id='word_1_339' title='bbox 1648 2148 1774 2196; x_wconf 81' lang='lat' dir='ltr'><strong>VH‚3.</strong></span> <span class='ocrx_word' id='word_1_340' title='bbox 1821 2198 1831 2206; x_wconf 18' lang='lat'>.-</span> 
     </span>
    </p>
   </div>
   <div class='ocr_carea' id='block_1_27' title="bbox 1107 2223 1816 2675">
    <p class='ocr_par' dir='ltr' id='par_1_27' title="bbox 1107 2223 1816 2675">
     <span class='ocr_line' id='line_1_76' title="bbox 1168 2223 1816 2283; baseline 0.008 -17"><span class='ocrx_word' id='word_1_341' title='bbox 1168 2223 1336 2279; x_wconf 67' lang='grc' dir='ltr'><strong><em>ἐργάσαο</em></strong></span> <span class='ocrx_word' id='word_1_342' title='bbox 1356 2230 1432 2267; x_wconf 89' lang='grc' dir='ltr'>νῦν</span> <span class='ocrx_word' id='word_1_343' title='bbox 1449 2229 1514 2277; x_wconf 84' lang='grc' dir='ltr'>τε]</span> <span class='ocrx_word' id='word_1_344' title='bbox 1545 2231 1661 2283; x_wconf 86' lang='lat' dir='ltr'>Apud</span> <span class='ocrx_word' id='word_1_345' title='bbox 1681 2232 1774 2270; x_wconf 89' lang='lat' dir='ltr'>Sto-</span> <span class='ocrx_word' id='word_1_346' title='bbox 1814 2279 1816 2282; x_wconf 14' lang='lat' dir='ltr'>y</span> 
     </span>
     <span class='ocr_line' id='line_1_77' title="bbox 1111 2283 1771 2334; baseline 0.014 -16"><span class='ocrx_word' id='word_1_347' title='bbox 1111 2283 1252 2319; x_wconf 81' lang='lat' dir='ltr'>baenm</span> <span class='ocrx_word' id='word_1_348' title='bbox 1272 2298 1307 2334; x_wconf 83' lang='lat' dir='ltr'>p.</span> <span class='ocrx_word' id='word_1_349' title='bbox 1333 2286 1413 2325; x_wconf 78' lang='lat'>612</span> <span class='ocrx_word' id='word_1_350' title='bbox 1429 2298 1457 2321; x_wconf 89' lang='lat' dir='ltr'>s.</span> <span class='ocrx_word' id='word_1_351' title='bbox 1475 2288 1556 2329; x_wconf 85' lang='lat'>610</span> <span class='ocrx_word' id='word_1_352' title='bbox 1574 2287 1633 2325; x_wconf 87' lang='lat' dir='ltr'>ed.</span> <span class='ocrx_word' id='word_1_353' title='bbox 1655 2290 1771 2328; x_wconf 83' lang='lat' dir='ltr'>Gesn.</span> 
     </span>
     <span class='ocr_line' id='line_1_78' title="bbox 1111 2337 1771 2398; baseline 0.014 -24"><span class='ocrx_word' id='word_1_354' title='bbox 1111 2346 1233 2376; x_wconf 78' lang='lat' dir='ltr'>exstat</span> <span class='ocrx_word' id='word_1_355' title='bbox 1254 2339 1346 2391; x_wconf 78' lang='grc' dir='ltr'><strong><em>ἔργα</em></strong></span> <span class='ocrx_word' id='word_1_356' title='bbox 1366 2337 1414 2379; x_wconf 75' lang='grc' dir='ltr'><em>σᾶ</em></span> <span class='ocrx_word' id='word_1_357' title='bbox 1431 2338 1472 2381; x_wconf 82' lang='grc' dir='ltr'>τὸ</span> <span class='ocrx_word' id='word_1_358' title='bbox 1490 2347 1566 2383; x_wconf 78' lang='grc' dir='ltr'>νῦν</span> <span class='ocrx_word' id='word_1_359' title='bbox 1580 2358 1641 2393; x_wconf 70' lang='grc' dir='ltr'>τες</span> <span class='ocrx_word' id='word_1_360' title='bbox 1673 2359 1771 2398; x_wconf 88' lang='lat' dir='ltr'>quae</span> 
     </span>
     <span class='ocr_line' id='line_1_79' title="bbox 1109 2396 1771 2439; baseline 0.015 -8"><span class='ocrx_word' id='word_1_361' title='bbox 1109 2396 1220 2433; x_wconf 85' lang='lat' dir='ltr'>lectio</span> <span class='ocrx_word' id='word_1_362' title='bbox 1248 2396 1523 2437; x_wconf 76' lang='lat' dir='ltr'>Valckenaerio</span> <span class='ocrx_word' id='word_1_363' title='bbox 1553 2400 1656 2439; x_wconf 81' lang='lat' dir='ltr'>haud</span> <span class='ocrx_word' id='word_1_364' title='bbox 1677 2415 1771 2439; x_wconf 85' lang='lat' dir='ltr'>cou-</span> 
     </span>
     <span class='ocr_line' id='line_1_80' title="bbox 1108 2453 1770 2496; baseline 0.015 -9"><span class='ocrx_word' id='word_1_365' title='bbox 1108 2453 1315 2490; x_wconf 83' lang='lat' dir='ltr'>temnenda</span> <span class='ocrx_word' id='word_1_366' title='bbox 1336 2453 1544 2496; x_wconf 74' lang='lat' dir='ltr'>videbatur.</span> <span class='ocrx_word' id='word_1_367' title='bbox 1593 2457 1770 2496; x_wconf 87' lang='lat' dir='ltr'>Herodo-</span> 
     </span>
     <span class='ocr_line' id='line_1_81' title="bbox 1108 2510 1769 2561; baseline 0.012 -17"><span class='ocrx_word' id='word_1_368' title='bbox 1108 2510 1160 2545; x_wconf 78' lang='lat' dir='ltr'>tei</span> <span class='ocrx_word' id='word_1_369' title='bbox 1180 2510 1265 2546; x_wconf 84' lang='lat' dir='ltr'>libri</span> <span class='ocrx_word' id='word_1_370' title='bbox 1285 2512 1324 2546; x_wconf 83' lang='lat' dir='ltr'>in</span> <span class='ocrx_word' id='word_1_371' title='bbox 1355 2512 1508 2561; x_wconf 79' lang='lat' dir='ltr'>vulgata</span> <span class='ocrx_word' id='word_1_372' title='bbox 1529 2516 1769 2552; x_wconf 84' lang='lat' dir='ltr'>consentiunt</span> 
     </span>
     <span class='ocr_line' id='line_1_82' title="bbox 1108 2566 1766 2623; baseline 0.012 -22"><span class='ocrx_word' id='word_1_373' title='bbox 1108 2578 1254 2603; x_wconf 88' lang='lat' dir='ltr'>omnes.</span> <span class='ocrx_word' id='word_1_374' title='bbox 1284 2566 1393 2604; x_wconf 84' lang='lat' dir='ltr'>Idem</span> <span class='ocrx_word' id='word_1_375' title='bbox 1403 2569 1588 2608; x_wconf 79' lang='lat' dir='ltr'>stobaeus</span> <span class='ocrx_word' id='word_1_376' title='bbox 1603 2572 1642 2608; x_wconf 91' lang='lat' dir='ltr'>in</span> <span class='ocrx_word' id='word_1_377' title='bbox 1661 2583 1766 2623; x_wconf 86' lang='lat' dir='ltr'>seqq.</span> 
     </span>
     <span class='ocr_line' id='line_1_83' title="bbox 1107 2619 1764 2675; baseline 0.017 -17"><span class='ocrx_word' id='word_1_378' title='bbox 1107 2635 1176 2673; x_wconf 90' lang='lat' dir='ltr'>pro</span> <span class='ocrx_word' id='word_1_379' title='bbox 1197 2619 1364 2663; x_wconf 85' lang='grc' dir='ltr'><strong><em>σεωυτὸν</em></strong></span> <span class='ocrx_word' id='word_1_380' title='bbox 1386 2624 1495 2663; x_wconf 80' lang='lat' dir='ltr'>affert</span> <span class='ocrx_word' id='word_1_381' title='bbox 1514 2623 1680 2675; x_wconf 78' lang='grc' dir='ltr'>ἑωυτόν,</span> <span class='ocrx_word' id='word_1_382' title='bbox 1717 2625 1764 2664; x_wconf 80' lang='lat' dir='ltr'>de</span> 
     </span>
    </p>
   </div>
   <div class='ocr_carea' id='block_1_28' title="bbox 1104 2666 1762 2869">
    <p class='ocr_par' dir='ltr' id='par_1_28' title="bbox 1104 2666 1762 2869">
     <span class='ocr_line' id='line_1_84' title="bbox 1107 2666 1518 2730; baseline 0.01 -15"><span class='ocrx_word' id='word_1_383' title='bbox 1107 2692 1183 2730; x_wconf 84' lang='lat' dir='ltr'>quo</span> <span class='ocrx_word' id='word_1_384' title='bbox 1205 2680 1306 2716; x_wconf 88' lang='lat' dir='ltr'>cons.</span> <span class='ocrx_word' id='word_1_385' title='bbox 1326 2682 1391 2729; x_wconf 87' lang='lat'>111,</span> <span class='ocrx_word' id='word_1_386' title='bbox 1408 2684 1477 2723; x_wconf 86' lang='lat'>36.</span> <span class='ocrx_word' id='word_1_387' title='bbox 1508 2666 1518 2691; x_wconf 42' lang='grc' dir='ltr'>ἱ</span> 
     </span>
     <span class='ocr_line' id='line_1_85' title="bbox 1161 2753 1762 2813; baseline 0.005 -17"><span class='ocrx_word' id='word_1_388' title='bbox 1161 2753 1330 2810; x_wconf 83' lang='grc' dir='ltr'><strong><em>Ἐσῆλθε</em></strong></span> <span class='ocrx_word' id='word_1_389' title='bbox 1350 2757 1426 2813; x_wconf 77' lang='grc' dir='ltr'><strong><em>γάρ</em></strong></span> <span class='ocrx_word' id='word_1_390' title='bbox 1444 2774 1491 2810; x_wconf 90' lang='grc' dir='ltr'>με</span> <span class='ocrx_word' id='word_1_391' title='bbox 1501 2753 1762 2813; x_wconf 74' lang='grc' dir='ltr'><strong><em>λογισάμενον</em></strong></span> 
     </span>
     <span class='ocr_line' id='line_1_86' title="bbox 1104 2813 1761 2869; baseline 0.005 -17"><span class='ocrx_word' id='word_1_392' title='bbox 1104 2817 1395 2867; x_wconf 78' lang='grc' dir='ltr'><strong><em>κατοικτεῖραι]</em></strong></span> <span class='ocrx_word' id='word_1_393' title='bbox 1436 2818 1495 2853; x_wconf 90' lang='lat' dir='ltr'>De</span> <span class='ocrx_word' id='word_1_394' title='bbox 1532 2816 1668 2854; x_wconf 84' lang='lat' dir='ltr'>vocula</span> <span class='ocrx_word' id='word_1_395' title='bbox 1687 2813 1761 2869; x_wconf 78' lang='grc' dir='ltr'><strong><em>γοῖρ</em></strong></span> 
     </span>
    </p>
   </div>
   <div class='ocr_carea' id='block_1_29' title="bbox 1843 2590 1851 3100">
    <p class='ocr_par' dir='ltr' id='par_1_29' title="bbox 1843 2590 1851 3100">
     <span class='ocr_line' id='line_1_87' title="bbox 1843 2590 1851 3100; baseline 0 0"><span class='ocrx_word' id='word_1_396' title='bbox 1843 2590 1851 3100; x_wconf 95' lang='lat' dir='ltr'> </span> 
     </span>
    </p>
   </div>
  </div>
 </body>
</html>
