1834 3258
479 271 953 319 POLYMNIA.
1012 283 1115 324 V11.
1351 294 1433 334 547

37 379 103 426 64
171 373 376 432 Βάκτριοι
415 377 462 422 δὲ
499 381 600 436 περὶ
629 383 709 439 μὲν
727 388 823 442 τῇσι
854 395 1069 449 κεφαλῇσι
1100 393 1315 451 ἀγχότατα
1343 405 1433 446 τῶν
1490 405 1660 438 Baotriani.
1679 411 1734 439 Sa-

1490 449 1504 465 ο
1528 449 1554 474 e,
1598 452 1613 469 0

167 445 384 499 Μηδικῶν
425 446 593 503 ἔχοντες
632 452 973 511 ἐστρατεύοντο,
1003 461 1106 512 τόξα
1138 464 1184 507 δὲ
1212 466 1431 522 καλάμινα
1508 449 1525 467 a
1576 451 1592 477 p
1618 446 1708 479 putus

1486 474 1678 540 {ffiggtfflsssss
1687 480 1763 542 325?

135 509 400 567 Ξέπιχαίρια,
430 516 506 559 καὶ
535 518 689 574 αἰχμὰς
727 523 923 577 βραχέας.
981 528 1129 574 Σάκαι
1158 533 1205 576 δὲ
1236 536 1280 578 οἱ
1309 537 1429 582 Σκύ-
1485 549 1540 569 sae
1558 544 1652 575 Sacas
1671 547 1716 576 di-

1484 580 1567 606 cuum

157 581 238 621 θαι
265 581 366 636 περὶ
393 583 474 640 μὲν
502 589 602 642 τῇσι
629 594 842 647 κεφαλῇσι
870 598 1112 653 κυρβασίας
1148 600 1193 653 ἐς
1222 600 1302 656 ὀξύ
1334 604 1429 651 ἄπι-

95 784 229 825 ciebat.
286 789 338 826 Et
366 790 469 829 cons.
501 805 656 846 quoque
675 795 760 832 Rit-

92 847 162 881 ter.
192 842 406 883 Erdkunde
426 849 462 884 ΙΙ
480 862 568 900 pag.
590 853 686 892 797.
702 873 758 885 —

92 899 168 937 Pro
189 901 362 943 τουτέων
383 903 541 944 exhibui
566 903 736 949 τούτων.

296 993 389 1045 cap.
409 995 548 1035 LXIV.

143 1064 333 1123 Βάκτριοι
352 1070 412 1122 δὲ]
433 1075 491 1111 De
501 1076 659 1113 Bactriis
674 1075 753 1115 vid.

85 1123 150 1172 111,
168 1128 223 1167 92
233 1127 299 1164 fin.
319 1129 395 1166 Pro
418 1126 624 1183 ἀγχότατα,
648 1133 752 1185 quod

83 1192 174 1218 cum
201 1191 360 1223 recentt.
392 1186 478 1225 edd.
505 1191 752 1228 retinendum

81 1240 212 1275 censui
226 1269 236 1288 ‚
293 1242 487 1282 Sancrofti
524 1246 621 1283 liber
659 1261 750 1285 cum

26 1314 34 1320 κ
80 1295 161 1332 aliis
182 1291 396 1348 οἷγχοτᾶτω,
424 1309 467 1339 ut
486 1302 568 1351 VII,
590 1306 656 1344 73.
679 1303 748 1345 74.

79 1353 132 1391 79
155 1353 312 1406 aliisque
332 1357 425 1395 locis
447 1372 468 1396 a
488 1359 668 1398 Fischero
687 1362 746 1398 al-

76 1407 160 1446 latis
172 1409 220 1447 ad
233 1413 394 1451 weller.
413 1417 449 1451 11
466 1429 504 1466 p.
521 1420 613 1465 116,
627 1431 745 1470 quem

75 1470 205 1503 tamen
234 1481 313 1506 non
343 1471 444 1522 fugit
466 1468 663 1526 ἅγχοτὲρη
695 1489 745 1512 ex

75 1521 214 1560 eodem
246 1527 442 1566 Herodoto
472 1530 553 1578 Vfl,
585 1532 668 1572 175
705 1540 743 1570 et

56 1595 59 1607 ο
72 1578 309 1633 Etymolog.‚
323 1585 388 1621 ubi
401 1597 412 1622 :
443 1587 593 1638 γίνεται
605 1586 648 1628 ὄὲ
659 1584 741 1629 vind

71 1638 146 1675 τοῦ
165 1633 291 1690 ἐγχοῦ
308 1636 530 1695 α’γχότερος.

125 1691 221 1742 τόξα
243 1694 286 1735 δὲ
304 1696 504 1750 καλάμινα
526 1697 733 1754 ἐπιχώρια]

67 1749 127 1785 De
156 1751 290 1790 Indico
320 1756 468 1794 calamo
510 1759 610 1807 (Vll,
647 1761 732 1809 65),

65 1803 128 1843 hic
155 1810 217 1859 agi
237 1818 338 1848 ratus
366 1813 484 1862 Miot‚
513 1816 566 1851 sic
587 1816 732 1854 Gallice

63 1863 250 1904 reddidit:
283 1870 365 1916 „ils
389 1872 542 1908 avoient
562 1872 627 1909 des
649 1885 730 1911 arcs

64 1919 152 1957 faits
165 1934 259 1960 avec
277 1937 354 1961 une
367 1927 502 1978 espece
513 1927 560 1965 de
580 1942 726 1979 roseam,

63 1978 130 2028 qui
151 1981 245 2016 croit
266 1980 360 2019 dans
379 1984 464 2020 leur
485 1988 620 2037 pays.“
668 1988 727 2023 De

60 2030 176 2071 hastis
197 2036 374 2076 brevibus
393 2040 471 2078 vid.
493 2042 536 2089 V,
550 2042 616 2082 49.
637 2043 725 2089 VH,

59 2091 127 2130 61.
185 2093 243 2130 De
265 2093 372 2133 Sacis
391 2096 538 2149 Scythis
557 2098 723 2137 diximus

57 2145 106 2182 ad
126 2149 191 2196 111,
215 2152 279 2192 93.
317 2152 441 2191 .Add.
470 2153 635 2193 Bohlen.
665 2158 723 2194 De

56 2204 151 2254 orig.
170 2206 263 2257 ling.
277 2210 438 2248 Zeudic.
458 2225 545 2263 pag.
558 2214 624 2262 56,
645 2227 720 2266 quo

55 2268 209 2300 auctore
220 2262 350 2305 Σοῖκαι
362 2268 463 2319 apud
480 2270 721 2309 Herodotum

51 2316 202 2357 Persica
217 2322 348 2373 lingua
368 2325 547 2364 dicuntur
565 2328 592 2363 ii
619 2330 720 2381 Scy—

50 2371 159 2424 thae,
191 2380 256 2429 qui
285 2382 325 2416 in
354 2384 493 2419 minori
526 2383 718 2423 Bucharia

51 2436 88 2467 et
117 2432 374 2475 Turkestauia
411 2441 599 2479 orientem
628 2456 718 2480 ver-

50 2499 112 2525 sus
132 2491 250 2528 vitam
271 2503 389 2544 agunt
398 2498 643 2536 nomadicam
657 2501 716 2537 iu-

49 2549 108 2581 tra
127 2546 324 2587 Emodum
337 2561 512 2591 montem
532 2557 631 2593 ultra
651 2559 715 2594 la-

47 2608 198 2639 xartem
214 2612 251 2642 et
271 2607 505 2658 Sogdianam
519 2614 708 2663 palantes:

48 2669 142 2709 quos
156 2673 288 2700 omnes
306 2667 479 2716 populos,
502 2670 710 2711 Tibetanos

2 2723 6 2726 ·
46 2719 269 2764 praesertim
282 2749 292 2768 ‚
325 2722 364 2758 in
398 2724 500 2761 libris
537 2727 709 2764 Sanscri-

46 2771 92 2808 tis
120 2779 335 2827 nuncupari
356 2784 512 2830 potentes
544 2789 581 2820 et
592 2784 708 2833 sortes

43 2832 250 2869 exercitibus
270 2834 374 2872 idem
395 2838 452 2874 vir
481 2837 613 2878 doctus
635 2843 707 2880 ob—

42 2894 177 2925 servat.

873 803 1092 857 κυρβασίας
1134 808 1174 857 ἒς
1205 807 1280 860 ὀξύ
1311 811 1481 869 dmm&-

815 862 919 909 νας]
966 864 1025 899 De
1062 878 1158 903 voce
1192 871 1374 919 cyrbasz'ae
1400 874 1478 913 vid.

813 924 910 955 nott.
929 919 978 956 ad
1009 921 1053 968 V,
1084 923 1151 972 49,
1182 927 1247 962 ubi
1268 941 1290 964 a
1310 931 1402 967 tiara
1423 931 1478 968 di-

813 986 966 1012 versum
1012 979 1102 1028 pilei
1147 994 1268 1032 genus
1316 987 1479 1026 iudicari

811 1035 1045 1071 monuimus.
1103 1038 1136 1072 E
1174 1040 1294 1079 Suida
1323 1045 1360 1079 II
1385 1058 1476 1097 pag.

808 1085 891 1128 400
910 1119 920 1137 ‚
980 1091 1046 1127 ubi
1093 1102 1215 1133 exstat
1253 1096 1475 1152 Κύρβασις,

808 1141 847 1181 h.
870 1145 895 1184 l.
946 1147 1044 1185 foret
1068 1154 1354 1194 rescribendum
1377 1174 1474 1211 κυρ-

807 1196 952 1252 βάσιας
970 1235 983 1252 ,
1055 1207 1128 1244 nisi
1176 1211 1293 1250 altera
1347 1216 1472 1254 forma

805 1259 1004 1310 κυρβασία
1023 1265 1244 1305 melioribus
1266 1270 1368 1321 apud
1388 1275 1469 1309 He-

802 1314 983 1353 rodotum
1001 1318 1105 1358 libris
1121 1324 1412 1366 confirmaretur
1431 1338 1469 1368 et

802 1375 1026 1412 auctoritate
1074 1379 1340 1433 Aristophanis
1391 1387 1465 1425 Av-

801 1428 897 1471 487.
956 1433 1035 1470 Has
1068 1448 1160 1473 vero
1207 1442 1395 1491 cyrbasias
1428 1443 1468 1492 ἐς

800 1482 873 1534 ὀξύ
892 1483 1113 1542 α’πιγμένας
1132 1495 1304 1548 intelligo
1326 1502 1363 1537 in
1378 1514 1465 1539 acu-

799 1547 874 1581 tum
900 1558 928 1583 5.
952 1549 1085 1593 apicem
1117 1551 1264 1590 eductas
1292 1569 1335 1593 ac
1369 1558 1462 1596 ‹lesi-

796 1604 914 1638 nentes
932 1603 1104 1657 itemque
1124 1603 1253 1659 ὀρθάς
1277 1619 1313 1649 et
1333 1628 1463 1666 πεπη-

795 1658 911 1710 γυίας
936 1661 962 1697 i.
984 1674 1018 1698 e.
1040 1663 1168 1712 firmas
1197 1667 1347 1720 beneque
1368 1685 1460 1711 com-

788 1718 930 1765 pactas,
959 1718 1118 1768 firmiter
1150 1728 1283 1762 erectas
1300 1741 1344 1764 ac
1362 1731 1458 1779 rigi-

791 1771 871 1821 das,
901 1781 943 1810 ut
971 1776 1050 1812 scil.
1074 1776 1396 1831 distinguerentur
1435 1798 1457 1822 a

788 1830 1026 1881 reliquorum
1046 1835 1249 1875 Persarum
1270 1841 1371 1878 tiaris
1391 1843 1455 1878 in-

788 1888 911 1923 curvis
934 1895 971 1925 et
992 1890 1033 1925 in
1053 1891 1221 1930 frontem
1239 1909 1361 1949 usque
1383 1898 1453 1935 de-

784 1942 998 1981 labentibus
1031 1947 1108 1991 (de
1131 1951 1268 2001 quibus
1299 1954 1348 1991 ad
1368 1957 1448 2006 VII,

782 2000 832 2038 61
858 1998 1055 2051 diximus),
1079 2018 1168 2043 cum
1188 2021 1267 2045 non
1287 2012 1359 2049 nisi
1386 2027 1450 2050 re·-

781 2056 821 2104 gi
850 2056 949 2093 serre
983 2059 1114 2099 liceret
1144 2060 1284 2115 τιάραν
1303 2065 1447 2120 ὀρθήν.

777 2112 913 2164 Itaque
932 2116 1058 2153 minus
1078 2126 1181 2157 recte
1204 2123 1447 2166 Florentium

776 2169 874 2206 liber
903 2185 993 2208 cum
1022 2175 1094 2212 alio
1122 2190 1194 2228 pro
1228 2175 1448 2233 ἅπιγμένας

777 2225 887 2263 affert
899 2224 1128 2281 ἀπηγμένας
1141 2262 1156 2278 ,
1177 2248 1198 2271 a
1220 2236 1441 2290 Schaefero,

774 2282 912 2322 Matth.
943 2293 980 2322 et
1011 2288 1192 2328 Bekkero
1222 2295 1261 2330 in
1291 2303 1442 2336 textum

775 2348 993 2392 receptum,
1026 2348 1253 2397 reprobante
1275 2353 1441 2392 Valcke-

773 2409 897 2447 naer.‚
918 2402 984 2451 qui
1005 2400 1152 2440 dudum
1173 2419 1244 2457 pro
1262 2404 1442 2463 οἷπηγμὲ-

773 2469 846 2501 νοις
885 2459 1022 2509 refingi
1050 2462 1224 2501 voluerat
1253 2468 1314 2503 vel
1344 2465 1440 2508 ἄπι-

771 2510 916 2562 γμένας
936 2516 998 2552 vel
1027 2512 1274 2572 α’νηγμένας,
1318 2526 1436 2563 citans

769 2569 934 2608 Pausau.
961 2573 1031 2621 IX,
1058 2576 1112 2615 38
1135 2577 1171 2622 ξ.
1200 2582 1227 2620 2
1263 2581 1346 2628 (ubi
1381 2589 1436 2620 est

767 2624 931 2679 κορυφή
952 2625 1026 2669 ουίι
1055 2629 1096 2676 ἐς
1112 2629 1215 2684 ἄγαν
1237 2631 1310 2683 ὀξύ
1334 2633 1435 2689 (ἕνη-

766 2681 910 2734 γμένη)
947 2687 1032 2727 coll.
1062 2689 1220 2728 Diodor.
1252 2693 1330 2730 Sic.
1356 2696 1433 2746 lp.

767 2737 844 2779 148
868 2741 940 2787 [[1,
961 2743 1032 2792 34]
1059 2744 1203 2783 Athen.
1224 2750 1293 2797 XI,
1315 2750 1367 2789 54
1390 2765 1430 2802 p.

763 2792 846 2835 477
874 2798 919 2839 F,
947 2800 1164 2838 Herodotus
1196 2805 1276 2855 ipse
1305 2808 1352 2855 ll,
1373 2811 1427 2850 28

762 2847 898 2890 habet:
931 2852 1053 2906 οὔρεα
1066 2855 1104 2904 ἐς
1120 2853 1195 2907 ὀξύ
1214 2859 1285 2910 τάς
1305 2878 1426 2917 κορυ-

762 2905 844 2955 φάς
868 2906 1077 2962 α’πιγμένα.

1040 2959 1164 3010 35*“
