1870 3249
18 478 84 524 39

384 221 1033 261 TERPSICHORE.
1093 223 1134 258 V.

1345 224 1401 263 59

145 334 453 387 Λακεδαίμονα
487 331 654 387 τριήρεϊ
693 331 938 382 ἀπόστολος
967 330 1150 387 ἐγίνετο·
1191 330 1279 375 ἔδεε
1316 331 1400 387 γὰρ

141 404 194 460 δὴ
225 402 469 458 συμμαχίης
495 400 613 452 τινός
644 400 688 444 οἳ
715 401 901 457 μεγάλης
921 400 1209 453 ἐξευρεθῆναι.

74 866 210 898 stratus
218 861 258 897 in
268 860 397 897 Ioniae
408 859 618 896 civitatibus
631 872 734 896 sum-

74 930 140 954 mo
177 917 262 953 loco
300 918 523 954 constitutos
538 946 547 963 ,
605 917 734 968 quales

74 974 136 1010 vel
155 974 195 1010 in
215 975 259 1010 iis
279 974 488 1011 civitatibus
502 1003 511 1021 ,
541 973 608 1009 ubi
626 987 735 1010 sum-

73 1043 139 1067 ma
158 1043 286 1067 rerum
305 1027 421 1082 pe'nes
438 1030 624 1081 populum
638 1060 647 1077 ,
668 1043 733 1066 re-

73 1088 286 1138 periuntur.
371 1088 523 1124 Monuit
559 1085 733 1124 Wachs-

72 1142 184 1181 muth
205 1145 353 1181 Hellen.
363 1142 733 1181 Alterthumskunde

72 1202 103 1249 Ι,
120 1204 147 1242 2
165 1213 254 1252 pag.
275 1204 314 1242 7.
343 1200 396 1241 49
419 1208 456 1238 et
487 1200 534 1238 de
554 1202 658 1238 vocis
679 1202 733 1238 si-

39 1268 47 1274 ‘
72 1257 318 1308 gnificatione
337 1258 482 1295 consul.
502 1259 661 1294 Dorvill.
683 1257 732 1295 ad

74 1313 269 1352 Chariton.
300 1329 340 1366 p.
371 1313 454 1356 447
486 1328 507 1351 a
539 1314 731 1366 Larchero

74 1370 287 1408 laudanun.
343 1372 410 1408 Tu
440 1371 530 1409 add.
554 1385 651 1424 quae
683 1371 731 1409 ad

73 1427 267 1466 Plutarch.
304 1426 547 1479 Philopoem.
579 1430 732 1467 notavi-

72 1497 159 1522 mus
177 1498 265 1536 pag.
286 1484 354 1526 43.
378 1488 470 1526 106.
494 1486 591 1527 259.
647 1487 731 1523 Van

71 1542 166 1579 Dale
185 1543 282 1579 Diss.
302 1543 366 1588 IV,
389 1546 413 1583 3
433 1555 522 1593 pag·
534 1542 615 1583 409
625 1556 732 1595 seqq.

71 1620 127 1626 —
155 1599 338 1651 Sequitur
376 1597 562 1651 δεύτερα,
594 1602 732 1638 omisso

69 1656 187 1706 priori
205 1656 392 1693 vocabulo
412 1659 570 1708 πρῶτα,
590 1670 732 1709 quein-

70 1711 282 1750 admodum
300 1727 353 1750 r.
383 1727 416 1750 0.
444 1726 558 1764 supra
586 1715 633 1763 V,
675 1717 730 1756 36

70 1772 208 1820 πρῶτα
237 1767 310 1821 μὲν
329 1791 385 1797 ——
404 1766 581 1822 δεύτερα.
649 1773 730 1808 Re-

69 1827 205 1877 spexit,
225 1827 372 1877 opinor,
391 1829 527 1864 Noster
547 1826 594 1864 ad
613 1829 730 1865 verba

72 1893 214 1933 στρατη
217 1897 377 1934 χους-
392 1879 579 1930 κελευσας
609 1899 731 1922 κατα-

73 1940 227 1988 στῆσαι,
249 1939 277 1974 i.
312 1952 345 1975 e.
370 1942 474 1976 iussit
496 1940 660 1988 singulas
677 1942 730 1977 ci-

71 1996 203 2032 vitates
224 2007 305 2032 suos
327 1996 398 2033 ειὸί
427 1998 632 2033 constituere
657 2009 733 2034 ma-

71 2053 260 2100 gistratus.
292 2073 348 2079 -
406 2051 469 2089 Ad
496 2053 731 2090 locutionem

71 2103 293 2154 ἀπόστολος
322 2107 470 2160 ἐγίνετο
503 2110 604 2147 conf.
632 2117 730 2148 nott.

69 2163 119 2202 ad
139 2166 168 2211 I,
186 2167 254 2205 21

128 2219 209 2261 ε’δεε
240 2215 315 2274 γὰρ
345 2217 395 2270 δή
423 2221 646 2272 συμμαχίης
671 2237 731 2261 τι-

70 2272 143 2324 νός
169 2277 211 2317 οἱ
234 2293 272 2316 κ.
294 2292 328 2316 τ.
350 2278 411 2325 L]
457 2279 729 2327 „structuram

71 2335 251 2372 orationis
270 2335 311 2370 in
331 2332 434 2371 hunc
454 2334 617 2372 modum
634 2349 730 2373 con-

70 2392 173 2428 stitui
202 2392 285 2429 vult
321 2389 728 2442 Schweighaeuserus:

72 2447 155 2487 ἔδεε
187 2444 261 2500 γοῖρ
296 2444 347 2497 δή
377 2450 599 2500 συμμαχίης
623 2447 730 2497 τινὸς

73 2500 245 2556 μεγάλης
281 2500 437 2555 (adicis)
468 2504 730 2557 ἐξευρεθῆναί

73 2561 114 2601 οἷ
143 2558 253 2613 (opus
278 2562 367 2598 enim
382 2561 456 2610 fuit
481 2575 616 2611 magna
636 2564 729 2614 qud-

67 2620 168 2668 piam
205 2630 380 2655 armorum
408 2622 592 2669 societate,
639 2634 729 2671 quae

74 2674 135 2712 illi
154 2678 231 2712 erat
251 2675 479 2726 eaeqm'renda‚
495 2678 726 2728 invenienda)

75 2731 243 2768 excitans
271 2731 445 2782 Euripid.
478 2731 582 2769 Med.
617 2735 726 2776 1396

74 2788 202 2840 ibique
213 2789 386 2835 Persou„
408 2789 474 2826 ubi
492 2790 624 2826 similis
644 2803 726 2828 ora-

74 2845 186 2882 tionis
205 2851 404 2882 structura.
461 2846 526 2883 Tu
556 2845 653 2884 adde
679 2849 729 2886 sis

208 475 292 527 Τῆς
312 469 358 514 δὲ
378 468 585 525 Σπάρτης
602 467 935 525 Ἀναξανδρίδης
958 467 1037 523 μὲν
1065 466 1090 509 ὁ
1112 466 1302 517 Λέοντος
1322 465 1396 510 οὖ-

137 539 228 583 κέτι
257 537 443 591 περιεὼν
473 538 715 594 ἐβασίλευε,
757 535 864 600 diac}
894 534 1224 591 ἐτετελευτήκεε·
1262 538 1453 579 Kato-90

134 606 265 663 μένης
286 607 332 649 δὲ
354 606 377 650 ὁ
397 605 734 660 Ἀναξανδρίδεω
758 603 840 661 εἶχε
860 604 940 661 τὴν
970 607 1220 661 βαᾶιληΐην,
1251 602 1305 648 οὐ
1327 621 1398 647 κα·
1455 644 1493 662 u

109 675 195 718 Ξτὰ
225 673 527 730 ἀνδραγαθίην
557 673 694 730 σχών,
726 673 834 718 ἄλλα
863 672 973 716 κατὰ
1002 673 1137 729 γένος.

1195 671 1396 725 Ἀναξαν-

790 856 928 895 Matth.
949 859 1016 895 Gr.
1038 858 1104 895 Gr.
1140 858 1178 903 ξ.
1200 858 1294 898 613.
1318 856 1371 894 IV
1392 853 1453 894 ed.

790 916 939 967 prioris.

969 971 1061 1021 Cap.
1083 969 1273 1006 XXXIX.

842 1024 1167 1079 Ἀναξανδρίδης]
1181 1028 1239 1062 De
1248 1024 1321 1062 hoc
1333 1024 1454 1076 Spar-

787 1091 969 1122 tanorum
989 1097 1079 1134 rege
1110 1084 1211 1120 conf.
1233 1089 1330 1120 nott.
1352 1081 1401 1119 ad
1420 1083 1451 1130 I,

789 1144 858 1182 67.
891 1144 1070 1194 Namque
1089 1141 1334 1178 monentibus
1354 1141 1452 1176 Lar-

788 1197 903 1236 chero
925 1212 968 1236 ac
986 1197 1182 1236 Schultzio
1213 1197 1345 1248 (Spec.
1368 1197 1453 1247 Ap-

787 1268 868 1307 par.
898 1257 1017 1293 critic.
1044 1269 1132 1307 pag.
1163 1256 1268 1305 22),
1297 1255 1452 1290 initium

788 1312 1216 1363 1οἕηἰΑ113Χ311ἀτίἀ3θ
1230 1325 1310 1348 non
1328 1311 1451 1347 multo

791 1370 891 1406 infra
911 1384 1057 1408 annum
1074 1370 1156 1411 570
1168 1383 1202 1407 a.
1218 1368 1307 1406 Chr.
1327 1381 1368 1404 11.
1382 1367 1453 1405 de-

788 1429 904 1478 primi
932 1429 1090 1479 poterit3
1130 1428 1214 1480 qui,
1245 1432 1451 1477 postquam

787 1485 855 1522 LV
876 1497 995 1522 annos
1014 1485 1137 1522 tenuit
1154 1496 1319 1534 regnum
1331 1512 1341 1530 ,
1361 1495 1451 1518 suc-

789 1554 978 1579 cessorem
1016 1554 1118 1578 anno
1158 1540 1240 1582 515
1282 1553 1317 1577 a.
1358 1537 1449 1576 Chr.

788 1612 829 1636 11.
849 1597 983 1636 habuit
998 1600 1247 1636 Cleomenem
1267 1604 1304 1634 et
1322 1597 1450 1647 ipsum

788 1657 919 1693 XXVI
939 1669 1059 1693 annos
1079 1662 1329 1706 regnantem:
1353 1666 1450 1690 con-

785 1720 844 1750 tra
883 1726 982 1765 quae
1019 1720 1150 1750 tamen
1180 1711 1286 1749 idem
1316 1716 1450 1747 monet

788 1768 972 1808 Schultze
1009 1771 1037 1811 l.
1075 1771 1099 1808 l.
1119 1799 1130 1818 ,
1180 1767 1379 1806 Herodoto
1417 1767 1448 1804 si

786 1826 880 1863 fides
909 1828 972 1875 VI,
1015 1829 1094 1866 108
1124 1827 1210 1863 0011.
1237 1822 1449 1862 Plutarch.

785 1882 1117 1934 Apophthegimn.
1151 1884 1324 1918 Laconn.
1358 1890 1447 1930 pag.

785 1942 868 1979 223
897 1941 945 1987 D,
975 1940 1054 1975 iam
1082 1951 1184 1975 anno
1217 1938 1299 1980 520
1330 1936 1449 1973 adeo-

788 2008 863 2047 que
885 1995 966 2037 524
987 2008 1008 2032 3
1030 1994 1120 2032 Chr.
1131 2008 1171 2032 n.
1182 2008 1314 2045 recem
1333 1994 1448 2030 fuisse

788 2052 1050 2089 Cleomenem.
1107 2053 1173 2089 Tu
1202 2052 1303 2088 conf.
1332 2052 1448 2087 etiam

789 2109 954 2146 Clinton.
992 2111 1093 2146 Fast.
1132 2122 1221 2160 pag.
1262 2107 1344 2149 224
1385 2107 1446 2144 ed·

786 2156 918 2216 Kriig.⁰
935 2187 992 2193 -—
1052 2166 1219 2203 Omnem
1259 2164 1358 2202 hanc
1398 2163 1446 2201 de

783 2222 1059 2260 Anaxandrida
1103 2224 1362 2260 narrationem
1401 2223 1444 2258 in

785 2282 966 2330 pauciora
1005 2287 1242 2318 contractam
1291 2278 1446 2316 exhibet

785 2338 993 2375 Pausanias
1021 2339 1087 2384 ΙΙΙ,
1109 2341 1134 2378 3
1157 2339 1195 2383 ᾗ.
1215 2340 1256 2378 7.

845 2389 894 2434 οὕ
903 2391 1002 2433 κατα
1021 2390 1301 2446 ἀνδραγαθίην
1319 2388 1443 2443 σχῶν]

784 2451 810 2487 i.
841 2464 875 2487 e.
907 2453 970 2501 qui
997 2465 1064 2489 non
1094 2452 1134 2488 ob
1152 2453 1317 2488 virtutem
1345 2461 1447 2486 suam

785 2507 834 2544 ad
851 2515 998 2557 regnum
1015 2513 1150 2546 evectus
1175 2511 1271 2556 erat,
1302 2507 1361 2543 sed
1380 2519 1442 2555 ge-

783 2577 876 2602 nere.
911 2566 991 2603 Nec
1012 2567 1121 2603 aliter
1138 2565 1185 2613 V,
1206 2564 1274 2605 42.
1296 2565 1354 2600 De
1369 2560 1442 2601 οἷν-

785 2620 1009 2674 δραγαθίης
1027 2624 1178 2670 virtute,
1200 2634 1298 2674 quae
1319 2633 1339 2656 e
1357 2621 1443 2671 pie-

784 2684 860 2715 tate
872 2691 916 2716 ac
937 2680 1149 2717 reverentia
1166 2681 1208 2716 in
1228 2677 1318 2715 deos
1334 2690 1441 2714 sum-

783 2747 847 2772 ma
866 2736 1115 2786 proficiscitur
1135 2735 1255 2788 eaque
1274 2735 1324 2771 ita
1337 2735 1441 2771 inui-

783 2792 895 2840 titur,
924 2800 968 2830 ut
988 2794 1053 2846 qui
1079 2794 1138 2830 vir
1156 2793 1261 2830 fortis
1282 2805 1326 2829 ao
1345 2798 1444 2829 stre-

782 2861 882 2886 nuus
903 2857 1120 2897 censeatur,
1159 2848 1263 2887 idem
1290 2849 1339 2886 sit
1356 2849 1441 2900 pius

1455 465 1492 493 Di
1483 465 1611 501 1gressio
1629 466 1666 493 de
1683 475 1717 494 re

1453 500 1508 527 bus
1526 500 1697 540 Spartanis.

1434 536 1581 574 0111311311
1586 534 1620 560 dr
1623 534 1689 561 idas

1456 568 1481 595 I
1486 576 1541 594 eon
1546 568 1582 594 lis
1603 567 1623 594 f.
1643 576 1697 594 rex

1456 602 1519 637 Spa
1502 606 1589 628 artae
1610 602 1730 637 [1,67]

1517 643 1580 662 rien
1608 639 1697 662 113οῖ11
1680 644 1713 662 us

1455 673 1516 696 ster
1518 669 1607 703 i‚lem
1629 678 1666 696 ea
1682 677 1729 696 re-

1454 712 1491 739 pu
1476 702 1545 729 udia
1547 708 1578 729 ta
1597 689 1687 730 31113111

1392 755 1396 759 -
1458 737 1551 763 1111001-
1554 745 1570 763 e
1589 736 1732 772 a-bepho

1455 770 1498 798 ris
1522 770 1571 797 1111
1575 775 1652 797 etur
1695 770 1732 798 Id

1454 813 1523 832 cum
1545 804 1715 839 abnuisset,
