1851 3181
127 564 282 593 Chaldaei.

329 433 396 477 63

126 495 253 536 Apsyrii,
271 504 288 523 a
298 497 400 524 Grae-

127 539 169 557 cis
189 531 272 564 Syrii
287 531 397 559 vocati.

455 255 541 294 546

869 249 1324 287 HERODOTI

457 360 752 416 Μεγάπανον,
804 357 883 402 τὸν
918 361 1189 414 Βαβυλῶνος
1225 356 1408 413 ὕστερον
1440 356 1608 402 τούτων
1635 357 1723 402 ἐπι-

454 427 767 482 τροπεύσαντα.
820 424 1040 480 Ἀσσύριοι
1070 425 1116 470 δὲ
1146 425 1496 483 στρατευόμενοι,
1527 425 1625 480 περὶ
1644 425 1724 481 μὲν

456 502 554 554 τῇσι
580 498 794 551 κεφαλῇσι
816 491 933 549 εἶχον
961 492 1119 548 χάλκεά
1136 511 1180 538 τε
1197 493 1362 550 κράνεα
1391 495 1464 538 καὶ
1492 493 1724 548 πεπλεγμέ-

453 582 510 609 να
547 563 712 617 τρόπον
743 560 842 604 τινοὶ
875 560 1105 618 βάρβαρον
1134 560 1218 606 οὐκ
1259 561 1558 619 εὐαπήγητον·
1601 560 1725 605 ἀσπί-

455 635 533 684 δας
562 632 608 675 δὲ
649 631 722 673 καὶ
764 629 917 685 αἰχμὰς
948 630 1021 674 καὶ
1058 629 1287 687 ἐγχειρίδια
1318 630 1598 686 παραπλήσια
1626 633 1780 687 τῇσι25

400 754 406 759 .
451 701 714 756 Αἰγυπτίῃσι
743 695 879 754 εἶχον·
937 697 1050 753 πρός
1077 699 1146 751 δὲ,
1178 698 1347 755 ῥόπαλα
1378 699 1519 752 ξύλων
1546 702 1726 741 τετυλω·

426 769 569 824 Ξμένα
599 766 792 823 σιδήρῳ,
838 765 912 810 καὶ
939 766 1113 818 λινέους
1143 767 1366 823 θώρηκας.
1423 761 1549 811 οὗτοι
1570 766 1616 818 δὲ
1635 765 1722 810 ὑπό

457 836 535 891 μὲν
571 834 789 891 Ἑλλήνων
827 834 1056 879 ἐκαλέοντο
1086 834 1270 891 Σύριοι,
1309 834 1395 878 ὑπὸ
1427 835 1473 879 δὲ
1501 837 1590 878 τῶν
1620 836 1723 890 βαρ·

452 901 604 959 βάρων
646 900 869 956 Ἀσσύριοι
909 901 1170 959 ἐκλήθησαν.

1252 902 1421 947 τούτων
1463 903 1509 946 δὲ
1547 900 1721 958 μεταξύ,

453 973 683 1015 Χαλδαῖοι.
740 966 844 1028 ἦρχε
885 972 931 1015 δέ
973 983 1121 1026 σφεων
1150 970 1367 1033 Ὀτάσπης
1403 971 1427 1016 ὁ
1452 969 1781 1028 Ἀρταχαίου.30

395 1154 633 1198 ἐσκευάδατο
650 1158 732 1207 VH,
746 1161 814 1200 62.
826 1161 891 1200 66.
904 1161 957 1201 88
972 1158 1059 1196 coll.

395 1216 443 1263 Π,
470 1217 563 1256 138.
584 1214 734 1263 1V‚58.

451 1267 620 1322 ’ὕστερον
642 1267 796 1310 τούτων
822 1269 1058 1323 ἐπιτροπεύ-

397 1329 547 1376 σαντα]
589 1329 759 1365 Verbum
781 1323 1057 1378 ἐπιτροπεύειν

396 1383 498 1435 apud
519 1384 756 1422 Herodotum
778 1386 890 1436 plane
923 1392 966 1421 ut
988 1381 1057 1436 ἄρ-

394 1455 477 1492 χειν
487 1442 609 1477 latiori
628 1455 739 1479 sensu
751 1441 886 1479 dicitur
896 1441 943 1479 de
958 1454 1058 1493 quo-

394 1498 450 1535 vis
479 1499 645 1548 regionis
673 1500 828 1536 alicuius
855 1501 934 1536 sive
955 1499 1057 1534 urbis

394 1555 598 1604 praefecto,
628 1562 672 1591 ut
691 1570 727 1595 v.
751 1557 862 1601 c.III‚
885 1559 952 1596 36.
974 1556 1056 1602 VII,

394 1613 447 1651 78
476 1611 543 1648 fin.
574 1612 674 1659 VIII,
700 1615 793 1652 127.
850 1614 928 1648 Nec
951 1614 1060 1648 aliter

393 1665 604 1719 ἐπίτροπος
639 1668 682 1716 V,
713 1671 765 1708 30
787 1670 873 1706 coll.
901 1670 968 1716 ΙΙΙ,
989 1671 1059 1708 27.

393 1724 473 1772 VII,
499 1727 592 1765 170.
617 1746 669 1751 -
699 1726 776 1762 Pro
795 1724 965 1765 τουτέων
987 1738 1058 1762 ex—

391 1778 501 1817 hibui
520 1778 685 1819 τούτων.

597 1871 687 1922 Cap.
708 1872 847 1908 Lxln.

450 1945 597 2001 χάλκεά
617 1965 657 1988 τε
674 1946 822 2001 κράνεα
833 1949 900 1990 καὶ
917 1951 1057 1989 πεπλε-

394 2005 535 2058 γμένα]
558 2008 750 2044 Intellexit
771 2020 906 2044 aeneas
929 2008 1055 2057 galeas

394 2063 524 2113 flexas
546 2064 740 2101 barbarico
764 2064 807 2112 (i.
831 2078 864 2102 e.
886 2065 1058 2115 peregri-

394 2119 473 2168 no)
505 2119 673 2171 quodam
692 2120 822 2166 modo,
847 2121 895 2158 ad
917 2120 1059 2157 descri-

391 2174 565 2212 bendum
602 2175 706 2213 haud
744 2177 868 2225 facili3
908 2173 1056 2228 κράνεα

391 2230 638 2284 πεπλεγμένα
689 2234 859 2271 invenies
900 2247 1054 2286 quoque

393 2289 473 2333 VH,
499 2292 552 2329 72
572 2289 653 2325 init.
680 2296 716 2325 et
736 2286 886 2341 κράνεα
908 2287 1054 2330 πλεκτά

393 2345 472 2392 VH,
495 2347 548 2385 79
578 2346 664 2383 coll.
685 2346 765 2392 Vll,
788 2347 853 2392 85,
889 2347 952 2382 ubi
974 2359 1055 2386 σει-

392 2403 488 2456 ρῇσι
516 2400 807 2456 πεπλεγμένῃσι
828 2410 864 2439 et
885 2404 966 2451 Vll,
987 2406 1054 2452 897

392 2459 459 2496 ubi
478 2453 627 2510 κράνεα
655 2455 836 2509 χηλευτά.

448 2511 620 2561 ἀσπίδας
642 2512 685 2554 δὲ
705 2514 774 2554 καὶ
797 2511 941 2565 αἰχμὰς
963 2530 999 2554 κ.
1020 2530 1054 2553 τ.

392 2573 427 2610 λ.
444 2572 462 2620 ]
493 2572 550 2607 De
570 2572 848 2623 Aegyptiorum
868 2572 986 2609 loricis
1007 2572 1056 2609 cf.

392 2629 421 2675 1,
449 2630 549 2675 1363
587 2641 823 2680 quamquam
845 2627 884 2665 h.
912 2629 939 2666 l.
964 2629 1056 2666 alios

391 2684 529 2735 clypeos
557 2685 768 2735 intelligere
798 2683 947 2722 videtur
973 2687 1056 2721 He-

390 2740 557 2789 rodotus,
580 2743 644 2794 qui
664 2755 757 2779 mox
777 2742 906 2779 loricas
925 2742 1056 2780 linteas

390 2800 796 2836 co1nmemorat.Tales
807 2798 1056 2851 autem,quod

389 2853 489 2891 ferro
518 2856 654 2893 melius
691 2857 860 2894 resistere
896 2856 1053 2907 possint,

1117 1156 1358 1194 introductas
1383 1170 1462 1194 esse
1476 1164 1584 1196 notat
1602 1153 1783 1196 Larcher.

1116 1227 1137 1250 e
1158 1215 1259 1252 Plin.
1286 1216 1334 1252 H.
1356 1216 1403 1251 N.
1424 1215 1532 1261 XIX,
1559 1217 1577 1254 1
1607 1220 1644 1250 et
1665 1213 1781 1249 Corn.
1847 1228 1849 1230 ·

1113 1272 1252 1321 Nepot.
1272 1270 1449 1321 Iphicrat.
1477 1274 1493 1313 1
1520 1272 1556 1316 ξ.
1577 1269 1617 1310 4.
1639 1291 1691 1296 —
1721 1270 1781 1305 De

1113 1328 1266 1380 reliquis
1294 1328 1396 1365 conf.
1426 1327 1569 1365 Herod.
1602 1327 1683 1372 VII,
1712 1327 1781 1367 89.

1114 1386 1182 1424 91.
1242 1385 1347 1430 Quae
1383 1390 1595 1436 sequuntur
1623 1379 1781 1434 ῥόπαλα

1115 1436 1244 1488 ξύλων
1262 1439 1508 1492 τετυλωμένα
1531 1437 1781 1495 σιόἥρῳειωῐ

1115 1497 1237 1535 clavae
1266 1498 1406 1547 ligneae
1424 1497 1555 1549 ferreis
1575 1497 1675 1534 nodis
1703 1508 1781 1532 mu-

1115 1556 1211 1591 nitae
1235 1568 1277 1591 ac
1301 1555 1499 1593 distinctae.
1557 1555 1658 1590 Hinc
1677 1552 1780 1590 infra

1112 1611 1193 1657 VII,
1213 1614 1266 1651 69
1294 1608 1450 1663 ῥόπαλα
1467 1606 1634 1658 wione),
1655 1609 1781 1650 clavae

1112 1667 1272 1704 nodosae.

1171 1722 1342 1773 Σύριοι]
1365 1723 1451 1761 Vid.
1471 1730 1567 1761 nott.
1590 1722 1636 1760 ad
1658 1724 1687 1771 Ι,
1710 1725 1779 1763 72.

1113 1781 1159 1828 V,
1181 1782 1248 1820 49.
1306 1780 1501 1832 Equidem
1529 1779 1591 1816 hic
1621 1793 1684 1816 eos
1717 1780 1780 1816 in-

1115 1836 1233 1874 dicari
1252 1844 1385 1888 putem
1409 1837 1532 1887 Syros,
1555 1838 1621 1889 qui
1646 1837 1779 1888 Baby-

1113 1894 1260 1931 Ioniam
1290 1895 1494 1950 satrapiam
1525 1901 1562 1930 et
1589 1893 1779 1945 reliquam

1111 1952 1319 2002 Assyriam,
1341 1957 1383 1987 ut
1402 1952 1537 1987 Noster
1557 1952 1609 1987 ait
1627 1951 1692 1997 111,
1723 1951 1777 1990 92

1115 2007 1199 2057 (ubi
1210 2007 1652 2057 vid.nott.),iucolebant‚
1662 2019 1777 2057 prae-

1113 2067 1243 2102 sertim
1292 2077 1382 2101 cum
1420 2078 1515 2101 mox
1554 2065 1776 2101 subiiciatur

1118 2121 1377 2159 Chaldaeorum
1413 2122 1582 2166 mentio,
1623 2121 1685 2172 qui
1716 2117 1775 2157 his

1112 2179 1191 2215 sive
1213 2176 1331 2214 additi
1352 2179 1429 2215 sive
1439 2179 1608 2214 immixti
1619 2189 1777 2214 eorum-

1111 2248 1159 2271 ve
1187 2247 1350 2271 numero
1379 2233 1666 2285 comprehensi,
1695 2245 1777 2273 non

1111 2297 1464 2327 commemorantur
1474 2292 1514 2326 in
1526 2291 1777 2341 satrapiarum

1110 2348 1348 2397 singularum
1369 2348 1618 2399 gentiumque
1639 2359 1777 2383 recen-

1110 2416 1154 2440 su
1174 2416 1285 2454 supra
1303 2405 1367 2451 ΠΙ,
1388 2406 1442 2444 90
1463 2417 1569 2456 seqq.
1590 2403 1774 2443 instituto.

1110 2461 1245 2512 Neque
1258 2473 1347 2497 vero
1368 2459 1431 2496 hic
1453 2459 1500 2497 de
1518 2459 1776 2498 Chaldaeorum

1111 2524 1226 2567 gente
1246 2516 1472 2564 sacerdotali
1490 2545 1501 2566 ‚
1527 2516 1574 2554 de
1596 2529 1673 2569 qua
1694 2515 1775 2554 dlxi

1113 2572 1161 2610 ad
1177 2575 1205 2621 Ι,
1222 2575 1313 2622 181,
1337 2572 1607 2625 cogitandum,
1637 2571 1704 2610 sed
1725 2571 1774 2610 de

1111 2643 1154 2666 ea
1174 2638 1301 2680 gente,
1323 2643 1421 2682 quae
1439 2632 1479 2667 in
1500 2630 1697 2681 primitivis
1711 2641 1773 2666 se-

1112 2686 1220 2724 dibus
1241 2688 1447 2724 Armeniae
1474 2687 1673 2738 superioris
1698 2683 1772 2723 ha-

1111 2744 1253 2781 bitabat
1282 2744 1464 2781 montosis
1493 2756 1612 2794 prope
1633 2739 1771 2792 chaly-

1110 2801 1175 2837 bes
1207 2806 1243 2837 et
1273 2801 1312 2836 in
1341 2799 1545 2837 Medorum
1572 2811 1615 2835 ac
1634 2799 1772 2834 Persa-

1110 2870 1197 2894 rum
1230 2857 1455 2894 exercitibus
1492 2852 1677 2906 stipendIa
1710 2853 1770 2890 fa-
