1870 3249
375 203 1031 240 TERPSICHORE
1089 203 1134 239 V.

1305 203 1390 242 229

90 315 170 358 2δέ
200 313 245 358 οῖ
271 312 343 355 καὶ
373 310 486 354 οἷδύι
478 327 571 354 ατα
593 309 734 366 ἐφάνη
764 309 945 365 βασιλέα
980 315 1171 364 Δαρεῖον
1190 309 1387 366 ὑπερβα-

117 382 281 426 λέσθαι.
321 378 432 432 πρὸς
461 383 599 422 ταῦτα
630 378 683 434 δη
714 381 778 420 ῶν
809 380 1078 433 συγκαλέσας
1106 395 1212 429 τους
1233 390 1387 421 συστα-

116 462 292 496 ὄιωῑας,

351 446 629 501 ἐβουλεύετο,
670 447 809 501 λέγων
857 445 915 496 ὠς

954 445 1162 527 ηᾶμεινόν
1202 458 1282 501 σφι
1320 447 1385 502 εἴη

121 512 453 570 νκρησφύγετόν
473 530 514 557 τι
534 513 737 570 ὑπάρχον
758 511 822 557 εἶν
814 530 882 565 αι,
913 512 969 570 ἦν
997 514 1083 569 ἄρα
1113 513 1382 566 ἐξωθέωνται

93 590 116 623 3
124 582 197 636 „fix
225 584 302 637 τῆς
331 579 547 637 Μιλήτου.
585 583 668 625 εἴτε
694 582 748 638 δὴ
779 583 843 624 ὠν
870 581 913 633 ἐς
944 583 1108 636 Σαρδὼ
1137 582 1184 625 ἐκ
1210 586 1292 625 τοῦ
1320 580 1385 625 τό·
1398 589 1442 622 55

119 665 236 704 ,,που
264 649 428 692 τούτου
458 649 559 705 α’γοι
597 649 640 699 ἐς
669 647 901 704 ἀποικίην,
944 651 1024 693 εἴτε
1066 650 1109 700 ἐς
1147 651 1386 704 Μύρκινον

118 717 223 773 ,,τὴν
247 714 474 764 Ἠδωνῶν,
519 716 597 771 τὴι
621 715 821 768 Ιστιαῖος
858 717 1006 773 ἐτείχεε
1043 717 1162 772 παρὰ
1193 719 1387 772 Δαρείου

121 785 315 840 ,,δωρεη“ν
354 782 503 839 λαβων
513 805 523 834 ,·
535 786 559 806 “

598 788 735 827 ταῦτα
773 784 984 839 ἐπειρώτα
1021 785 1045 828 ὁ
1071 784 1383 841 Ἀρισταγόρης.

0 849 53 896 Εὖ
117 852 350 896 Ἑκαταίου
379 851 459 906 μέν
487 869 572 895 νυν
602 855 684 895 τοῦ
709 851 1033 908 Ἡγησάνδρου,
1067 852 1233 907 ἀνδρὸς
1263 857 1385 908 λογο-
1398 862 1442 894 60

117 923 265 969 ποιοῦ,
311 919 502 964 τουτέων
531 919 609 973 μὲν
648 919 691 970 ἐς
727 920 960 977 οὐδετέρην
990 920 1178 964 στέλλειν
1206 921 1331 976 ἔφερε
1359 921 1385 977 ἡ

114 986 279 1044 γνώμη,
310 987 358 1031 ἐν
387 988 512 1044 Λέρῳ
543 987 590 1030 δὲ
629 988 681 1044 τῇ
720 988 838 1045 νήσῳ
879 994 1016 1043 τεῖχος
1045 989 1386 1045 οἰκοδομησάμε-

115 1072 197 1100 νον
235 1053 421 1112 ἡσυχίην
462 1053 609 1108 ἅγειν,
659 1054 714 1110 ἢν
761 1055 916 1112 ἐκπέσῃ
957 1055 1003 1097 ἐκ
1045 1057 1118 1110 τῆς
1161 1055 1384 1113 Μιλήτου·

114 1125 257 1167 ἔπειτα
306 1123 352 1165 δὲ
401 1124 447 1166 ἐκ
493 1121 652 1177 ταύτης
696 1121 999 1177 ὁρμεώμενον,
1052 1123 1387 1167 κατελεύσεσθαι

57 1237 65 1242 ,
115 1193 158 1243 ἐς
186 1191 268 1249 τὴν
296 1191 508 1246 Μίλητον.
553 1194 690 1233 ταῦτα
722 1190 801 1246 μὲν
834 1191 887 1248 δὴ
921 1190 1145 1242 Εκαταῖος
1176 1190 1387 1247 συνεβού-

0 1268 49 1312 Ξ6

116 1263 228 1304 λευε.
286 1259 418 1316 Αὐτῷ
458 1257 504 1302 δὲ
540 1255 822 1315 Ἀρισταγόρῃ
862 1256 889 1315 ἡ
930 1261 1105 1317 πλείστη
1140 1258 1292 1316 γνώμη
1328 1256 1446 1316 ἦν65

55 1400 253 1450 scriptores
291 1395 412 1450 ἄκρος
442 1405 599 1435 vocatur
628 1411 721 1435 sum-

59 1469 153 1504 mus,
187 1455 370 1493 excellens.
423 1454 510 1492 Vid.
536 1455 647 1492 Held.
669 1455 718 1492 ad

58 1512 254 1550 Plutarch.
284 1512 424 1548 Aemi-l
457 1515 480 1552 3
501 1525 590 1563 pag.
626 1511 718 1552 140.

58 1591 116 1597 —-
134 1571 229 1606 Mox
249 1568 337 1605 dedi
357 1581 447 1605 cum
456 1575 612 1605 receutt.
627 1567 716 1607 edd.

55 1624 187 1676 ἔφανη
203 1639 271 1677 pro
294 1624 476 1675 ἐφαίνετο
496 1632 532 1662 et
553 1624 715 1677 βασιλέα

54 1696 123 1733 pro
145 1684 328 1734 βασιλῆα.
368 1681 432 1719 Ad
458 1683 565 1719 verbi
588 1680 714 1733 ‘tineo-

55 1736 275 1790 βαλλεσθαι
330 1746 560 1775 st1ucturam
608 1739 711 1776 conf.

53 1795 190 1832 Matth.
211 1797 276 1833 Gr.
299 1796 364 1831 Gr.
376 1808 464 1846 pag.
483 1798 579 1836 673

112 1847 383 1917 κρησφύγετόν
406 1866 442 1889 τι
459 1847 641 1916 υπεᾶρχον
660 1847 713 1890 εἷ-

55 1908 146 1957 ναι]
176 1909 202 1945 i.
223 1922 257 1944 e.
290 1907 500 1944 commodum
527 1909 614 1957 ipsis
644 1920 716 1944 esse

58 1967 186 2001 certum
226 1964 402 2015 quoddam
447 1963 573 2000 habere
613 1963 714 2014 refu-

55 2032 175 2068 grum,
226 2021 292 2057 ubi
321 2019 369 2056 de
389 2021 567 2056 orationis
595 2021 713 2056 abuu-

56 2076 184 2113 dantia
214 2090 311 2128 quae
343 2075 480 2113 dicitur
501 2072 713 2126 (ὑπάρχον

54 2128 174 2184 εἶναι)
185 2133 262 2170 vid.
265 2131 426 2170 Weiske
439 2132 486 2169 de
499 2134 709 2183 pleonasm.

51 2192 275 2240 pag-123·
327 2210 382 2216 -
429 2185 709 2240 κρησφύγετον

52 2246 185 2283 Glossa
205 2246 362 2297 exponit
381 2260 605 2297 καταφυγη,
618 2241 710 2297 ὀχύ-

53 2317 176 2353 ρωμα.
232 2301 318 2339 Vid.
345 2301 491 2341 Herod
527 2303 608 2347 VII,
641 2303 708 2344 51.

51 2360 120 2406 IX,
145 2358 208 2399 15.
229 2361 283 2400 96
302 2359 368 2397 fin.
383 2366 527 2397 etnott.
548 2358 597 2396 ad
617 2359 709 2396 Cte-

50 2416 128 2452 siae
146 2416 309 2453 Persico.
322 2424 411 2466 cap.
428 2419 468 2456 2.
521 2415 709 2453 Eiusdem

52 2472 130 2508 fere
151 2470 305 2522 origiijis
324 2471 474 2509 videtur
500 2484 592 2513 esse„
608 2468 709 2523 πρά·

52 2528 198 2568 σπεδον
225 2527 328 2579 apud
356 2526 546 2565 Themist.
574 2542 614 2580 p.
653 2528 707 2569 49

52 2586 99 2622 B.
122 2598 152 2622 s.
185 2584 251 2632 59,
285 2587 337 2625 10
356 2583 529 2623 Diudorf.
550 2606 606 2612 —
661 2587 707 2622 In

51 2654 155 2693 seqq.
195 2654 264 2692 pro
302 2640 440 2691 ἐτείχεε
477 2639 554 2678 duo
593 2640 706 2680 codd.

52 2696 222 2749 ἐτείχισε.
280 2697 330 2734 At
369 2703 470 2734 recte
509 2697 708 2747 vulgatum

53 2761 177 2791 tuetur
195 2754 425 2804 Wesseling.
448 2754 566 2790 citans
581 2752 627 2801 V,
639 2756 706 2794 23.

52 2811 159 2848 Valet
178 2811 303 2848 enim:
325 2812 459 2848 munire
479 2812 652 2861 coeperat.

976 1399 1072 1451 Cap
1093 1400 1248 1439 CXXV.

832 1452 1041 1495 Ἑκαταίου
1062 1478 1118 1484 -
1137 1473 1187 1495 αι’
1191 1454 1284 1508 δρὸς
1322 1459 1440 1510 λογο-

775 1513 929 1561 ποιοῦ]
973 1512 1277 1560 Conf.11,143
1308 1514 1438 1566 ibique

774 1575 870 1606 nott.
910 1568 974 1605 Ad
1002 1570 1119 1606 verba
1151 1569 1266 1619 ἔφερε
1284 1586 1310 1621 η
1333 1567 1441 1622 γναί-

774 1641 828 1675 μη
850 1626 952 1662 conf.
973 1627 1018 1674 V,
1044 1628 1137 1667 118
1201 1626 1261 1663 Ad
1280 1629 1438 1678 partici-

770 1683 832 1732 pia
848 1680 1218 1734 οἰκοδομησαμενον
1232 1691 1270 1721 et
1280 1681 1438 1734 όρμειό-

771 1753 892 1790 μενον
907 1740 1031 1790 suppl.
1051 1737 1121 1778 τὸν
1140 1735 1436 1792 Ἀρισταγόρην.

769 1799 895 1845 τεῖχος
921 1803 977 1833 est
1005 1796 1210 1844 castellum,
1263 1810 1353 1844 arx,
1393 1804 1436 1834 ut

769 1852 833 1898 IV,
843 1850 910 1892 46.
924 1851 1016 1892 124.
1046 1852 1157 1889 Leros
1177 1854 1300 1890 insula
1318 1866 1436 1904 parva
1507 1897 1511 1902 ⁵

771 1920 793 1944 e
812 1907 1047 1957 Sporadibus
1064 1908 1111 1946 ad
1123 1911 1435 1960 septemtrionem

770 1964 979 2015 Calymnae
999 1971 1114 2017 atque
1136 1966 1227 2014 Coi,
1261 1979 1283 2003 a
1310 1967 1432 2004 Mileti

769 2021 936 2068 colonis,
967 2028 1010 2059 ut
1037 2021 1209 2070 videtur,
1241 2024 1362 2071 culta,
1394 2031 1435 2061 et

766 2078 888 2114 Mileti
899 2076 1035 2115 ditioni
1045 2077 1135 2116 hinc
1148 2078 1290 2116 addita.
1319 2082 1353 2118 N
1355 2093 1432 2118 unc

768 2147 922 2186 quoque
950 2135 988 2171 ei
1012 2148 1159 2174 nomen
1195 2135 1303 2173 Lero.
1364 2138 1429 2174 Tu

764 2189 846 2228 vid.
865 2191 991 2228 Strab.
1012 2193 1103 2229 XIV
1121 2206 1161 2243 p.
1181 2193 1262 2234 635
1292 2207 1322 2232 s-
1346 2192 1423 2234 941

763 2248 812 2285 D.
832 2249 1022 2285 Mannert.
1041 2249 1105 2296 VI,
1127 2252 1151 2290 3
1175 2262 1263 2300 pag.
1284 2249 1379 2291 246.

953 2349 1046 2400 cap.
1066 2349 1240 2398 CXXVI.

813 2414 848 2466 ,ἡ
871 2416 1032 2468 πλείστη
1061 2413 1203 2469 γνώμη
1220 2411 1301 2468 ἦν]
1341 2418 1365 2456 i.
1388 2432 1424 2456 e.

763 2473 997 2523 Aristagorae
1025 2477 1197 2512 sententia
1223 2475 1263 2512 id
1279 2476 1426 2524 potissi-

763 2541 858 2567 mum
878 2530 1050 2578 urgebat,
1081 2544 1118 2568 eo
1137 2533 1289 2568 maxime
1320 2531 1424 2569 incli-

764 2586 890 2623 nabat.
946 2589 1005 2624 Ita
1024 2585 1246 2638 Schweigh.
1265 2587 1304 2623 iu
1325 2589 1421 2623 Lex.

764 2642 909 2680 Herod.
929 2645 1048 2681 citans
1076 2644 1106 2690 ι,
1122 2646 1214 2684 120.
1234 2644 1315 2687 vu,
1328 2645 1420 2682 220.

763 2699 864 2746 VIII,
888 2702 981 2741 100.
1029 2698 1091 2736 Ad
1115 2694 1287 2751 ἀπάγειν
1306 2699 1422 2735 intel-

763 2755 830 2805 lig.
866 2752 936 2795 τόν
978 2752 1145 2808 στρατόν
1170 2769 1198 2792 ⁵.
1230 2751 1324 2802 τούς
1352 2766 1420 2794 συ-

765 2808 1015 2864 στρατιώτας.

1439 1254 1549 1282 Mileto
1579 1257 1697 1287 reicalt
1730 1242 1733 1243 ⁷

1438 1289 1535 1324 Myro*
1528 1298 1578 1316 ιιιιι
1582 1298 1608 1317 ιιι
1633 1291 1714 1317 Edo-
