1834 3258
45 340 112 386 99

586 221 888 261 ERATO.
947 221 1019 258 VI.

1351 221 1436 262 365

260 332 313 373 Οἵ
359 331 403 372 δε
441 328 678 386 βάρβαροι,
727 327 785 380 ὥς
833 327 1010 387 οἷπῇραν
1049 329 1095 373 ἐκ
1141 331 1219 385 τῆς
1262 327 1598 386 Δήλουβὸοιεωεε
1617 339 1729 366 muzu-

1492 374 1598 401 boeam
1623 375 1764 410 appulsa,
1788 399 1791 405 ,

170 400 406 454 προσίσχον
434 397 547 450 πρός
576 396 654 448 τοὶς
683 396 868 453 νήσους·
916 398 1120 440 ἐνθεῦτεν
1154 397 1199 440 δὲ
1229 396 1435 454 στρατιήν
1491 407 1607 434 Persae
1636 410 1730 443 primo

1491 442 1653 475 Carystum
1680 451 1729 469 ex-

168 483 210 510 τε
239 465 594 521 παρελάμβανον,
625 465 699 509 καὶ
730 464 925 522 ὁμήρους
954 468 1044 508 τῶν
1063 463 1309 521 νησιωτέων
1337 470 1432 510 παῖ·
1489 479 1635 511 puguant·

139 537 249 584 Ξδας
279 533 537 589 ἐλάμβανον.
596 531 655 584 ὦς
695 532 762 586 δὲ,
807 532 1110 588 περιπλέοντες
1147 532 1224 584 τοὶς
1254 533 1431 590 νήσους,

165 603 407 657 προσέσχον
444 601 516 644 καὶ
558 600 600 652 ἐς
638 599 894 655 Κάρυστον,
944 600 1019 654 (ου’
1059 600 1142 656 γὰρ
1184 601 1238 658 δή
1277 613 1355 658 σφι
1386 602 1428 645 οἱ
1443 608 1488 642 30

167 667 408 723 Καρύστιοι
431 668 530 712 οὔτε
553 667 748 725 ὁμήρους
779 669 1000 722 ἐδίδοσαν,
1034 668 1132 711 οὔτε
1164 668 1333 725 ἔφασαν
1363 670 1434 713 ἐπὶ

166 736 289 787 πόλις
316 735 620 792 ἀστυγείτονας
642 737 964 792 στρατεύεσθαι,
991 736 1188 792 λέγοντες
1214 733 1432 792 Ἐρέτριάν

166 820 210 847 τε
251 805 324 848 καὶ
356 803 574 861 Ἀθήναςῆ
613 805 808 849 ἐνθαῦτα
845 804 1032 856 τούτους
1070 803 1351 857 ἐπολιόρκεόν
1387 820 1432 848 τε

163 873 238 916 καὶ
266 872 345 930 τήν
373 877 458 930 γῆν
487 873 636 930 σφέων
664 873 859 930 ἔκειρον,
890 872 932 924 ἐς
959 871 984 917 ὃ
1013 873 1086 916 καὶ
1116 874 1161 917 οἱ
1187 871 1432 927 Καρύστιοι

107 1119 146 1157 p.
169 1107 250 1146 889
269 1105 537 1156 interpretatur
558 1100 768 1156 φρόνιμονς

109 1161 214 1214 quod
252 1169 459 1213 utrumque
499 1168 648 1198 rectum
689 1174 767 1198 esse

106 1225 241 1256 monet
268 1217 419 1256 Bohleu
449 1218 689 1267 (Comment.
721 1217 769 1254 de

108 1276 204 1326 orig.
224 1277 336 1326 Ling.
361 1275 521 1312 Zendic.
543 1289 564 1312 e
585 1275 767 1314 Sanscrit.

36 1379 41 1383 d
107 1332 340 1384 repetenda,
371 1334 615 1383 Regiomont.
649 1333 769 1372 1831.

106 1402 196 1441 pag.
216 1391 305 1436 26),
335 1403 425 1427 cum
444 1391 596 1427 Persica
617 1401 771 1441 quoque

108 1459 186 1483 vox
212 1446 352 1495 (tenere,
382 1459 512 1495 regere,
540 1460 659 1483 sensus
676 1458 771 1482 coer-

109 1504 199 1550 cere)
215 1509 414 1556 utramque
436 1505 630 1540 contineat
648 1503 769 1553 signi-

107 1559 349 1609 ficat10ue1n5
386 1559 489 1597 unde
528 1561 685 1608 factum,
725 1566 768 1596 ut

106 1617 169 1654 vel
197 1617 471 1667 Neopersicum
497 1618 595 1667 regis
622 1629 766 1653 nomen

105 1685 175 1725 pro
195 1672 271 1710 Deo
287 1673 438 1710 Domino
450 1680 676 1725 usurpatum
698 1686 766 1709 oc-

106 1737 244 1767 currat.
268 1753 320 1758 —
360 1730 494 1768 Xerxis
526 1744 671 1768 nomen
699 1731 768 1767 iis-

108 1785 199 1824 dem
235 1788 543 1838 inscriptionibus
577 1788 769 1838 profertur

106 1843 358 1889 Khschersche,
369 1845 461 1892 sive,
472 1851 515 1880 ut
530 1845 610 1881 aliis
631 1845 768 1894 placet,

110 1899 396 1948 Krsche‘arscha,
435 1900 540 1952 quod
568 1901 768 1937 bellatorem

107 1969 137 1995 s.
158 1957 275 1993 virum
287 1955 420 2007 fortem
433 1985 444 2004 ,
482 1957 676 1994 bellicosum
697 1955 770 1992 de-

107 2019 228 2049 notat.
307 2013 482 2057 Quocum
513 2013 769 2064 compositum

106 2081 252 2105 nomen
271 2064 522 2121 Ἀρταξέρξης
535 2071 613 2107 sive
635 2065 768 2120 Ἀρτο-

106 2123 264 2176 ξέρξης,
314 2126 340 2163 i·
383 2139 418 2162 e·
453 2125 573 2179 μέγας
610 2122 765 2178 dmitos,

105 2181 346 2219 Herodotum
375 2183 405 2220 si
431 2195 656 2234 sequamur,
688 2185 770 2219 He-

107 2239 233 2276 braice
266 2245 376 2276 sonat
413 2243 675 2293 qu'ug'nqffzss:
727 2240 768 2276 in

449 2289 481 2324 τ.)
561 2289 566 2294 .
617 2289 623 2294 .

107 2328 239 2379 1ingua
259 2293 452 2366 Zendicag
483 2329 768 2378 Artachschethr,

107 2386 147 2421 in
191 2386 341 2422 Persica
388 2387 520 2436 lingua
568 2387 768 2435 Ardeschir,

108 2441 174 2478 ubi
200 2440 344 2492 syllaba
369 2442 448 2480 Ard
481 2457 510 2481 s.
547 2444 636 2492 Art,
676 2445 769 2481 Arta

108 2498 210 2535 vocis
231 2498 310 2534 vim
331 2500 463 2548 augeri
483 2498 629 2539 dicunt.
663 2501 768 2537 Con-

105 2555 174 2591 fer.
192 2555 330 2591 Gesen.
363 2556 459 2592 Lex.
487 2558 602 2595 Hebr.
622 2557 658 2592 II
678 2570 768 2608 pag.

110 2611 230 2652 1247.
275 2609 395 2648 Thes.
423 2613 468 2651 L.
499 2615 547 2652 H.
570 2615 587 2649 Ι
614 2627 653 2664 Ρ.
676 2614 768 2654 156.

106 2667 258 2705 Wiuer.
281 2667 306 2705 l.
328 2668 355 2703 l.
376 2668 393 2703 I
411 2681 500 2719 pag.
522 2669 588 2710 57.
617 2672 765 2706 Roseu-

106 2725 257 2761 miiller.
286 2724 553 2774 Morgenland.
582 2727 600 2761 Ι
623 2739 661 2776 p.
683 2729 764 2766 373

106 2787 186 2818 not.
207 2779 275 2822 40.
307 2782 405 2817 Hinc
422 2776 594 2830 Ἀρταῖοι
622 2794 766 2819 vocau-

106 2842 168 2873 tur
198 2838 361 2885 Persae,
402 2840 475 2875 vin·
502 2838 632 2890 fortes,
663 2837 766 2889 apud

823 1100 966 1144 Herod.
989 1103 1070 1151 VII,
1094 1105 1160 1150 61,
1195 1103 1262 1140 ubi
1290 1101 1366 1142 vid.
1389 1109 1485 1141 nott.

823 1161 881 1197 Ac
899 1167 1032 1197 monet
1051 1173 1114 1196 me
1123 1162 1263 1211 Hstzig,
1280 1161 1339 1197 vir
1358 1161 1486 1196 orien-

824 1218 959 1255 talium
987 1218 1207 1268 linguarum
1241 1217 1486 1267 peritissimus

824 1274 1006 1326 idemque
1027 1272 1124 1310 mihi
1144 1275 1487 1320 alni0i2si1n11s‚vo—

827 1332 955 1369 culam
965 1328 1087 1383 ’Ἀρτα
1108 1330 1270 1368 eandem
1285 1330 1407 1368 videri
1427 1337 1486 1367 at-

828 1402 903 1441 que
925 1384 1062 1440 κάρτα,
1092 1401 1164 1425 nec
1187 1387 1338 1425 differre
1358 1400 1486 1425 avoco

826 1446 938 1494 barte,
962 1458 1059 1497 quae
1078 1445 1117 1481 iu
1131 1446 1249 1483 veteri
1269 1446 1485 1481 Germano-

825 1516 912 1539 rum
932 1501 1114 1539 idiomate
1132 1500 1188 1553 (in
1202 1501 1374 1550 dialecto,
1388 1514 1487 1554 quae

824 1566 981 1597 vocatur
1000 1557 1404 1609 Mittelhochdeutsch)
1416 1559 1486 1595 ob·-

823 1618 884 1654 via
904 1622 1013 1654 sonat
1037 1616 1154 1664 valde,
1175 1616 1375 1663 admodum,
1396 1615 1486 1663 sehr,

822 1680 867 1711 ut
885 1687 989 1710 nunc
1009 1673 1217 1725 loquimur.
1275 1673 1381 1718 Quae
1397 1685 1487 1709 cum

823 1731 1074 1781 scripsissem,
1120 1728 1238 1767 incidi
1272 1731 1313 1766 in
1349 1727 1487 1769 Wahl.

826 1787 1123 1838 disputationem
1160 1787 1201 1823 in
1234 1787 1337 1825 Hall.
1380 1786 1485 1836 Allg.

823 1845 914 1881 Litt.
937 1844 1035 1880 Zeit.
1062 1845 1171 1883 1832
1192 1856 1251 1879 nr.
1272 1845 1325 1883 30
1340 1856 1379 1893 p.
1390 1844 1487 1882 238.

827 1901 910 1946 Quo
933 1907 1087 1936 auctore
1107 1899 1279 1936 Ardschfr
1307 1899 1386 1936 sive
1416 1899 1485 1936 Ar-

825 1957 961 1995 deschir
981 1955 1118 1992 dicitur
1139 1956 1190 1992 leo
1200 1955 1333 2006 form,
1353 1956 1486 2006 firmus

823 2027 853 2053 s.
885 2013 982 2050 heros
1017 2012 1126 2050 leonis
1153 2015 1270 2049 animo
1303 2025 1347 2049 ac
1382 2013 1486 2049 robo-

823 2083 860 2107 re
893 2068 1098 2121 praeditus,
1139 2069 1217 2105 sive
1264 2081 1327 2106 rex
1358 2068 1484 2119 fortis,

824 2127 1082 2174 magnanimus.
1110 2127 1210 2162 Nam
1223 2126 1359 2162 vocula
1377 2126 1483 2174 schir,

824 2190 867 2219 ut
893 2181 999 2219 idem
1029 2189 1160 2229 notat,
1192 2195 1314 2235 aeque
1342 2182 1481 2230 leonem,

825 2246 940 2290 atque
960 2251 1074 2287 regem
1092 2238 1256 2287 indicat,
1288 2245 1325 2276 et
1348 2240 1484 2276 vocula

825 2296 892 2334 ard
911 2310 940 2333 s.
961 2300 1020 2333 art
1037 2295 1153 2348 (quae
1169 2298 1210 2333 in
1224 2295 1393 2333 Zendica
1406 2297 1483 2333 lin-

824 2365 900 2404 gua
920 2359 1029 2390 sonat
1048 2357 1147 2401 crete,
1182 2353 1315 2400 erethe,
1346 2353 1482 2403 credre)

823 2411 925 2447 valet
945 2422 1109 2458 magnum
1129 2409 1236 2460 quid,
1260 2409 1377 2460 forte,
1408 2412 1483 2447 exi-

823 2469 930 2504 mium
956 2479 999 2503 ac
1019 2468 1178 2518 firmum.
1235 2467 1294 2503 De
1322 2479 1398 2518 quo
1415 2480 1482 2503 eo-

825 2522 915 2560 dem
948 2524 1065 2560 etiam
1092 2523 1242 2560 monuit
1271 2524 1409 2560 Gesen.
1441 2524 1481 2560 in

824 2579 1015 2617 Thesaur.
1031 2582 1140 2618 L.H.
1153 2581 1178 2617 1.
1197 2580 1290 2617 l.-—-
1311 2581 1386 2617 Pro
1410 2580 1482 2630 βα-

825 2639 964 2688 σιλῆας
994 2636 1082 2674 dedi
1112 2634 1313 2688 βασιλέας.

1031 2716 1124 2766 cap.
1146 2715 1286 2752 XCIX.

879 2783 1096 2834 προσῖσχον
1108 2778 1208 2832 πρός
1220 2777 1289 2828 τοῖς
1310 2776 1478 2831 νήσους]

822 2840 921 2876 Male
943 2840 1028 2876 libri
1046 2839 1172 2889 plures
1205 2837 1479 2890 προσίσχοντυ.
