1834 3258
413 284 892 321 POLYMNIA.
952 285 1052 322 VII.

1282 286 1367 325 435

101 397 144 448 ἐς
186 394 238 439 τοὶ
271 394 513 438 Μουσαίου
544 393 762 450 χρησμὸν,
805 392 864 445 ὦς
895 394 940 437 αἱ
969 393 1039 437 ἐπὶ
1069 392 1253 449 Λήμνου
1283 394 1422 439 ἐπι-95

72 466 294 518 6κείμεναι
342 465 473 517 νῆσοι
525 460 813 516 ἀφανιζοίατο
859 462 970 506 κατὰ
1010 465 1085 518 τῆς
1127 462 1363 520 θαλάσσης.

98 530 167 576 διό
207 529 382 587 ἐξήλασέ
427 545 502 586 μιν
532 528 830 586 ὁἽππαρχος,
876 529 1096 585 πρότερον
1124 533 1367 587 χρεώμενος

69 607 90 642 7
100 598 154 642 τὰ
193 598 391 655 μάλιστα.

454 597 560 641 Τότε
599 598 645 642 δὲ
687 597 961 654 συναναβὰς,
1011 597 1125 651 ὅκως
1164 597 1364 644 ἀπίκοιτο

95 667 140 718 ἐς
179 665 285 718 ὄψιν
320 665 400 723 τὴν
438 664 660 722 βασιλέος,
703 663 922 722 λεγόντων
941 668 1029 709 τῶν
1060 670 1365 724 Πεισιστρατι-

95 735 207 780 δέων
244 735 342 790 περὶ
389 733 531 779 αὐτοῦ
580 732 766 788 σεμνούς
805 732 985 789 λόγους,
1033 735 1231 791 κατέλεγε
1274 741 1365 781 τῶν

92 805 316 859 χρησμῶν·
356 803 394 846 εἰ
434 803 513 857 μέν
549 818 591 845 τι
628 800 744 845 ἐνέοι
783 801 965 858 σφάλμα
999 801 1139 857 φέρον
1168 808 1230 863 τῷ
1260 808 1363 861 βαρ-

94 870 242 928 βάρῳ,
280 873 371 913 τῶν
408 869 489 927 μὲν
528 871 644 925 ἔλεγε
673 867 827 913 οὐδέν·
870 868 894 914 ὁ
918 871 964 914 δὲ
992 870 1045 914 τὰ
1075 869 1390 928 εὐτυχέσταται

94 938 388 997 ἐκλεγόμενος,
431 938 546 994 ἔλεγε
584 937 663 981 τόν
691 953 736 981 τε
758 936 1076 994 Ἑλλήσποντον
1105 937 1164 992 ὥς
1194 944 1366 998 ζευχθῆ-

39 1132 161 1182 ἆλοῦς
177 1134 257 1172 vid.
277 1141 374 1172 nott.
395 1134 444 1171 ad
464 1136 527 1182 VI,
540 1137 606 1176 62.
630 1134 701 1171 Cui

37 1191 190 1230 additur
225 1191 468 1243 participium
502 1190 700 1243 ἐμποιέων

37 1249 63 1285 i.
94 1262 128 1286 e.
159 1251 332 1297 inserens,
372 1247 509 1285 eadem
537 1250 698 1296 ratione,

36 1305 113 1358 qua
150 1306 268 1343 verbo
303 1305 541 1346 ἁλίσκεσθαι
565 1306 595 1353 Ι,
617 1307 699 1345 209

38 1363 123 1410 (ubi
141 1362 219 1399 vid.
238 1363 336 1413 citt.)
359 1369 396 1399 et
414 1363 497 1411 VH,
517 1365 597 1402 102
615 1363 697 1401 init.

36 1421 94 1455 De
122 1419 221 1457 Laso
240 1420 485 1457 Hermionensz·
504 1426 541 1456 et
551 1420 698 1455 musico

37 1483 75 1513 et
94 1483 208 1527 poeta
236 1475 469 1528 Pindarique
496 1477 698 1526 magistro,

37 1534 104 1585 qui
134 1534 195 1570 vel
223 1541 371 1585 septem
413 1533 646 1584 sapientibus
676 1545 698 1569 a

35 1591 229 1627 nonnullis
260 1589 534 1627 adnumeratur
560 1596 597 1626 et
626 1602 697 1641 cy-

35 1647 148 1684 clicos
169 1645 304 1684 choros
332 1647 534 1684 instituisse
563 1646 695 1694 fertur,

36 1705 205 1755 primarii
219 1712 307 1741 sunt
326 1705 402 1741 loci
423 1702 566 1741 Suidae
596 1716 626 1740 s.
656 1716 695 1740 v.

36 1767 74 1797 et
103 1774 133 1798 s.
163 1775 202 1799 v.
232 1757 610 1806 κυκλιοδιδάσκαλος
643 1760 695 1797 Τ.

34 1817 71 1853 Π
101 1830 190 1869 pag.
222 1821 300 1859 391
335 1824 372 1854 et
401 1813 498 1857 417.
529 1818 695 1867 Diogen,

34 1875 161 1911 Laert.
175 1875 205 1921 Ι,
229 1874 284 1915 42
302 1875 432 1926 ibique
453 1875 608 1923 Menag.
645 1874 697 1910 Et

35 1931 168 1968 confer
197 1931 245 1967 sis
264 1931 411 1969 Fabric.
433 1931 532 1966 Bibl.
560 1931 696 1967 Graec.

34 1988 71 2024 Π
103 2000 191 2038 pag.
226 1989 318 2026 128.
361 1987 470 2024 Circa
497 1987 697 2038 Olympia-

36 2043 127 2081 dem
165 2044 326 2080 LXVIII
362 2043 532 2080 floruisse
560 2042 698 2079 dicitur

35 2099 202 2152 indeque
223 2102 359 2138 merito
380 2101 486 2137 Darii
502 2100 697 2151 Hystaspis

35 2156 198 2195 habetur
227 2158 408 2209 aequalis.
466 2155 584 2193 Addit
605 2157 697 2192 Val-

36 2213 277 2258 ckenaerius,
312 2213 415 2266 qnod
435 2212 631 2250 Herodoto
653 2226 696 2250 ac

36 2271 245 2308 Pausaniae
255 2272 291 2307 II
311 2274 363 2311 26
387 2272 423 2316 ξ.
446 2273 470 2311 6
490 2271 536 2307 sit
557 2269 698 2320 ἐμποι-

38 2331 116 2376 εῖν,
165 2327 206 2364 id
244 2329 283 2364 in
318 2329 510 2364 simillima
544 2327 697 2364 Solonis

37 2383 182 2433 fraude,
204 2385 269 2436 qui
288 2385 498 2421 Homericis
517 2385 698 2420 interser—

37 2447 76 2478 to
105 2454 216 2478 versu
241 2440 429 2488 effecerat,
458 2448 500 2477 ut
516 2440 564 2477 de
585 2441 698 2478 Sala—-

37 2499 142 2534 mine
156 2497 428 2535 contendentes
455 2499 697 2548 Megarenses

40 2554 86 2590 ab
117 2552 412 2591 Atheniensibus
440 2556 693 2602 vincerentur,

38 2609 111 2648 dici
143 2611 225 2661 στίχ
255 2624 274 2649 ν
315 2607 513 2662 ἐγγράψαι
548 2610 602 2657 εἰς
628 2608 693 2650 τὸν

37 2663 257 2719 κατάλογον
267 2667 327 2704 vel
341 2666 524 2718 ἐμβαλεῖν
544 2666 605 2703 vel
617 2683 694 2705 πα-

39 2727 240 2772 ρενθεῐναι
282 2721 558 2773 πεπλασμένον
592 2719 694 2774 apud

39 2779 196 2831 Diogen.
212 2783 338 2822 Laert.
356 2780 462 2828 1‚48.
483 2780 633 2830 Ulpian.
647 2779 696 2816 ad

39 2835 282 2875 Demosthen.
303 2851 341 2888 p.
363 2837 444 2878 254
462 2843 497 2873 et
516 2834 691 2875 Eustath.

41 2891 86 2929 ad
104 2893 208 2933 Iliad.
239 2896 274 2931 ΙΙ
298 2908 336 2945 p.
359 2895 452 2941 215,
473 2892 540 2933 42.
600 2893 694 2930 Cer-

757 1141 902 1171 nuntur
932 1142 1060 1172 autem
1082 1135 1122 1172 in
1140 1136 1291 1183 talibus,
1323 1148 1421 1187 quae

756 1190 831 1228 hoc
850 1193 935 1228 Ioco
957 1193 1004 1228 ab
1027 1191 1224 1229 Herodoto
1246 1191 1421 1243 produn-

755 1255 831 1297 tur,
860 1255 1011 1285 matura
1032 1251 1119 1286 artis
1134 1249 1284 1286 criticae
1304 1252 1422 1286 semi-

755 1318 807 1342 na
852 1304 1010 1356 posthac
1060 1307 1183 1356 magis
1220 1307 1422 1359 magisque

756 1361 859 1414 apud
881 1364 1044 1400 Graecos
1065 1363 1253 1400 excultae.

813 1418 867 1466 ὥς
899 1419 944 1458 αἱ
974 1419 1040 1459 ἐπὶ
1065 1416 1239 1471 Λήμνου
1271 1419 1421 1460 ἐπικεί-

756 1489 873 1526 μεναι
893 1478 1013 1527 νῆσοι
1033 1472 1295 1526 ἀφανιζοίατο
1320 1475 1420 1516 κατα

753 1535 827 1584 τῆς
861 1529 1100 1583 θαλάσσης]
1141 1535 1201 1570 De
1226 1535 1423 1585 praeposi-

754 1591 860 1626 tione
890 1589 955 1629 ἐπὶ
994 1592 1194 1627 citavimus
1232 1592 1421 1628 nonnulla

753 1645 802 1683 ad
832 1647 878 1695 V,
900 1649 954 1687 92
976 1649 1013 1693 ξ.
1036 1650 1084 1696 33
1116 1646 1164 1684 de
1184 1649 1223 1684 vi
1240 1660 1424 1698 praesen-

754 1704 801 1740 tis
823 1697 1085 1753 ἀφανιζοίατο
1105 1703 1184 1743 vid.
1205 1703 1420 1744 Matthfir.

754 1761 822 1797 Gr.
850 1773 940 1811 pag.
972 1762 1092 1801 1029.
1141 1762 1422 1812 Wesselingius

753 1818 919 1854 similem
965 1818 1092 1854 Nostri
1141 1817 1251 1855 affert
1289 1819 1421 1855 locum

752 1874 835 1921 VII,
857 1873 953 1921 235,
968 1875 1036 1910 ubi
1055 1871 1155 1912 κατὰ
1177 1878 1248 1925 τῆς
1264 1871 1420 1914 θαλάσ-

754 1943 827 1980 σης
854 1929 1167 1970 καταδεδυκέναι
1201 1938 1238 1968 et
1266 1932 1418 1971 Platon.

753 1988 860 2023 Tim.
878 2000 917 2036 p.
938 1986 992 2027 25
1013 1988 1061 2023 D.

811 2039 916 2089 ὅκως
964 2039 1183 2092 ἀπίκοιτο]
1261 2044 1418 2082 Consul.

752 2099 889 2136 Matth.
911 2100 978 2136 Gr.
999 2101 1065 2137 Gr.
1088 2101 1214 2146 §.521
1239 2114 1278 2151 p.
1298 2101 1420 2150 1005,

754 2158 821 2209 qui
850 2155 955 2192 idem
975 2170 1064 2208 pag.
1087 2160 1167 2198 323
1190 2154 1238 2193 de
1257 2159 1417 2208 genitivi

753 2227 823 2250 usu
840 2215 878 2250 in
890 2214 1014 2251 verbis
1033 2213 1212 2266 κατέλεγε
1227 2217 1306 2253 τῶν
1323 2230 1421 2267 χρη-

755 2273 866 2320 σμῶν
888 2272 1040 2307 monuit
1053 2271 1158 2320 (coll.
1170 2271 1252 2308 Ast.
1268 2271 1316 2308 ad
1326 2273 1420 2309 Pla-

753 2334 834 2364 ton.
866 2328 1071 2378 Rempubl.
1096 2329 1160 2373 VI,
1189 2331 1215 2368 2
1244 2342 1284 2379 p.
1316 2328 1418 2375 534,

754 2397 872 2436 quem
901 2387 1040 2421 excitat
1069 2384 1278 2434 Creuzerus)
1311 2392 1348 2422 et
1376 2400 1416 2437 p.

752 2440 834 2481 414
875 2442 912 2486 §.
950 2444 1032 2482 217
1070 2440 1117 2478 de
1143 2441 1267 2478 forma
1300 2440 1417 2482 ἐνέοι.

754 2496 866 2543 Quod
885 2499 1055 2550 sequitur
1072 2494 1246 2549 σφάλμα,
1269 2500 1417 2536 calami-

752 2558 877 2601 tatem,
899 2555 1029 2592 malum
1049 2554 1204 2602 indicat,
1226 2557 1304 2603 utI,
1319 2558 1414 2596 207.

752 2611 834 2658 vn,
867 2614 918 2651 10
947 2613 984 2657 ς.
1014 2613 1051 2651 6.
1082 2613 1151 2659 lx,
1183 2614 1207 2652 9
1239 2612 1319 2659 fin„
1348 2612 1413 2648 ubi

751 2666 888 2705 eadem
907 2681 1057 2718 prorsus
1077 2669 1231 2705 locutio.

806 2727 887 2763 τῶν
905 2722 993 2775 μὲν
1014 2723 1117 2777 ἔλεγε
1139 2720 1280 2764 οὐδέν·
1317 2721 1341 2763 ό
1359 2721 1411 2762 δὲ

751 2777 949 2833 -ἒ’λεγε]
999 2783 1057 2817 De
1087 2794 1158 2817 nsu
1186 2780 1410 2816 vocularum

752 2833 823 2885 μὲν
834 2859 888 2864 —
901 2835 943 2876 δὲ
964 2836 1065 2874 conf.
1077 2839 1188 2873 citata
1200 2835 1248 2873 ad
1261 2837 1304 2884 V,
1320 2839 1413 2878 120.

749 2890 842 2930 Mox
882 2906 950 2944 pro
990 2894 1094 2942 vulg.
1126 2889 1262 2946 χρεῶν,
1309 2893 1413 2945 quod

1034 2952 1087 2990 28
1110 2945 1135 2970 ᾗ
