<?xml version="1.0" encoding="UTF-8"?>
<!DOCTYPE html PUBLIC "-//W3C//DTD XHTML 1.0 Transitional//EN"
    "http://www.w3.org/TR/xhtml1/DTD/xhtml1-transitional.dtd">
<html xmlns="http://www.w3.org/1999/xhtml" xml:lang="en" lang="en">
 <head>
  <title>
</title>
<meta http-equiv="Content-Type" content="text/html;charset=utf-8" />
  <meta name='ocr-system' content='tesseract 3.04.00' />
  <meta name='ocr-capabilities' content='ocr_page ocr_carea ocr_par ocr_line ocrx_word'/>
</head>
<body>
  <div class='ocr_page' id='page_1' title='image "./musaeherodoto03hero/musaeherodoto03hero_0394.png"; bbox 0 0 1851 3181; ppageno 0'>
   <div class='ocr_carea' id='block_1_1' title="bbox 118 528 394 733">
    <p class='ocr_par' dir='ltr' id='par_1_1' title="bbox 118 528 394 733">
     <span class='ocr_line' id='line_1_1' title="bbox 120 528 394 569; baseline -0.004 -12"><span class='ocrx_word' id='word_1_1' title='bbox 120 528 266 569; x_wconf 77' lang='lat' dir='ltr'><strong>proeliari</strong></span> <span class='ocrx_word' id='word_1_2' title='bbox 291 528 394 554; x_wconf 72' lang='grc' dir='ltr'><strong>(·1ε·(·ει-</strong></span> 
     </span>
     <span class='ocr_line' id='line_1_2' title="bbox 118 563 354 591; baseline -0.017 0"><span class='ocrx_word' id='word_1_3' title='bbox 118 573 138 591; x_wconf 79' lang='lat'><strong>11</strong></span> <span class='ocrx_word' id='word_1_4' title='bbox 130 564 174 590; x_wconf 80' lang='grc' dir='ltr'><strong>ιίῐι</strong></span> <span class='ocrx_word' id='word_1_5' title='bbox 169 572 212 590; x_wconf 79' lang='lat' dir='ltr'><strong>ur.</strong></span> <span class='ocrx_word' id='word_1_6' title='bbox 250 563 354 589; x_wconf 75' lang='lat' dir='ltr'><strong>Dilata</strong></span> 
     </span>
     <span class='ocr_line' id='line_1_3' title="bbox 119 597 360 632; baseline 0.004 -12"><span class='ocrx_word' id='word_1_7' title='bbox 119 605 238 632; x_wconf 79' lang='lat' dir='ltr'><strong>pugna,</strong></span> <span class='ocrx_word' id='word_1_8' title='bbox 266 597 360 621; x_wconf 81' lang='lat' dir='ltr'><strong>donec</strong></span> 
     </span>
     <span class='ocr_line' id='line_1_4' title="bbox 119 629 376 668; baseline -0.008 -11"><span class='ocrx_word' id='word_1_9' title='bbox 119 639 235 657; x_wconf 70' lang='lat' dir='ltr'><strong>sumina</strong></span> <span class='ocrx_word' id='word_1_10' title='bbox 246 630 284 656; x_wconf 87' lang='lat' dir='ltr'><strong>im</strong></span> <span class='ocrx_word' id='word_1_11' title='bbox 289 629 376 668; x_wconf 68' lang='lat' dir='ltr'><strong>pexii,</strong></span> 
     </span>
     <span class='ocr_line' id='line_1_5' title="bbox 119 663 346 700; baseline -0.009 -9"><span class='ocrx_word' id='word_1_12' title='bbox 119 673 199 700; x_wconf 84' lang='lat' dir='ltr'><strong>quae</strong></span> <span class='ocrx_word' id='word_1_13' title='bbox 218 664 278 690; x_wconf 83' lang='lat' dir='ltr'><strong>alio</strong></span> <span class='ocrx_word' id='word_1_14' title='bbox 298 663 346 689; x_wconf 80' lang='lat' dir='ltr'><strong>die</strong></span> 
     </span>
     <span class='ocr_line' id='line_1_6' title="bbox 118 698 323 733; baseline -0.005 -9"><span class='ocrx_word' id='word_1_15' title='bbox 118 707 135 733; x_wconf 69' lang='lat'><em>1</em></span> <span class='ocrx_word' id='word_1_16' title='bbox 140 707 166 724; x_wconf 84' lang='lat' dir='ltr'><strong>e</strong></span> <span class='ocrx_word' id='word_1_17' title='bbox 168 706 212 724; x_wconf 75' lang='lat' dir='ltr'><strong>ies</strong></span> <span class='ocrx_word' id='word_1_18' title='bbox 231 698 281 724; x_wconf 72' lang='lat' dir='ltr'><strong>alit</strong></span> <span class='ocrx_word' id='word_1_19' title='bbox 277 706 323 723; x_wconf 83' lang='lat' dir='ltr'><strong>um</strong></span> 
     </span>
    </p>
   </div>
   <div class='ocr_carea' id='block_1_2' title="bbox 120 734 394 766">
    <p class='ocr_par' dir='ltr' id='par_1_2' title="bbox 120 734 394 766">
     <span class='ocr_line' id='line_1_7' title="bbox 120 734 394 766; baseline -0.008 -8"><span class='ocrx_word' id='word_1_20' title='bbox 120 740 154 766; x_wconf 69' lang='grc' dir='ltr'><strong>,Γ</strong></span> <span class='ocrx_word' id='word_1_21' title='bbox 141 737 236 758; x_wconf 68' lang='lat' dir='ltr'><strong>meto:</strong></span> <span class='ocrx_word' id='word_1_22' title='bbox 237 740 291 757; x_wconf 86' lang='lat' dir='ltr'><strong>cm</strong></span> <span class='ocrx_word' id='word_1_23' title='bbox 317 734 394 764; x_wconf 74' lang='lat' dir='ltr'><strong>01·‚at</strong></span> 
     </span>
    </p>
   </div>
   <div class='ocr_carea' id='block_1_3' title="bbox 118 765 363 826">
    <p class='ocr_par' dir='ltr' id='par_1_3' title="bbox 118 765 363 826">
     <span class='ocr_line' id='line_1_8' title="bbox 118 765 363 791; baseline 0 0"><span class='ocrx_word' id='word_1_24' title='bbox 118 765 155 791; x_wconf 81' lang='lat' dir='ltr'><strong>ad</strong></span> <span class='ocrx_word' id='word_1_25' title='bbox 190 765 324 791; x_wconf 64' lang='lat' dir='ltr'><strong>Miltiade</strong></span> <span class='ocrx_word' id='word_1_26' title='bbox 316 772 363 791; x_wconf 69' lang='lat' dir='ltr'><strong>cm</strong></span> 
     </span>
     <span class='ocr_line' id='line_1_9' title="bbox 118 799 299 826; baseline 0 -1"><span class='ocrx_word' id='word_1_27' title='bbox 118 799 299 826; x_wconf 67' lang='lat' dir='ltr'><strong>dexenisset.</strong></span> 
     </span>
    </p>
   </div>
   <div class='ocr_carea' id='block_1_4' title="bbox 284 1012 381 1056">
    <p class='ocr_par' dir='ltr' id='par_1_4' title="bbox 284 1012 381 1056">
     <span class='ocr_line' id='line_1_10' title="bbox 284 1012 381 1056; baseline 0.01 -1"><span class='ocrx_word' id='word_1_28' title='bbox 284 1012 381 1056; x_wconf 92' lang='grc'><strong>111</strong></span> 
     </span>
    </p>
   </div>
   <div class='ocr_carea' id='block_1_5' title="bbox 114 1075 353 1103">
    <p class='ocr_par' dir='ltr' id='par_1_5' title="bbox 114 1075 353 1103">
     <span class='ocr_line' id='line_1_11' title="bbox 114 1075 353 1103; baseline 0 -1"><span class='ocrx_word' id='word_1_29' title='bbox 114 1075 200 1102; x_wconf 74' lang='lat' dir='ltr'><strong>Acies</strong></span> <span class='ocrx_word' id='word_1_30' title='bbox 219 1075 353 1103; x_wconf 83' lang='lat' dir='ltr'><strong>Graeco-</strong></span> 
     </span>
    </p>
   </div>
   <div class='ocr_carea' id='block_1_6' title="bbox 112 1110 388 1145">
    <p class='ocr_par' dir='ltr' id='par_1_6' title="bbox 112 1110 388 1145">
     <span class='ocr_line' id='line_1_12' title="bbox 112 1110 388 1145; baseline 0.004 -10"><span class='ocrx_word' id='word_1_31' title='bbox 112 1118 177 1136; x_wconf 83' lang='lat' dir='ltr'><strong>rum</strong></span> <span class='ocrx_word' id='word_1_32' title='bbox 204 1118 261 1145; x_wconf 84' lang='lat' dir='ltr'><strong>quo</strong></span> <span class='ocrx_word' id='word_1_33' title='bbox 282 1110 388 1136; x_wconf 72' lang='lat' dir='ltr'><strong>oidine</strong></span> 
     </span>
    </p>
   </div>
   <div class='ocr_carea' id='block_1_7' title="bbox 112 1143 385 1172">
    <p class='ocr_par' dir='ltr' id='par_1_7' title="bbox 112 1143 385 1172">
     <span class='ocr_line' id='line_1_13' title="bbox 112 1143 385 1172; baseline 0.004 -3"><span class='ocrx_word' id='word_1_34' title='bbox 112 1143 262 1171; x_wconf 82' lang='lat' dir='ltr'><strong>instructa</strong></span> <span class='ocrx_word' id='word_1_35' title='bbox 282 1143 385 1172; x_wconf 83' lang='lat' dir='ltr'><strong>fucrit.</strong></span> 
     </span>
    </p>
   </div>
   <div class='ocr_carea' id='block_1_8' title="bbox 454 225 539 266">
    <p class='ocr_par' dir='ltr' id='par_1_8' title="bbox 454 225 539 266">
     <span class='ocr_line' id='line_1_14' title="bbox 454 225 539 266; baseline 0 -1"><span class='ocrx_word' id='word_1_36' title='bbox 454 225 539 266; x_wconf 72' lang='lat'><strong>384</strong></span> 
     </span>
    </p>
   </div>
   <div class='ocr_carea' id='block_1_9' title="bbox 452 333 1160 393">
    <p class='ocr_par' dir='ltr' id='par_1_9' title="bbox 452 333 1160 393">
     <span class='ocr_line' id='line_1_15' title="bbox 452 333 1160 393; baseline 0.008 -17"><span class='ocrx_word' id='word_1_37' title='bbox 452 333 628 388; x_wconf 77' lang='grc' dir='ltr'><strong><em>,,πρώτη</em></strong></span> <span class='ocrx_word' id='word_1_38' title='bbox 668 337 757 375; x_wconf 74' lang='grc' dir='ltr'><strong>τῶν</strong></span> <span class='ocrx_word' id='word_1_39' title='bbox 794 334 841 376; x_wconf 80' lang='grc' dir='ltr'><strong><em>ἐν</em></strong></span> <span class='ocrx_word' id='word_1_40' title='bbox 881 340 933 393; x_wconf 83' lang='grc' dir='ltr'><strong>τῇ</strong></span> <span class='ocrx_word' id='word_1_41' title='bbox 968 337 1160 382; x_wconf 79' lang='grc' dir='ltr'><strong>Ἑλλάδι·</strong></span> 
     </span>
    </p>
   </div>
   <div class='ocr_carea' id='block_1_10' title="bbox 856 228 1324 267">
    <p class='ocr_par' dir='ltr' id='par_1_10' title="bbox 856 228 1324 267">
     <span class='ocr_line' id='line_1_16' title="bbox 856 228 1324 267; baseline 0.011 -5"><span class='ocrx_word' id='word_1_42' title='bbox 856 228 1324 267; x_wconf 87' lang='lat' dir='ltr'><strong>HERODOTI</strong></span> 
     </span>
    </p>
   </div>
   <div class='ocr_carea' id='block_1_11' title="bbox 1203 338 1717 397">
    <p class='ocr_par' dir='ltr' id='par_1_11' title="bbox 1203 338 1717 397">
     <span class='ocr_line' id='line_1_17' title="bbox 1203 338 1717 397; baseline 0.012 -15"><span class='ocrx_word' id='word_1_43' title='bbox 1203 338 1260 396; x_wconf 77' lang='grc' dir='ltr'><strong><em>ἢν</em></strong></span> <span class='ocrx_word' id='word_1_44' title='bbox 1290 341 1333 384; x_wconf 79' lang='grc' dir='ltr'><strong>δὲ</strong></span> <span class='ocrx_word' id='word_1_45' title='bbox 1371 341 1450 397; x_wconf 80' lang='grc' dir='ltr'><strong>τήν</strong></span> <span class='ocrx_word' id='word_1_46' title='bbox 1480 346 1567 386; x_wconf 74' lang='grc' dir='ltr'><strong>τῶν</strong></span> <span class='ocrx_word' id='word_1_47' title='bbox 1604 342 1717 388; x_wconf 76' lang='grc' dir='ltr'><strong><em>ἀπο-</em></strong></span> 
     </span>
    </p>
   </div>
   <div class='ocr_carea' id='block_1_12' title="bbox 288 399 1770 668">
    <p class='ocr_par' dir='ltr' id='par_1_12' title="bbox 288 399 1770 668">
     <span class='ocr_line' id='line_1_18' title="bbox 452 399 1716 464; baseline 0.007 -21.219"><span class='ocrx_word' id='word_1_48' title='bbox 452 399 762 452; x_wconf 51' lang='grc' dir='ltr'><strong><em>υσπευδόντων</em></strong></span> <span class='ocrx_word' id='word_1_49' title='bbox 800 419 883 459; x_wconf 88' lang='grc' dir='ltr'><strong>την</strong></span> <span class='ocrx_word' id='word_1_50' title='bbox 921 406 1148 462; x_wconf 86' lang='grc' dir='ltr'><strong><em>συμβολην</em></strong></span> <span class='ocrx_word' id='word_1_51' title='bbox 1189 407 1285 464; x_wconf 77' lang='grc' dir='ltr'><strong><em>ἕλῃ,</em></strong></span> <span class='ocrx_word' id='word_1_52' title='bbox 1326 406 1504 461; x_wconf 81' lang='grc' dir='ltr'><strong>ὑπάρξει</strong></span> <span class='ocrx_word' id='word_1_53' title='bbox 1533 427 1602 452; x_wconf 82' lang='grc' dir='ltr'><strong>τοι</strong></span> <span class='ocrx_word' id='word_1_54' title='bbox 1629 415 1716 453; x_wconf 75' lang='grc' dir='ltr'><strong>τῶν</strong></span> 
     </span>
     <span class='ocr_line' id='line_1_19' title="bbox 288 464 1715 532; baseline 0.009 -25"><span class='ocrx_word' id='word_1_55' title='bbox 288 464 387 508; x_wconf 80' lang='lat'><strong>110</strong></span> <span class='ocrx_word' id='word_1_56' title='bbox 447 468 556 522; x_wconf 76' lang='grc' dir='ltr'><strong><em>,,ἐγω</em></strong></span> <span class='ocrx_word' id='word_1_57' title='bbox 597 468 796 520; x_wconf 79' lang='grc' dir='ltr'><strong><em>κατέλεξα</em></strong></span> <span class='ocrx_word' id='word_1_58' title='bbox 831 469 1013 526; x_wconf 80' lang='grc' dir='ltr'><strong><em>α’γαθῶν</em></strong></span> <span class='ocrx_word' id='word_1_59' title='bbox 1041 474 1094 517; x_wconf 79' lang='grc' dir='ltr'><strong><em>τοὶ</em></strong></span> <span class='ocrx_word' id='word_1_60' title='bbox 1136 475 1322 518; x_wconf 65' lang='grc' dir='ltr'><strong><em>ἐναντίω</em></strong></span> <span class='ocrx_word' id='word_1_61' title='bbox 1327 480 1350 498; x_wconf 86' lang='lat'><strong>“</strong></span> <span class='ocrx_word' id='word_1_62' title='bbox 1414 479 1559 519; x_wconf 84' lang='grc' dir='ltr'><strong><em>Ταῦτα</em></strong></span> <span class='ocrx_word' id='word_1_63' title='bbox 1579 477 1715 532; x_wconf 82' lang='grc' dir='ltr'><strong><em>λέγων</em></strong></span> 
     </span>
     <span class='ocr_line' id='line_1_20' title="bbox 452 533 1770 600; baseline 0.007 -22"><span class='ocrx_word' id='word_1_64' title='bbox 452 533 475 578; x_wconf 90' lang='grc' dir='ltr'>ὁ</span> <span class='ocrx_word' id='word_1_65' title='bbox 507 533 776 591; x_wconf 78' lang='grc' dir='ltr'><strong>Μιλτιάδης,</strong></span> <span class='ocrx_word' id='word_1_66' title='bbox 805 544 1073 593; x_wconf 79' lang='grc' dir='ltr'><strong><em>προσκτᾶται</em></strong></span> <span class='ocrx_word' id='word_1_67' title='bbox 1104 543 1183 587; x_wconf 78' lang='grc' dir='ltr'><strong>τόν</strong></span> <span class='ocrx_word' id='word_1_68' title='bbox 1204 544 1496 600; x_wconf 83' lang='grc' dir='ltr'><strong><em>Καλλίμαχον.</em></strong></span> <span class='ocrx_word' id='word_1_69' title='bbox 1538 557 1716 600; x_wconf 83' lang='grc' dir='ltr'><strong><em>προσγε-</em></strong></span> <span class='ocrx_word' id='word_1_70' title='bbox 1726 552 1770 587; x_wconf 83' lang='lat'><strong>35</strong></span> 
     </span>
     <span class='ocr_line' id='line_1_21' title="bbox 450 603 1715 668; baseline 0.009 -25"><span class='ocrx_word' id='word_1_71' title='bbox 450 603 636 658; x_wconf 82' lang='grc' dir='ltr'><strong><em>νομένης</em></strong></span> <span class='ocrx_word' id='word_1_72' title='bbox 667 603 714 646; x_wconf 77' lang='grc' dir='ltr'><strong>δὲ</strong></span> <span class='ocrx_word' id='word_1_73' title='bbox 749 609 827 648; x_wconf 84' lang='grc' dir='ltr'><strong>τοῦ</strong></span> <span class='ocrx_word' id='word_1_74' title='bbox 854 609 1130 665; x_wconf 81' lang='grc' dir='ltr'><strong><em>πολεμάρχου</em></strong></span> <span class='ocrx_word' id='word_1_75' title='bbox 1167 615 1244 668; x_wconf 81' lang='grc' dir='ltr'><strong>τῆς</strong></span> <span class='ocrx_word' id='word_1_76' title='bbox 1273 611 1467 667; x_wconf 77' lang='grc' dir='ltr'><strong><em>γνώμης,</em></strong></span> <span class='ocrx_word' id='word_1_77' title='bbox 1508 610 1715 668; x_wconf 79' lang='grc' dir='ltr'><strong><em>ἐκεκύρω-</em></strong></span> 
     </span>
    </p>
   </div>
   <div class='ocr_carea' id='block_1_13' title="bbox 418 672 812 726">
    <p class='ocr_par' dir='ltr' id='par_1_13' title="bbox 418 672 812 726">
     <span class='ocr_line' id='line_1_22' title="bbox 418 672 812 726; baseline 0.008 -15"><span class='ocrx_word' id='word_1_78' title='bbox 418 678 440 710; x_wconf 76' lang='lat'>2</span> <span class='ocrx_word' id='word_1_79' title='bbox 449 685 498 713; x_wconf 84' lang='grc' dir='ltr'><strong>το</strong></span> <span class='ocrx_word' id='word_1_80' title='bbox 537 672 812 726; x_wconf 78' lang='grc' dir='ltr'><strong><em>συμβάλλειν.</em></strong></span> 
     </span>
    </p>
   </div>
   <div class='ocr_carea' id='block_1_14' title="bbox 882 676 1713 736">
    <p class='ocr_par' dir='ltr' id='par_1_14' title="bbox 882 676 1713 736">
     <span class='ocr_line' id='line_1_23' title="bbox 882 676 1713 736; baseline 0 -17"><span class='ocrx_word' id='word_1_81' title='bbox 882 676 1011 720; x_wconf 78' lang='grc' dir='ltr'><strong><em>Μετὰ</em></strong></span> <span class='ocrx_word' id='word_1_82' title='bbox 1049 678 1114 732; x_wconf 78' lang='grc' dir='ltr'><strong>δὲ,</strong></span> <span class='ocrx_word' id='word_1_83' title='bbox 1164 681 1208 722; x_wconf 85' lang='grc' dir='ltr'><strong>οἷ</strong></span> <span class='ocrx_word' id='word_1_84' title='bbox 1245 679 1497 735; x_wconf 81' lang='grc' dir='ltr'><strong><em>στρατηγοὶ,</em></strong></span> <span class='ocrx_word' id='word_1_85' title='bbox 1551 683 1640 721; x_wconf 72' lang='grc' dir='ltr'><strong>τῶν</strong></span> <span class='ocrx_word' id='word_1_86' title='bbox 1685 678 1713 736; x_wconf 81' lang='grc' dir='ltr'><strong><em>ἡ</em></strong></span> 
     </span>
    </p>
   </div>
   <div class='ocr_carea' id='block_1_15' title="bbox 447 737 1714 938">
    <p class='ocr_par' dir='ltr' id='par_1_15' title="bbox 447 737 1714 938">
     <span class='ocr_line' id='line_1_24' title="bbox 455 737 1714 801; baseline 0.007 -21"><span class='ocrx_word' id='word_1_87' title='bbox 455 737 608 794; x_wconf 71' lang='grc' dir='ltr'><strong><em>γνώμη</em></strong></span> <span class='ocrx_word' id='word_1_88' title='bbox 639 738 766 794; x_wconf 73' lang='grc' dir='ltr'><strong><em>ἔφερε</em></strong></span> <span class='ocrx_word' id='word_1_89' title='bbox 799 744 1088 799; x_wconf 83' lang='grc' dir='ltr'><strong><em>συμβάλλειν,</em></strong></span> <span class='ocrx_word' id='word_1_90' title='bbox 1137 746 1196 798; x_wconf 76' lang='grc' dir='ltr'><strong>ὥς</strong></span> <span class='ocrx_word' id='word_1_91' title='bbox 1235 746 1421 790; x_wconf 76' lang='grc' dir='ltr'><strong><em>ἑκάστου</em></strong></span> <span class='ocrx_word' id='word_1_92' title='bbox 1453 745 1601 790; x_wconf 75' lang='grc' dir='ltr'><strong><em>αὐτῶν</em></strong></span> <span class='ocrx_word' id='word_1_93' title='bbox 1631 745 1714 801; x_wconf 76' lang='grc' dir='ltr'><strong>ἐγί-</strong></span> 
     </span>
     <span class='ocr_line' id='line_1_25' title="bbox 447 810 1713 871; baseline 0.007 -23"><span class='ocrx_word' id='word_1_94' title='bbox 447 822 546 849; x_wconf 93' lang='grc' dir='ltr'><strong><em>νετο</em></strong></span> <span class='ocrx_word' id='word_1_95' title='bbox 588 811 835 866; x_wconf 84' lang='grc' dir='ltr'><strong><em>πρυτανηΐη</em></strong></span> <span class='ocrx_word' id='word_1_96' title='bbox 871 814 945 867; x_wconf 84' lang='grc' dir='ltr'><strong>τῆς</strong></span> <span class='ocrx_word' id='word_1_97' title='bbox 993 810 1176 868; x_wconf 79' lang='grc' dir='ltr'><strong><em>ἡμέρης,</em></strong></span> <span class='ocrx_word' id='word_1_98' title='bbox 1220 815 1442 871; x_wconf 80' lang='grc' dir='ltr'><strong><em>Μιλτιάδῃ</em></strong></span> <span class='ocrx_word' id='word_1_99' title='bbox 1483 815 1713 866; x_wconf 85' lang='grc' dir='ltr'><strong><em>παρεδίδο-</em></strong></span> 
     </span>
     <span class='ocr_line' id='line_1_26' title="bbox 448 873 1711 938; baseline 0.008 -22"><span class='ocrx_word' id='word_1_100' title='bbox 448 885 553 917; x_wconf 85' lang='grc' dir='ltr'><strong><em>σαν·</em></strong></span> <span class='ocrx_word' id='word_1_101' title='bbox 586 873 609 918; x_wconf 88' lang='grc' dir='ltr'>ὁ</span> <span class='ocrx_word' id='word_1_102' title='bbox 642 875 709 927; x_wconf 81' lang='grc' dir='ltr'><strong><em>δὲ,</em></strong></span> <span class='ocrx_word' id='word_1_103' title='bbox 760 877 1013 933; x_wconf 86' lang='grc' dir='ltr'><strong><em>δεκόμενος,</em></strong></span> <span class='ocrx_word' id='word_1_104' title='bbox 1059 878 1115 923; x_wconf 77' lang='grc' dir='ltr'><strong>οὔ</strong></span> <span class='ocrx_word' id='word_1_105' title='bbox 1142 897 1184 924; x_wconf 89' lang='grc' dir='ltr'><strong>τι</strong></span> <span class='ocrx_word' id='word_1_106' title='bbox 1204 898 1267 925; x_wconf 79' lang='grc' dir='ltr'><strong>κω</strong></span> <span class='ocrx_word' id='word_1_107' title='bbox 1298 881 1524 938; x_wconf 75' lang='grc' dir='ltr'><strong><em>συμβολὴν</em></strong></span> <span class='ocrx_word' id='word_1_108' title='bbox 1553 880 1711 925; x_wconf 80' lang='grc' dir='ltr'><strong><em>ἐποιέε-</em></strong></span> 
     </span>
    </p>
   </div>
   <div class='ocr_carea' id='block_1_16' title="bbox 446 943 1443 1006">
    <p class='ocr_par' dir='ltr' id='par_1_16' title="bbox 446 943 1443 1006">
     <span class='ocr_line' id='line_1_27' title="bbox 446 943 1443 1006; baseline 0.008 -21"><span class='ocrx_word' id='word_1_109' title='bbox 446 959 520 996; x_wconf 87' lang='grc' dir='ltr'><strong>το,</strong></span> <span class='ocrx_word' id='word_1_110' title='bbox 549 944 654 997; x_wconf 85' lang='grc' dir='ltr'><strong><em>πρίν</em></strong></span> <span class='ocrx_word' id='word_1_111' title='bbox 672 960 720 999; x_wconf 72' lang='grc' dir='ltr'><strong><em>γε</em></strong></span> <span class='ocrx_word' id='word_1_112' title='bbox 741 944 794 1001; x_wconf 80' lang='grc' dir='ltr'><strong>δή</strong></span> <span class='ocrx_word' id='word_1_113' title='bbox 817 943 957 990; x_wconf 79' lang='grc' dir='ltr'><strong><em>αὐτοῦ</em></strong></span> <span class='ocrx_word' id='word_1_114' title='bbox 985 951 1231 1006; x_wconf 79' lang='grc' dir='ltr'><strong><em>πρυτανηΐη</em></strong></span> <span class='ocrx_word' id='word_1_115' title='bbox 1262 949 1443 1005; x_wconf 77' lang='grc' dir='ltr'><strong><em>ἐγένετο.</em></strong></span> 
     </span>
    </p>
   </div>
   <div class='ocr_carea' id='block_1_17' title="bbox 1722 952 1770 991">
    <p class='ocr_par' dir='ltr' id='par_1_17' title="bbox 1722 952 1770 991">
     <span class='ocr_line' id='line_1_28' title="bbox 1722 952 1770 991; baseline 0 0"><span class='ocrx_word' id='word_1_116' title='bbox 1722 952 1770 991; x_wconf 85' lang='grc'><strong>40</strong></span> 
     </span>
    </p>
   </div>
   <div class='ocr_carea' id='block_1_18' title="bbox 520 1007 1710 1074">
    <p class='ocr_par' dir='ltr' id='par_1_18' title="bbox 520 1007 1710 1074">
     <span class='ocr_line' id='line_1_29' title="bbox 520 1007 1710 1074; baseline 0.008 -23.076"><span class='ocrx_word' id='word_1_117' title='bbox 520 1007 596 1061; x_wconf 80' lang='grc' dir='ltr'><strong>Ὡς</strong></span> <span class='ocrx_word' id='word_1_118' title='bbox 640 1011 686 1053; x_wconf 79' lang='grc' dir='ltr'><strong>δὲ</strong></span> <span class='ocrx_word' id='word_1_119' title='bbox 718 1010 762 1062; x_wconf 78' lang='grc' dir='ltr'><strong>ἐς</strong></span> <span class='ocrx_word' id='word_1_120' title='bbox 792 1011 962 1058; x_wconf 79' lang='grc' dir='ltr'><strong><em>ἐκεῖνον</em></strong></span> <span class='ocrx_word' id='word_1_121' title='bbox 999 1021 1230 1074; x_wconf 78' lang='grc' dir='ltr'><strong><em>περιῆλθε,</em></strong></span> <span class='ocrx_word' id='word_1_122' title='bbox 1279 1017 1473 1060; x_wconf 73' lang='grc' dir='ltr'><strong><em>ἐνθαῦτα</em></strong></span> <span class='ocrx_word' id='word_1_123' title='bbox 1510 1017 1563 1073; x_wconf 83' lang='grc' dir='ltr'><strong>δὴ</strong></span> <span class='ocrx_word' id='word_1_124' title='bbox 1591 1015 1710 1061; x_wconf 78' lang='grc' dir='ltr'><strong><em>ἐτάσ-</em></strong></span> 
     </span>
    </p>
   </div>
   <div class='ocr_carea' id='block_1_19' title="bbox 445 1077 1710 1141">
    <p class='ocr_par' dir='ltr' id='par_1_19' title="bbox 445 1077 1710 1141">
     <span class='ocr_line' id='line_1_30' title="bbox 445 1077 1710 1141; baseline 0.007 -21"><span class='ocrx_word' id='word_1_125' title='bbox 445 1088 578 1121; x_wconf 86' lang='grc' dir='ltr'><strong><em>σοντο</em></strong></span> <span class='ocrx_word' id='word_1_126' title='bbox 610 1079 694 1121; x_wconf 79' lang='grc' dir='ltr'><strong><em>ὠδε</em></strong></span> <span class='ocrx_word' id='word_1_127' title='bbox 722 1077 946 1135; x_wconf 82' lang='grc' dir='ltr'><strong><em>Ἀθηναῖοι</em></strong></span> <span class='ocrx_word' id='word_1_128' title='bbox 977 1082 1035 1135; x_wconf 75' lang='grc' dir='ltr'><strong>ὥς</strong></span> <span class='ocrx_word' id='word_1_129' title='bbox 1065 1083 1395 1141; x_wconf 81' lang='grc' dir='ltr'><strong><em>συμβαλέοντες.</em></strong></span> <span class='ocrx_word' id='word_1_130' title='bbox 1432 1089 1513 1128; x_wconf 85' lang='grc' dir='ltr'><strong>τοῦ</strong></span> <span class='ocrx_word' id='word_1_131' title='bbox 1533 1101 1612 1141; x_wconf 90' lang='grc' dir='ltr'><strong>μεν</strong></span> <span class='ocrx_word' id='word_1_132' title='bbox 1642 1087 1710 1129; x_wconf 81' lang='grc' dir='ltr'><strong><em>δε-</em></strong></span> 
     </span>
    </p>
   </div>
   <div class='ocr_carea' id='block_1_20' title="bbox 445 1146 1708 1209">
    <p class='ocr_par' dir='ltr' id='par_1_20' title="bbox 445 1146 1708 1209">
     <span class='ocr_line' id='line_1_31' title="bbox 445 1146 1708 1209; baseline 0.007 -22"><span class='ocrx_word' id='word_1_133' title='bbox 445 1146 540 1197; x_wconf 81' lang='grc' dir='ltr'><strong><em>ξιοῦ</em></strong></span> <span class='ocrx_word' id='word_1_134' title='bbox 559 1146 706 1201; x_wconf 81' lang='grc' dir='ltr'><strong><em>κέρεος</em></strong></span> <span class='ocrx_word' id='word_1_135' title='bbox 733 1147 882 1203; x_wconf 79' lang='grc' dir='ltr'><strong><em>ἡγέετο</em></strong></span> <span class='ocrx_word' id='word_1_136' title='bbox 905 1149 929 1194; x_wconf 92' lang='grc' dir='ltr'>ὁ</span> <span class='ocrx_word' id='word_1_137' title='bbox 955 1151 1226 1209; x_wconf 83' lang='grc' dir='ltr'><strong><em>πολέμαρχος</em></strong></span> <span class='ocrx_word' id='word_1_138' title='bbox 1245 1153 1538 1208; x_wconf 84' lang='grc' dir='ltr'><strong><em>Καλλίμαχος·</em></strong></span> <span class='ocrx_word' id='word_1_139' title='bbox 1571 1151 1596 1196; x_wconf 92' lang='lat' dir='ltr'><strong>o‘</strong></span> <span class='ocrx_word' id='word_1_140' title='bbox 1624 1153 1708 1208; x_wconf 77' lang='grc' dir='ltr'><strong><em>γὰρ</em></strong></span> 
     </span>
    </p>
   </div>
   <div class='ocr_carea' id='block_1_21' title="bbox 387 1244 649 1250">
    <p class='ocr_par' dir='ltr' id='par_1_21' title="bbox 387 1244 649 1250">
     <span class='ocr_line' id='line_1_32' title="bbox 387 1244 649 1250; baseline 0 0"><span class='ocrx_word' id='word_1_141' title='bbox 387 1244 649 1250; x_wconf 95' lang='lat' dir='ltr'><strong> </strong></span> 
     </span>
    </p>
   </div>
   <div class='ocr_carea' id='block_1_22' title="bbox 370 1308 1048 2888">
    <p class='ocr_par' dir='ltr' id='par_1_22' title="bbox 381 1308 1048 1812">
     <span class='ocr_line' id='line_1_33' title="bbox 385 1308 1048 1361; baseline 0.012 -17"><span class='ocrx_word' id='word_1_142' title='bbox 385 1308 453 1345; x_wconf 91' lang='lat' dir='ltr'><strong>ubi</strong></span> <span class='ocrx_word' id='word_1_143' title='bbox 479 1308 590 1346; x_wconf 83' lang='lat' dir='ltr'><strong>latius</strong></span> <span class='ocrx_word' id='word_1_144' title='bbox 621 1311 754 1361; x_wconf 84' lang='lat' dir='ltr'><strong>serpsit</strong></span> <span class='ocrx_word' id='word_1_145' title='bbox 781 1313 883 1350; x_wconf 82' lang='lat' dir='ltr'><strong>vocis</strong></span> <span class='ocrx_word' id='word_1_146' title='bbox 913 1315 968 1351; x_wconf 76' lang='lat' dir='ltr'><strong>vis</strong></span> <span class='ocrx_word' id='word_1_147' title='bbox 999 1314 1048 1352; x_wconf 76' lang='lat' dir='ltr'><strong>ad</strong></span> 
     </span>
     <span class='ocr_line' id='line_1_34' title="bbox 385 1367 1047 1420; baseline 0.012 -19"><span class='ocrx_word' id='word_1_148' title='bbox 385 1367 534 1414; x_wconf 79' lang='lat' dir='ltr'><strong>omnia,</strong></span> <span class='ocrx_word' id='word_1_149' title='bbox 567 1380 664 1418; x_wconf 87' lang='lat' dir='ltr'><strong>quae</strong></span> <span class='ocrx_word' id='word_1_150' title='bbox 683 1368 803 1416; x_wconf 79' lang='lat' dir='ltr'><strong>laesa,</strong></span> <span class='ocrx_word' id='word_1_151' title='bbox 825 1383 941 1420; x_wconf 74' lang='lat' dir='ltr'><strong>prava</strong></span> <span class='ocrx_word' id='word_1_152' title='bbox 960 1384 1047 1408; x_wconf 85' lang='lat' dir='ltr'><strong>ma-</strong></span> 
     </span>
     <span class='ocr_line' id='line_1_35' title="bbox 383 1423 1046 1474; baseline 0.011 -16"><span class='ocrx_word' id='word_1_153' title='bbox 383 1423 469 1459; x_wconf 81' lang='lat' dir='ltr'><strong>lave</strong></span> <span class='ocrx_word' id='word_1_154' title='bbox 508 1424 603 1472; x_wconf 89' lang='lat' dir='ltr'><strong>sint,</strong></span> <span class='ocrx_word' id='word_1_155' title='bbox 644 1425 908 1474; x_wconf 77' lang='lat' dir='ltr'><strong>transferatur,</strong></span> <span class='ocrx_word' id='word_1_156' title='bbox 948 1428 1046 1464; x_wconf 90' lang='lat' dir='ltr'><strong>bene</strong></span> 
     </span>
     <span class='ocr_line' id='line_1_36' title="bbox 383 1481 1047 1531; baseline 0.012 -16"><span class='ocrx_word' id='word_1_157' title='bbox 383 1481 563 1516; x_wconf 84' lang='lat' dir='ltr'><strong>convenit</strong></span> <span class='ocrx_word' id='word_1_158' title='bbox 600 1481 716 1516; x_wconf 88' lang='lat' dir='ltr'><strong>verbo</strong></span> <span class='ocrx_word' id='word_1_159' title='bbox 749 1482 958 1531; x_wconf 81' lang='grc' dir='ltr'><strong><em>διασείειν,</em></strong></span> <span class='ocrx_word' id='word_1_160' title='bbox 1006 1486 1047 1521; x_wconf 86' lang='lat' dir='ltr'><strong>in</strong></span> 
     </span>
     <span class='ocr_line' id='line_1_37' title="bbox 385 1537 1040 1587; baseline 0.012 -16"><span class='ocrx_word' id='word_1_161' title='bbox 385 1548 460 1587; x_wconf 92' lang='lat' dir='ltr'><strong>quo</strong></span> <span class='ocrx_word' id='word_1_162' title='bbox 483 1537 612 1573; x_wconf 81' lang='lat' dir='ltr'><strong>similis</strong></span> <span class='ocrx_word' id='word_1_163' title='bbox 641 1538 770 1587; x_wconf 85' lang='lat' dir='ltr'>imago</span> <span class='ocrx_word' id='word_1_164' title='bbox 808 1540 960 1577; x_wconf 87' lang='lat' dir='ltr'><strong>subesse</strong></span> <span class='ocrx_word' id='word_1_165' title='bbox 979 1542 1040 1578; x_wconf 78' lang='lat' dir='ltr'><strong>vi-</strong></span> 
     </span>
     <span class='ocr_line' id='line_1_38' title="bbox 383 1591 1039 1637; baseline 0.015 -9"><span class='ocrx_word' id='word_1_166' title='bbox 383 1591 506 1630; x_wconf 85' lang='lat' dir='ltr'><strong>detur.</strong></span> <span class='ocrx_word' id='word_1_167' title='bbox 535 1614 591 1620; x_wconf 85' lang='lat'><strong>—</strong></span> <span class='ocrx_word' id='word_1_168' title='bbox 625 1593 688 1630; x_wconf 86' lang='lat' dir='ltr'><strong>Ad</strong></span> <span class='ocrx_word' id='word_1_169' title='bbox 719 1596 836 1632; x_wconf 79' lang='lat' dir='ltr'><strong>verba</strong></span> <span class='ocrx_word' id='word_1_170' title='bbox 856 1599 968 1636; x_wconf 75' lang='grc' dir='ltr'><strong><em>θεῶν</em></strong></span> <span class='ocrx_word' id='word_1_171' title='bbox 989 1595 1039 1637; x_wconf 71' lang='grc' dir='ltr'><strong><em>τοὶ</em></strong></span> 
     </span>
     <span class='ocr_line' id='line_1_39' title="bbox 383 1645 1039 1700; baseline 0.006 -13"><span class='ocrx_word' id='word_1_172' title='bbox 383 1645 450 1687; x_wconf 80' lang='grc' dir='ltr'><strong>ἶσα</strong></span> <span class='ocrx_word' id='word_1_173' title='bbox 479 1645 684 1699; x_wconf 85' lang='grc' dir='ltr'><strong><em>νεμόντων</em></strong></span> <span class='ocrx_word' id='word_1_174' title='bbox 713 1653 815 1689; x_wconf 86' lang='lat' dir='ltr'><strong>conf.</strong></span> <span class='ocrx_word' id='word_1_175' title='bbox 847 1654 909 1700; x_wconf 81' lang='lat' dir='ltr'><strong>Vl,</strong></span> <span class='ocrx_word' id='word_1_176' title='bbox 936 1657 982 1693; x_wconf 82' lang='lat'><strong>11</strong></span> <span class='ocrx_word' id='word_1_177' title='bbox 1004 1662 1039 1691; x_wconf 86' lang='lat' dir='ltr'><strong>et</strong></span> 
     </span>
     <span class='ocr_line' id='line_1_40' title="bbox 382 1703 1039 1760; baseline 0.018 -21"><span class='ocrx_word' id='word_1_178' title='bbox 382 1703 432 1740; x_wconf 85' lang='lat' dir='ltr'><strong>ad</strong></span> <span class='ocrx_word' id='word_1_179' title='bbox 451 1707 566 1742; x_wconf 79' lang='lat' dir='ltr'><strong>verba</strong></span> <span class='ocrx_word' id='word_1_180' title='bbox 587 1705 628 1744; x_wconf 80' lang='grc' dir='ltr'><strong>ἐκ</strong></span> <span class='ocrx_word' id='word_1_181' title='bbox 651 1705 716 1746; x_wconf 83' lang='grc' dir='ltr'><strong>σέο</strong></span> <span class='ocrx_word' id='word_1_182' title='bbox 728 1704 892 1760; x_wconf 79' lang='grc' dir='ltr'><strong><em>ἅρτηται</em></strong></span> <span class='ocrx_word' id='word_1_183' title='bbox 909 1711 976 1758; x_wconf 87' lang='grc' dir='ltr'><strong><em>ΙΠ,</em></strong></span> <span class='ocrx_word' id='word_1_184' title='bbox 990 1713 1039 1751; x_wconf 89' lang='grc'><strong>19</strong></span> 
     </span>
     <span class='ocr_line' id='line_1_41' title="bbox 381 1761 626 1812; baseline 0.012 -16"><span class='ocrx_word' id='word_1_185' title='bbox 381 1761 510 1812; x_wconf 85' lang='lat' dir='ltr'><strong>ibique</strong></span> <span class='ocrx_word' id='word_1_186' title='bbox 529 1769 626 1800; x_wconf 86' lang='lat' dir='ltr'><strong>nott.</strong></span> 
     </span>
    </p>

    <p class='ocr_par' dir='ltr' id='par_1_23' title="bbox 373 1815 1042 2888">
     <span class='ocr_line' id='line_1_42' title="bbox 436 1815 1041 1869; baseline 0.01 -13"><span class='ocrx_word' id='word_1_187' title='bbox 436 1816 489 1868; x_wconf 78' lang='grc' dir='ltr'><strong><em>ἢν</em></strong></span> <span class='ocrx_word' id='word_1_188' title='bbox 511 1816 552 1856; x_wconf 79' lang='grc' dir='ltr'><strong>δὲ</strong></span> <span class='ocrx_word' id='word_1_189' title='bbox 569 1833 643 1869; x_wconf 81' lang='grc' dir='ltr'><strong>την</strong></span> <span class='ocrx_word' id='word_1_190' title='bbox 663 1834 743 1858; x_wconf 88' lang='grc' dir='ltr'><strong>των</strong></span> <span class='ocrx_word' id='word_1_191' title='bbox 765 1815 1041 1862; x_wconf 69' lang='grc' dir='ltr'><strong><em>ἀποσπευδόν-</em></strong></span> 
     </span>
     <span class='ocr_line' id='line_1_43' title="bbox 381 1872 1041 1932; baseline 0.008 -21"><span class='ocrx_word' id='word_1_192' title='bbox 381 1888 459 1914; x_wconf 88' lang='grc' dir='ltr'><strong><em>των</em></strong></span> <span class='ocrx_word' id='word_1_193' title='bbox 487 1872 562 1926; x_wconf 80' lang='grc' dir='ltr'><strong><em>τη“ν</em></strong></span> <span class='ocrx_word' id='word_1_194' title='bbox 590 1873 797 1927; x_wconf 77' lang='grc' dir='ltr'><strong><em>συμβολήν</em></strong></span> <span class='ocrx_word' id='word_1_195' title='bbox 826 1876 918 1932; x_wconf 84' lang='grc' dir='ltr'><strong><em>ε’λη]</em></strong></span> <span class='ocrx_word' id='word_1_196' title='bbox 958 1880 985 1916; x_wconf 91' lang='lat' dir='ltr'><strong>i.</strong></span> <span class='ocrx_word' id='word_1_197' title='bbox 1006 1892 1041 1917; x_wconf 89' lang='lat' dir='ltr'><strong>e.</strong></span> 
     </span>
     <span class='ocr_line' id='line_1_44' title="bbox 381 1931 1045 1986; baseline 0.009 -19"><span class='ocrx_word' id='word_1_198' title='bbox 381 1943 435 1967; x_wconf 69' lang='lat' dir='ltr'><strong>sin</strong></span> <span class='ocrx_word' id='word_1_199' title='bbox 469 1931 523 1968; x_wconf 79' lang='lat' dir='ltr'><strong>Ins</strong></span> <span class='ocrx_word' id='word_1_200' title='bbox 553 1931 780 1982; x_wconf 78' lang='lat' dir='ltr'><strong>suffragatus</strong></span> <span class='ocrx_word' id='word_1_201' title='bbox 803 1934 941 1984; x_wconf 69' lang='lat' dir='ltr'><strong>fueris,</strong></span> <span class='ocrx_word' id='word_1_202' title='bbox 981 1939 1045 1986; x_wconf 83' lang='lat' dir='ltr'><strong>qui</strong></span> 
     </span>
     <span class='ocr_line' id='line_1_45' title="bbox 376 1988 1041 2044; baseline 0.008 -20"><span class='ocrx_word' id='word_1_203' title='bbox 376 1988 550 2037; x_wconf 77' lang='lat' dir='ltr'><strong>proelium</strong></span> <span class='ocrx_word' id='word_1_204' title='bbox 569 1989 787 2027; x_wconf 77' lang='lat' dir='ltr'><strong>dissuadent.</strong></span> <span class='ocrx_word' id='word_1_205' title='bbox 839 1992 924 2040; x_wconf 92' lang='lat' dir='ltr'><strong>Ubi,</strong></span> <span class='ocrx_word' id='word_1_206' title='bbox 942 2005 1041 2044; x_wconf 81' lang='lat' dir='ltr'><strong>quae</strong></span> 
     </span>
     <span class='ocr_line' id='line_1_46' title="bbox 379 2043 1039 2096; baseline 0.011 -17"><span class='ocrx_word' id='word_1_207' title='bbox 379 2044 426 2079; x_wconf 90' lang='lat' dir='ltr'><strong>sit</strong></span> <span class='ocrx_word' id='word_1_208' title='bbox 464 2047 518 2081; x_wconf 76' lang='lat' dir='ltr'><strong>vis</strong></span> <span class='ocrx_word' id='word_1_209' title='bbox 557 2047 845 2096; x_wconf 77' lang='lat' dir='ltr'><strong>praepositionis</strong></span> <span class='ocrx_word' id='word_1_210' title='bbox 885 2043 963 2088; x_wconf 70' lang='grc' dir='ltr'><strong><em>σῖπο</em></strong></span> <span class='ocrx_word' id='word_1_211' title='bbox 999 2050 1039 2086; x_wconf 88' lang='lat' dir='ltr'><strong>in</strong></span> 
     </span>
     <span class='ocr_line' id='line_1_47' title="bbox 379 2096 1040 2157; baseline 0.014 -23"><span class='ocrx_word' id='word_1_212' title='bbox 379 2100 495 2137; x_wconf 86' lang='lat' dir='ltr'><strong>verbo</strong></span> <span class='ocrx_word' id='word_1_213' title='bbox 518 2096 800 2152; x_wconf 78' lang='grc' dir='ltr'><strong><em>α’ποσπεύδειν,</em></strong></span> <span class='ocrx_word' id='word_1_214' title='bbox 820 2105 887 2142; x_wconf 77' lang='lat' dir='ltr'><strong>vix</strong></span> <span class='ocrx_word' id='word_1_215' title='bbox 902 2119 1040 2157; x_wconf 87' lang='lat' dir='ltr'><strong>quem-</strong></span> 
     </span>
     <span class='ocr_line' id='line_1_48' title="bbox 381 2158 1038 2206; baseline 0.014 -15"><span class='ocrx_word' id='word_1_216' title='bbox 381 2168 497 2206; x_wconf 79' lang='lat' dir='ltr'><strong>quam</strong></span> <span class='ocrx_word' id='word_1_217' title='bbox 536 2158 680 2195; x_wconf 79' lang='lat' dir='ltr'><strong>latebit.</strong></span> <span class='ocrx_word' id='word_1_218' title='bbox 738 2159 824 2198; x_wconf 88' lang='lat' dir='ltr'><strong>Vid.</strong></span> <span class='ocrx_word' id='word_1_219' title='bbox 862 2169 960 2199; x_wconf 84' lang='lat' dir='ltr'><strong>nott.</strong></span> <span class='ocrx_word' id='word_1_220' title='bbox 989 2162 1038 2199; x_wconf 86' lang='lat' dir='ltr'><strong>ad</strong></span> 
     </span>
     <span class='ocr_line' id='line_1_49' title="bbox 378 2212 1038 2269; baseline 0.012 -21"><span class='ocrx_word' id='word_1_221' title='bbox 378 2212 461 2260; x_wconf 81' lang='lat' dir='ltr'><strong>V‚11</strong></span> <span class='ocrx_word' id='word_1_222' title='bbox 491 2216 555 2253; x_wconf 87' lang='grc'><strong>17.</strong></span> <span class='ocrx_word' id='word_1_223' title='bbox 613 2216 772 2252; x_wconf 75' lang='lat' dir='ltr'><strong>Minime</strong></span> <span class='ocrx_word' id='word_1_224' title='bbox 810 2231 900 2254; x_wconf 82' lang='lat' dir='ltr'><strong>vero</strong></span> <span class='ocrx_word' id='word_1_225' title='bbox 932 2231 1038 2269; x_wconf 81' lang='lat' dir='ltr'>⁰Pu⁵²</span> 
     </span>
     <span class='ocr_line' id='line_1_50' title="bbox 378 2269 1036 2325; baseline 0.014 -21"><span class='ocrx_word' id='word_1_226' title='bbox 378 2281 470 2305; x_wconf 88' lang='lat' dir='ltr'><strong>cum</strong></span> <span class='ocrx_word' id='word_1_227' title='bbox 491 2269 675 2309; x_wconf 83' lang='lat' dir='ltr'><strong>V.alcken</strong></span> <span class='ocrx_word' id='word_1_228' title='bbox 706 2274 908 2310; x_wconf 82' lang='lat' dir='ltr'><strong>rescribere</strong></span> <span class='ocrx_word' id='word_1_229' title='bbox 942 2290 1036 2325; x_wconf 90' lang='grc' dir='ltr'><strong>την</strong></span> 
     </span>
     <span class='ocr_line' id='line_1_51' title="bbox 379 2322 1032 2378; baseline 0.012 -16"><span class='ocrx_word' id='word_1_230' title='bbox 379 2322 421 2363; x_wconf 81' lang='grc' dir='ltr'><strong>δὲ</strong></span> <span class='ocrx_word' id='word_1_231' title='bbox 451 2323 518 2376; x_wconf 89' lang='lat' dir='ltr'><strong>(sc.</strong></span> <span class='ocrx_word' id='word_1_232' title='bbox 551 2322 741 2378; x_wconf 80' lang='grc' dir='ltr'><strong><em>γνώμην)</em></strong></span> <span class='ocrx_word' id='word_1_233' title='bbox 772 2332 852 2368; x_wconf 76' lang='grc' dir='ltr'><strong><em>ταῖν</em></strong></span> <span class='ocrx_word' id='word_1_234' title='bbox 883 2326 1032 2370; x_wconf 75' lang='grc' dir='ltr'><strong><em>ἅποσπ.</em></strong></span> 
     </span>
     <span class='ocr_line' id='line_1_52' title="bbox 376 2378 1033 2439; baseline 0.008 -20"><span class='ocrx_word' id='word_1_235' title='bbox 376 2378 452 2432; x_wconf 76' lang='grc' dir='ltr'><strong>τήν</strong></span> <span class='ocrx_word' id='word_1_236' title='bbox 481 2380 685 2434; x_wconf 88' lang='grc' dir='ltr'><strong><em>συμβολην</em></strong></span> <span class='ocrx_word' id='word_1_237' title='bbox 726 2381 779 2434; x_wconf 84' lang='grc' dir='ltr'><strong><em>η“ν</em></strong></span> <span class='ocrx_word' id='word_1_238' title='bbox 819 2384 910 2439; x_wconf 82' lang='grc' dir='ltr'><strong><em>ε’λῃ,</em></strong></span> <span class='ocrx_word' id='word_1_239' title='bbox 960 2400 1033 2424; x_wconf 86' lang='lat' dir='ltr'><strong>nec</strong></span> 
     </span>
     <span class='ocr_line' id='line_1_53' title="bbox 374 2439 1032 2489; baseline 0.009 -16"><span class='ocrx_word' id='word_1_240' title='bbox 374 2439 497 2488; x_wconf 83' lang='lat' dir='ltr'><strong>magis</strong></span> <span class='ocrx_word' id='word_1_241' title='bbox 511 2439 635 2489; x_wconf 87' lang='lat' dir='ltr'><strong>placet</strong></span> <span class='ocrx_word' id='word_1_242' title='bbox 653 2439 797 2477; x_wconf 81' lang='lat' dir='ltr'><strong>Reiskii</strong></span> <span class='ocrx_word' id='word_1_243' title='bbox 817 2443 1032 2479; x_wconf 84' lang='lat' dir='ltr'><strong>coniectura</strong></span> 
     </span>
     <span class='ocr_line' id='line_1_54' title="bbox 375 2491 1030 2546; baseline 0.012 -16"><span class='ocrx_word' id='word_1_244' title='bbox 375 2496 569 2532; x_wconf 82' lang='lat' dir='ltr'><strong>scribentis</strong></span> <span class='ocrx_word' id='word_1_245' title='bbox 604 2491 659 2546; x_wconf 75' lang='grc' dir='ltr'><strong><em>ἢν</em></strong></span> <span class='ocrx_word' id='word_1_246' title='bbox 690 2493 733 2535; x_wconf 81' lang='grc' dir='ltr'><strong>δὲ</strong></span> <span class='ocrx_word' id='word_1_247' title='bbox 764 2499 846 2536; x_wconf 81' lang='grc' dir='ltr'><strong>τῶν</strong></span> <span class='ocrx_word' id='word_1_248' title='bbox 883 2493 1030 2538; x_wconf 81' lang='grc' dir='ltr'><strong><em>α’ποσπ.</em></strong></span> 
     </span>
     <span class='ocr_line' id='line_1_55' title="bbox 374 2548 1030 2616; baseline 0.005 -26"><span class='ocrx_word' id='word_1_249' title='bbox 374 2548 450 2616; x_wconf 70' lang='grc' dir='ltr'><strong>τήν</strong></span> <span class='ocrx_word' id='word_1_250' title='bbox 468 2550 670 2603; x_wconf 74' lang='grc' dir='ltr'><strong><em>συμβολήν</em></strong></span> <span class='ocrx_word' id='word_1_251' title='bbox 692 2551 758 2606; x_wconf 74' lang='grc' dir='ltr'><strong>ἔχῃ</strong></span> <span class='ocrx_word' id='word_1_252' title='bbox 788 2554 814 2590; x_wconf 91' lang='lat' dir='ltr'><strong>i.</strong></span> <span class='ocrx_word' id='word_1_253' title='bbox 837 2567 870 2591; x_wconf 92' lang='lat' dir='ltr'><strong>e.</strong></span> <span class='ocrx_word' id='word_1_254' title='bbox 890 2557 924 2591; x_wconf 81' lang='lat' dir='ltr'><strong>si</strong></span> <span class='ocrx_word' id='word_1_255' title='bbox 951 2568 1030 2593; x_wconf 84' lang='lat' dir='ltr'><strong>vero</strong></span> 
     </span>
     <span class='ocr_line' id='line_1_56' title="bbox 375 2608 1029 2659; baseline 0.006 -15"><span class='ocrx_word' id='word_1_256' title='bbox 375 2609 422 2653; x_wconf 73' lang='lat' dir='ltr'><strong>iis</strong></span> <span class='ocrx_word' id='word_1_257' title='bbox 442 2608 687 2655; x_wconf 79' lang='lat' dir='ltr'><strong>adhaerescas,</strong></span> <span class='ocrx_word' id='word_1_258' title='bbox 720 2622 777 2659; x_wconf 76' lang='lat' dir='ltr'><strong>que</strong></span> <span class='ocrx_word' id='word_1_259' title='bbox 799 2611 939 2648; x_wconf 81' lang='lat' dir='ltr'><strong>student</strong></span> <span class='ocrx_word' id='word_1_260' title='bbox 949 2624 1029 2649; x_wconf 84' lang='lat' dir='ltr'><strong>con-</strong></span> 
     </span>
     <span class='ocr_line' id='line_1_57' title="bbox 370 2665 1030 2719; baseline 0.011 -19.032"><span class='ocrx_word' id='word_1_261' title='bbox 370 2665 513 2715; x_wconf 83' lang='lat' dir='ltr'><strong>flictum</strong></span> <span class='ocrx_word' id='word_1_262' title='bbox 540 2665 715 2715; x_wconf 78' lang='lat' dir='ltr'><strong>impedire.</strong></span> <span class='ocrx_word' id='word_1_263' title='bbox 736 2687 791 2693; x_wconf 87' lang='lat'>—</span> <span class='ocrx_word' id='word_1_264' title='bbox 825 2665 1030 2719; x_wconf 84' lang='grc' dir='ltr'><strong><em>συμβολην</em></strong></span> 
     </span>
     <span class='ocr_line' id='line_1_58' title="bbox 376 2720 1030 2772; baseline 0.008 -16"><span class='ocrx_word' id='word_1_265' title='bbox 376 2732 465 2757; x_wconf 84' lang='lat' dir='ltr'><strong>cum</strong></span> <span class='ocrx_word' id='word_1_266' title='bbox 486 2721 603 2758; x_wconf 81' lang='lat' dir='ltr'><strong>Schw</strong></span> <span class='ocrx_word' id='word_1_267' title='bbox 594 2720 706 2772; x_wconf 83' lang='lat' dir='ltr'><strong>eigh.</strong></span> <span class='ocrx_word' id='word_1_268' title='bbox 728 2729 764 2758; x_wconf 88' lang='lat' dir='ltr'><strong>et</strong></span> <span class='ocrx_word' id='word_1_269' title='bbox 783 2723 899 2760; x_wconf 85' lang='lat' dir='ltr'><strong>Gaisf.</strong></span> <span class='ocrx_word' id='word_1_270' title='bbox 930 2723 1030 2772; x_wconf 91' lang='lat' dir='ltr'><strong>dedi,</strong></span> 
     </span>
     <span class='ocr_line' id='line_1_59' title="bbox 376 2777 1030 2826; baseline 0.008 -14"><span class='ocrx_word' id='word_1_271' title='bbox 376 2777 598 2826; x_wconf 82' lang='lat' dir='ltr'><strong>Florentini,</strong></span> <span class='ocrx_word' id='word_1_272' title='bbox 631 2779 834 2823; x_wconf 75' lang='lat' dir='ltr'><strong>Sancrofti,</strong></span> <span class='ocrx_word' id='word_1_273' title='bbox 869 2780 1030 2817; x_wconf 81' lang='lat' dir='ltr'><strong>aliorum</strong></span> 
     </span>
     <span class='ocr_line' id='line_1_60' title="bbox 377 2835 1030 2888; baseline 0.014 -20"><span class='ocrx_word' id='word_1_274' title='bbox 377 2835 608 2872; x_wconf 76' lang='lat' dir='ltr'><strong>auctoritate.</strong></span> <span class='ocrx_word' id='word_1_275' title='bbox 685 2836 809 2886; x_wconf 87' lang='lat' dir='ltr'>Vulgo</span> <span class='ocrx_word' id='word_1_276' title='bbox 853 2837 1030 2888; x_wconf 85' lang='grc' dir='ltr'><strong><em>συμβου-</em></strong></span> 
     </span>
    </p>
   </div>
   <div class='ocr_carea' id='block_1_23' title="bbox 1096 1312 1765 1594">
    <p class='ocr_par' dir='ltr' id='par_1_24' title="bbox 1096 1312 1765 1594">
     <span class='ocr_line' id='line_1_61' title="bbox 1102 1312 1765 1366; baseline -0.002 -11"><span class='ocrx_word' id='word_1_277' title='bbox 1102 1312 1202 1366; x_wconf 72' lang='grc' dir='ltr'><strong><em>λήν,</em></strong></span> <span class='ocrx_word' id='word_1_278' title='bbox 1232 1324 1274 1353; x_wconf 88' lang='lat' dir='ltr'><strong>ut</strong></span> <span class='ocrx_word' id='word_1_279' title='bbox 1310 1328 1422 1366; x_wconf 82' lang='lat' dir='ltr'><strong>supra</strong></span> <span class='ocrx_word' id='word_1_280' title='bbox 1451 1315 1518 1361; x_wconf 90' lang='grc' dir='ltr'><strong>ΙΠ,</strong></span> <span class='ocrx_word' id='word_1_281' title='bbox 1553 1317 1571 1354; x_wconf 91' lang='grc'>1</span> <span class='ocrx_word' id='word_1_282' title='bbox 1617 1327 1765 1354; x_wconf 87' lang='lat' dir='ltr'><strong>omnes.</strong></span> 
     </span>
     <span class='ocr_line' id='line_1_62' title="bbox 1102 1367 1764 1423; baseline 0.005 -14"><span class='ocrx_word' id='word_1_283' title='bbox 1102 1374 1322 1409; x_wconf 84' lang='lat' dir='ltr'><strong>Articulum</strong></span> <span class='ocrx_word' id='word_1_284' title='bbox 1341 1370 1415 1423; x_wconf 75' lang='grc' dir='ltr'><strong>τήν</strong></span> <span class='ocrx_word' id='word_1_285' title='bbox 1439 1378 1528 1407; x_wconf 78' lang='lat' dir='ltr'><strong>ante</strong></span> <span class='ocrx_word' id='word_1_286' title='bbox 1558 1373 1637 1410; x_wconf 78' lang='grc' dir='ltr'><strong>τῶν</strong></span> <span class='ocrx_word' id='word_1_287' title='bbox 1662 1367 1764 1412; x_wconf 66' lang='lat' dir='ltr'><strong>oino-</strong></span> 
     </span>
     <span class='ocr_line' id='line_1_63' title="bbox 1105 1426 1763 1478; baseline -0.005 -10"><span class='ocrx_word' id='word_1_288' title='bbox 1105 1426 1358 1469; x_wconf 77' lang='grc' dir='ltr'><strong><em>σπευδόντων</em></strong></span> <span class='ocrx_word' id='word_1_289' title='bbox 1398 1426 1619 1478; x_wconf 81' lang='lat' dir='ltr'><strong>Schweigh.</strong></span> <span class='ocrx_word' id='word_1_290' title='bbox 1658 1429 1763 1465; x_wconf 86' lang='lat' dir='ltr'><strong>inse-</strong></span> 
     </span>
     <span class='ocr_line' id='line_1_64' title="bbox 1102 1483 1762 1535; baseline 0.002 -13"><span class='ocrx_word' id='word_1_291' title='bbox 1102 1487 1189 1534; x_wconf 88' lang='lat' dir='ltr'><strong>ruit,</strong></span> <span class='ocrx_word' id='word_1_292' title='bbox 1220 1499 1300 1523; x_wconf 86' lang='lat' dir='ltr'><strong>non</strong></span> <span class='ocrx_word' id='word_1_293' title='bbox 1319 1485 1539 1535; x_wconf 81' lang='lat' dir='ltr'><strong>improbans</strong></span> <span class='ocrx_word' id='word_1_294' title='bbox 1559 1483 1621 1532; x_wconf 74' lang='grc' dir='ltr'><strong><em>τοὶ,</em></strong></span> <span class='ocrx_word' id='word_1_295' title='bbox 1646 1485 1762 1523; x_wconf 87' lang='lat' dir='ltr'><strong>Wes-</strong></span> 
     </span>
     <span class='ocr_line' id='line_1_65' title="bbox 1096 1540 1758 1594; baseline 0 -14"><span class='ocrx_word' id='word_1_296' title='bbox 1096 1543 1244 1593; x_wconf 77' lang='lat' dir='ltr'><strong>seliugii</strong></span> <span class='ocrx_word' id='word_1_297' title='bbox 1264 1544 1304 1580; x_wconf 90' lang='lat' dir='ltr'><strong>in</strong></span> <span class='ocrx_word' id='word_1_298' title='bbox 1317 1541 1485 1579; x_wconf 75' lang='lat' dir='ltr'><strong>editione</strong></span> <span class='ocrx_word' id='word_1_299' title='bbox 1503 1540 1606 1594; x_wconf 87' lang='lat' dir='ltr'><strong>quod</strong></span> <span class='ocrx_word' id='word_1_300' title='bbox 1626 1549 1758 1581; x_wconf 83' lang='lat' dir='ltr'><strong>exstat.</strong></span> 
     </span>
    </p>
   </div>
   <div class='ocr_carea' id='block_1_24' title="bbox 1331 1665 1531 1716">
    <p class='ocr_par' dir='ltr' id='par_1_25' title="bbox 1331 1665 1531 1716">
     <span class='ocr_line' id='line_1_66' title="bbox 1331 1665 1531 1716; baseline -0.005 -13"><span class='ocrx_word' id='word_1_301' title='bbox 1331 1667 1425 1716; x_wconf 83' lang='lat' dir='ltr'><strong>Cap.</strong></span> <span class='ocrx_word' id='word_1_302' title='bbox 1447 1665 1531 1702; x_wconf 86' lang='lat' dir='ltr'><strong>CX.</strong></span> 
     </span>
    </p>
   </div>
   <div class='ocr_carea' id='block_1_25' title="bbox 1090 1749 1759 2485">
    <p class='ocr_par' dir='ltr' id='par_1_26' title="bbox 1090 1749 1759 2485">
     <span class='ocr_line' id='line_1_67' title="bbox 1153 1749 1759 1820; baseline -0.008 -13"><span class='ocrx_word' id='word_1_303' title='bbox 1153 1771 1233 1807; x_wconf 77' lang='grc' dir='ltr'><strong>τῶν</strong></span> <span class='ocrx_word' id='word_1_304' title='bbox 1265 1766 1295 1820; x_wconf 74' lang='grc' dir='ltr'><strong><em>ἦ</em></strong></span> <span class='ocrx_word' id='word_1_305' title='bbox 1332 1761 1469 1820; x_wconf 80' lang='grc' dir='ltr'><strong><em>γνώμη</em></strong></span> <span class='ocrx_word' id='word_1_306' title='bbox 1505 1749 1648 1817; x_wconf 51' lang='grc' dir='ltr'><strong><em>ἔφερε]</em></strong></span> <span class='ocrx_word' id='word_1_307' title='bbox 1699 1766 1759 1803; x_wconf 86' lang='lat' dir='ltr'><strong>Cf.</strong></span> 
     </span>
     <span class='ocr_line' id='line_1_68' title="bbox 1097 1821 1759 1872; baseline -0.003 -11"><span class='ocrx_word' id='word_1_308' title='bbox 1097 1832 1194 1863; x_wconf 86' lang='lat' dir='ltr'><strong>nott.</strong></span> <span class='ocrx_word' id='word_1_309' title='bbox 1226 1824 1275 1862; x_wconf 81' lang='lat' dir='ltr'><strong>ad</strong></span> <span class='ocrx_word' id='word_1_310' title='bbox 1309 1826 1354 1872; x_wconf 84' lang='lat' dir='ltr'><strong>V,</strong></span> <span class='ocrx_word' id='word_1_311' title='bbox 1388 1825 1481 1862; x_wconf 86' lang='lat'><strong>118.</strong></span> <span class='ocrx_word' id='word_1_312' title='bbox 1537 1822 1631 1858; x_wconf 86' lang='lat' dir='ltr'><strong>Mox</strong></span> <span class='ocrx_word' id='word_1_313' title='bbox 1670 1821 1759 1859; x_wconf 88' lang='lat' dir='ltr'><strong>dedi</strong></span> 
     </span>
     <span class='ocr_line' id='line_1_69' title="bbox 1099 1875 1756 1933; baseline -0.005 -12"><span class='ocrx_word' id='word_1_314' title='bbox 1099 1877 1233 1920; x_wconf 68' lang='grc' dir='ltr'><strong><em>αὐτῶν</em></strong></span> <span class='ocrx_word' id='word_1_315' title='bbox 1272 1894 1342 1933; x_wconf 85' lang='lat' dir='ltr'><strong>pro</strong></span> <span class='ocrx_word' id='word_1_316' title='bbox 1390 1875 1566 1927; x_wconf 73' lang='grc' dir='ltr'><strong><em>αὐτέων,</em></strong></span> <span class='ocrx_word' id='word_1_317' title='bbox 1605 1893 1756 1930; x_wconf 86' lang='grc' dir='ltr'><strong><em>πρυτα-</em></strong></span> 
     </span>
     <span class='ocr_line' id='line_1_70' title="bbox 1097 1936 1756 1989; baseline -0.006 -12"><span class='ocrx_word' id='word_1_318' title='bbox 1097 1938 1192 1988; x_wconf 83' lang='grc' dir='ltr'><strong><em>νηΐη</em></strong></span> <span class='ocrx_word' id='word_1_319' title='bbox 1220 1945 1274 1975; x_wconf 86' lang='lat' dir='ltr'><strong>est</strong></span> <span class='ocrx_word' id='word_1_320' title='bbox 1288 1936 1528 1989; x_wconf 69' lang='lat' dir='ltr'><strong>praesidium,</strong></span> <span class='ocrx_word' id='word_1_321' title='bbox 1571 1941 1614 1971; x_wconf 91' lang='lat' dir='ltr'><strong>ut</strong></span> <span class='ocrx_word' id='word_1_322' title='bbox 1639 1936 1756 1986; x_wconf 85' lang='lat' dir='ltr'><strong>vulgo</strong></span> 
     </span>
     <span class='ocr_line' id='line_1_71' title="bbox 1098 1991 1755 2043; baseline -0.005 -12"><span class='ocrx_word' id='word_1_323' title='bbox 1098 1993 1280 2043; x_wconf 81' lang='lat' dir='ltr'><strong>dicimus,</strong></span> <span class='ocrx_word' id='word_1_324' title='bbox 1317 2004 1515 2032; x_wconf 84' lang='lat' dir='ltr'><strong>summum</strong></span> <span class='ocrx_word' id='word_1_325' title='bbox 1537 1991 1755 2041; x_wconf 87' lang='lat' dir='ltr'><strong>imperium,</strong></span> 
     </span>
     <span class='ocr_line' id='line_1_72' title="bbox 1097 2048 1758 2103; baseline -0.005 -15"><span class='ocrx_word' id='word_1_326' title='bbox 1097 2051 1202 2103; x_wconf 90' lang='lat' dir='ltr'><strong>quod</strong></span> <span class='ocrx_word' id='word_1_327' title='bbox 1223 2052 1375 2089; x_wconf 82' lang='lat' dir='ltr'><strong>alternis</strong></span> <span class='ocrx_word' id='word_1_328' title='bbox 1389 2049 1520 2087; x_wconf 87' lang='lat' dir='ltr'><strong>diebus</strong></span> <span class='ocrx_word' id='word_1_329' title='bbox 1533 2048 1668 2098; x_wconf 64' lang='lat' dir='ltr'><strong>obtigit</strong></span> <span class='ocrx_word' id='word_1_330' title='bbox 1676 2050 1758 2085; x_wconf 88' lang='lat' dir='ltr'><strong>sin-</strong></span> 
     </span>
     <span class='ocr_line' id='line_1_73' title="bbox 1095 2104 1756 2158; baseline -0.003 -13.991"><span class='ocrx_word' id='word_1_331' title='bbox 1095 2109 1193 2158; x_wconf 86' lang='lat' dir='ltr'><strong>gulis</strong></span> <span class='ocrx_word' id='word_1_332' title='bbox 1224 2108 1397 2146; x_wconf 85' lang='lat' dir='ltr'><strong>ducibus.</strong></span> <span class='ocrx_word' id='word_1_333' title='bbox 1454 2104 1499 2142; x_wconf 86' lang='lat' dir='ltr'><strong>ld</strong></span> <span class='ocrx_word' id='word_1_334' title='bbox 1529 2117 1620 2141; x_wconf 86' lang='lat' dir='ltr'><strong>vero</strong></span> <span class='ocrx_word' id='word_1_335' title='bbox 1654 2104 1756 2156; x_wconf 87' lang='lat' dir='ltr'><strong>apud</strong></span> 
     </span>
     <span class='ocr_line' id='line_1_74' title="bbox 1095 2162 1755 2217; baseline -0.005 -16"><span class='ocrx_word' id='word_1_336' title='bbox 1095 2166 1187 2202; x_wconf 82' lang='lat' dir='ltr'><strong>alios</strong></span> <span class='ocrx_word' id='word_1_337' title='bbox 1217 2178 1372 2217; x_wconf 90' lang='lat' dir='ltr'><strong>quoque</strong></span> <span class='ocrx_word' id='word_1_338' title='bbox 1391 2162 1632 2211; x_wconf 76' lang='lat' dir='ltr'><strong>magistratus</strong></span> <span class='ocrx_word' id='word_1_339' title='bbox 1655 2162 1755 2198; x_wconf 90' lang='lat' dir='ltr'><strong>obti-</strong></span> 
     </span>
     <span class='ocr_line' id='line_1_75' title="bbox 1092 2217 1754 2271; baseline -0.006 -13"><span class='ocrx_word' id='word_1_340' title='bbox 1092 2222 1233 2269; x_wconf 87' lang='lat' dir='ltr'><strong>nuisse,</strong></span> <span class='ocrx_word' id='word_1_341' title='bbox 1255 2229 1298 2258; x_wconf 91' lang='lat' dir='ltr'><strong>ut</strong></span> <span class='ocrx_word' id='word_1_342' title='bbox 1308 2234 1377 2271; x_wconf 87' lang='lat' dir='ltr'><strong>per</strong></span> <span class='ocrx_word' id='word_1_343' title='bbox 1395 2221 1495 2256; x_wconf 83' lang='lat' dir='ltr'><strong>vices</strong></span> <span class='ocrx_word' id='word_1_344' title='bbox 1515 2217 1585 2253; x_wconf 89' lang='lat' dir='ltr'><strong>sub</strong></span> <span class='ocrx_word' id='word_1_345' title='bbox 1605 2217 1678 2254; x_wconf 82' lang='lat' dir='ltr'><strong>alio</strong></span> <span class='ocrx_word' id='word_1_346' title='bbox 1692 2231 1754 2255; x_wconf 86' lang='lat' dir='ltr'><strong>es-</strong></span> 
     </span>
     <span class='ocr_line' id='line_1_76' title="bbox 1093 2272 1751 2328; baseline -0.006 -14"><span class='ocrx_word' id='word_1_347' title='bbox 1093 2285 1177 2314; x_wconf 86' lang='lat' dir='ltr'><strong>seut</strong></span> <span class='ocrx_word' id='word_1_348' title='bbox 1196 2276 1379 2328; x_wconf 85' lang='lat' dir='ltr'><strong>praeside,</strong></span> <span class='ocrx_word' id='word_1_349' title='bbox 1399 2273 1551 2311; x_wconf 88' lang='lat' dir='ltr'><strong>monuit</strong></span> <span class='ocrx_word' id='word_1_350' title='bbox 1577 2272 1751 2310; x_wconf 82' lang='lat' dir='ltr'><strong>Boeckh.</strong></span> 
     </span>
     <span class='ocr_line' id='line_1_77' title="bbox 1091 2329 1751 2384; baseline -0.005 -14"><span class='ocrx_word' id='word_1_351' title='bbox 1091 2334 1133 2369; x_wconf 89' lang='lat' dir='ltr'><strong>in</strong></span> <span class='ocrx_word' id='word_1_352' title='bbox 1167 2334 1279 2384; x_wconf 81' lang='lat' dir='ltr'><strong>Corp.</strong></span> <span class='ocrx_word' id='word_1_353' title='bbox 1309 2333 1481 2382; x_wconf 88' lang='lat' dir='ltr'><strong>Inscript.</strong></span> <span class='ocrx_word' id='word_1_354' title='bbox 1502 2331 1520 2366; x_wconf 96' lang='grc' dir='ltr'>Ι</span> <span class='ocrx_word' id='word_1_355' title='bbox 1541 2341 1629 2379; x_wconf 83' lang='lat' dir='ltr'><strong>pag.</strong></span> <span class='ocrx_word' id='word_1_356' title='bbox 1654 2329 1751 2371; x_wconf 77' lang='lat'><strong>234.</strong></span> 
     </span>
     <span class='ocr_line' id='line_1_78' title="bbox 1090 2385 1752 2439; baseline -0.002 -14"><span class='ocrx_word' id='word_1_357' title='bbox 1090 2388 1153 2426; x_wconf 90' lang='lat' dir='ltr'><strong>Ad</strong></span> <span class='ocrx_word' id='word_1_358' title='bbox 1167 2390 1400 2427; x_wconf 87' lang='lat' dir='ltr'><strong>locutionem</strong></span> <span class='ocrx_word' id='word_1_359' title='bbox 1412 2385 1461 2427; x_wconf 77' lang='grc' dir='ltr'><strong>οὔ</strong></span> <span class='ocrx_word' id='word_1_360' title='bbox 1473 2401 1509 2425; x_wconf 90' lang='grc' dir='ltr'><strong>τι</strong></span> <span class='ocrx_word' id='word_1_361' title='bbox 1519 2400 1576 2424; x_wconf 88' lang='grc' dir='ltr'><strong>κω</strong></span> <span class='ocrx_word' id='word_1_362' title='bbox 1587 2387 1628 2422; x_wconf 86' lang='lat' dir='ltr'><strong>in</strong></span> <span class='ocrx_word' id='word_1_363' title='bbox 1643 2398 1752 2439; x_wconf 86' lang='lat' dir='ltr'><strong>seqq.</strong></span> 
     </span>
     <span class='ocr_line' id='line_1_79' title="bbox 1090 2441 1748 2485; baseline -0.002 -3"><span class='ocrx_word' id='word_1_364' title='bbox 1090 2446 1191 2485; x_wconf 84' lang='lat' dir='ltr'><strong>conf,</strong></span> <span class='ocrx_word' id='word_1_365' title='bbox 1222 2447 1365 2484; x_wconf 84' lang='lat' dir='ltr'><strong>Iacobs.</strong></span> <span class='ocrx_word' id='word_1_366' title='bbox 1392 2443 1441 2481; x_wconf 84' lang='lat' dir='ltr'><strong>ad</strong></span> <span class='ocrx_word' id='word_1_367' title='bbox 1462 2441 1610 2480; x_wconf 85' lang='lat' dir='ltr'><strong>Aelian.</strong></span> <span class='ocrx_word' id='word_1_368' title='bbox 1631 2443 1677 2482; x_wconf 92' lang='lat' dir='ltr'><strong>N.</strong></span> <span class='ocrx_word' id='word_1_369' title='bbox 1697 2443 1748 2481; x_wconf 90' lang='lat' dir='ltr'><strong>A.</strong></span> 
     </span>
    </p>
   </div>
   <div class='ocr_carea' id='block_1_26' title="bbox 1087 2501 1741 2780">
    <p class='ocr_par' dir='ltr' id='par_1_27' title="bbox 1087 2501 1726 2780">
     <span class='ocr_line' id='line_1_80' title="bbox 1087 2501 1489 2554; baseline -0.002 -16"><span class='ocrx_word' id='word_1_370' title='bbox 1087 2503 1190 2551; x_wconf 88' lang='lat' dir='ltr'><strong>XIV,</strong></span> <span class='ocrx_word' id='word_1_371' title='bbox 1216 2506 1264 2545; x_wconf 90' lang='lat'><strong>16</strong></span> <span class='ocrx_word' id='word_1_372' title='bbox 1285 2515 1373 2554; x_wconf 75' lang='lat' dir='ltr'><strong>pag.</strong></span> <span class='ocrx_word' id='word_1_373' title='bbox 1393 2501 1489 2542; x_wconf 84' lang='lat'><strong>480.</strong></span> 
     </span>
     <span class='ocr_line' id='line_1_81' title="bbox 1306 2624 1528 2678; baseline -0.023 -14"><span class='ocrx_word' id='word_1_374' title='bbox 1306 2627 1398 2678; x_wconf 86' lang='lat' dir='ltr'><strong>Cap.</strong></span> <span class='ocrx_word' id='word_1_375' title='bbox 1427 2624 1528 2661; x_wconf 80' lang='lat' dir='ltr'><strong>CXI.</strong></span> 
     </span>
     <span class='ocr_line' id='line_1_82' title="bbox 1143 2729 1741 2780; baseline 0.005 -13"><span class='ocrx_word' id='word_1_376' title='bbox 1143 2730 1363 2780; x_wconf 84' lang='grc' dir='ltr'><strong><em>περιῆλθε]</em></strong></span> <span class='ocrx_word' id='word_1_377' title='bbox 1396 2729 1506 2766; x_wconf 85' lang='lat' dir='ltr'><strong>Conf.</strong></span> <span class='ocrx_word' id='word_1_378' title='bbox 1536 2734 1564 2779; x_wconf 92' lang='lat'><strong>1,</strong></span> <span class='ocrx_word' id='word_1_379' title='bbox 1586 2735 1625 2772; x_wconf 92' lang='lat'><strong>7.</strong></span> <span class='ocrx_word' id='word_1_380' title='bbox 1650 2735 1741 2773; x_wconf 82' lang='grc'>120.</span> 
     </span>
    </p>
   </div>
   <div class='ocr_carea' id='block_1_27' title="bbox 1086 2784 1742 2894">
    <p class='ocr_par' dir='ltr' id='par_1_28' title="bbox 1086 2784 1742 2894">
     <span class='ocr_line' id='line_1_83' title="bbox 1086 2784 1742 2840; baseline 0.008 -21"><span class='ocrx_word' id='word_1_381' title='bbox 1086 2784 1152 2832; x_wconf 86' lang='lat'><strong>111,</strong></span> <span class='ocrx_word' id='word_1_382' title='bbox 1184 2785 1250 2825; x_wconf 86' lang='lat'><strong>65.</strong></span> <span class='ocrx_word' id='word_1_383' title='bbox 1281 2787 1360 2834; x_wconf 88' lang='lat' dir='ltr'><strong>VII,</strong></span> <span class='ocrx_word' id='word_1_384' title='bbox 1401 2784 1492 2826; x_wconf 89' lang='grc'>158.</span> <span class='ocrx_word' id='word_1_385' title='bbox 1557 2789 1601 2824; x_wconf 87' lang='lat' dir='ltr'><strong>In</strong></span> <span class='ocrx_word' id='word_1_386' title='bbox 1636 2801 1742 2840; x_wconf 88' lang='lat' dir='ltr'><strong>seqq.</strong></span> 
     </span>
     <span class='ocr_line' id='line_1_84' title="bbox 1088 2840 1742 2894; baseline 0.003 -15"><span class='ocrx_word' id='word_1_387' title='bbox 1088 2841 1167 2880; x_wconf 79' lang='grc' dir='ltr'><strong><em>ώὸε</em></strong></span> <span class='ocrx_word' id='word_1_388' title='bbox 1195 2840 1242 2878; x_wconf 86' lang='lat' dir='ltr'><strong>ad</strong></span> <span class='ocrx_word' id='word_1_389' title='bbox 1262 2844 1458 2894; x_wconf 81' lang='lat' dir='ltr'><strong>sequentia</strong></span> <span class='ocrx_word' id='word_1_390' title='bbox 1479 2850 1647 2894; x_wconf 81' lang='lat' dir='ltr'><strong>spectare</strong></span> <span class='ocrx_word' id='word_1_391' title='bbox 1678 2858 1742 2881; x_wconf 87' lang='lat' dir='ltr'><strong>re-</strong></span> 
     </span>
    </p>
   </div>
   <div class='ocr_carea' id='block_1_28' title="bbox 1839 2321 1851 2733">
    <p class='ocr_par' dir='ltr' id='par_1_29' title="bbox 1839 2302 1851 2733">
     <span class='ocr_line' id='line_1_85' title="bbox 1839 2321 1851 2733; baseline 0 -427"><span class='ocrx_word' id='word_1_392' title='bbox 1839 2321 1851 2733; x_wconf 36' lang='lat'>1</span> 
     </span>
    </p>
   </div>
   <div class='ocr_carea' id='block_1_29' title="bbox 1787 2758 1851 3181">
    <p class='ocr_par' dir='ltr' id='par_1_30' title="bbox 1787 2733 1851 3181">
     <span class='ocr_line' id='line_1_86' title="bbox 1787 2758 1851 3181; baseline -0.348 14.261"><span class='ocrx_word' id='word_1_393' title='bbox 1787 2758 1851 3181; x_wconf 75' lang='grc' dir='ltr'><strong>ι”ζ</strong></span> 
     </span>
    </p>
   </div>
  </div>
 </body>
</html>
