1851 3181
126 744 225 803 ἰΑΠΙΙιΡοίΓ
231 776 286 802 lati
289 746 373 815 titudo.

169 818 229 844 §¹¹
262 810 326 837 iah
352 810 403 837 iis-

129 843 177 870 (cli
161 852 198 870 ιιι
219 843 370 877 operariis

171 881 221 904 net
253 881 368 905 unctus,

127 810 181 836 Str

129 885 166 911 ΡΟ

334 577 401 621 2-1.
460 567 760 624 ἀληλεσμένος.

457 260 540 299 480

865 257 1327 295 HERODOTI

430 368 536 410 4καὶ
574 367 771 420 ἐξισοῦτο
813 371 926 410 τοῖσι
968 365 1138 410 ἄλλοισι
1174 365 1223 411 τὸ
1255 367 1402 422 ἔργον·
1445 366 1638 410 ἐνθαῦτα
1673 369 1726 425 δή

460 433 621 489 λειμών
658 435 768 483 ἐστι,
799 435 874 477 ἴνα
912 445 993 490 σφι
1023 433 1168 490 ἀγορή
1197 451 1242 478 τε
1269 435 1430 490 ἐγίνετο
1461 436 1534 478 καὶ
1562 434 1728 492 πρητή-

461 513 587 554 ριον·
629 506 745 552 σῖτος
785 503 831 545 δέ
869 513 995 558 σφισι
1023 503 1186 554 πολλός
1229 504 1382 559 ἐφοίτα
1412 503 1458 547 ἐκ
1486 507 1563 559 τῆς
1588 502 1730 560 Ἀσίης

809 568 888 622 ,Ως
911 571 990 625 μὲν
1015 571 1089 627 ἐμὲ
1103 570 1484 654 συμβαλλεόμενρν
1503 571 1729 625 εὑρίσκεινἰ
1742 577 1787 613 65

463 638 856 694 μεγαλοφροσύνης
895 640 1037 683 εἵνεκα
1077 638 1186 682 αὐτὸ
1227 641 1388 696 Ξέρξης
1416 638 1619 694 ὀρύσσειν
1648 637 1731 682 ἐκέ-

128 716 167 750 pe
171 707 328 769 ιθΑῑξιὲιΥιη
294 708 375 735 1fier
343 709 388 736 eri
462 708 571 756 λενε,
602 704 768 748 ἐθέλων
794 723 838 749 τε
865 706 1055 763 δύναμιν
1087 704 1443 759 ἀποδείκνυσθαι,
1474 723 1549 750 και
1570 724 1732 764 μνημο

429 779 452 813 2
464 783 577 816 συνα
614 772 830 818 λιπέσθαι.

405 946 528 984 Arbeit
555 949 620 983 mit
650 946 715 984 den
744 948 893 996 iibrz’gen
916 949 1072 997 gleich.“

408 1026 459 1030 —
481 1002 543 1039 Ad
563 1016 676 1040 usum
689 1006 961 1055 particularum
975 1022 1069 1045 τε-

406 1058 474 1098 καὶ
496 1061 597 1099 conf.
619 1060 832 1098 Matth.Gr.
851 1063 916 1102 Gr.
940 1063 1071 1109 §.565

404 1124 485 1153 not.
509 1120 532 1157 3
553 1130 642 1168 pag.
667 1116 786 1158 1114.
844 1118 945 1157 Add.
972 1127 1071 1159 nott.

406 1173 455 1210 ad
474 1174 539 1221 IV,
561 1174 629 1215 53.

463 1229 643 1269 ἐνθαῦτα
654 1227 703 1281 δή
716 1229 1071 1282 λειμώνΉΙΠιιεΡᾶ-

407 1287 543 1324 risinus
563 1287 659 1323 liber
680 1288 701 1326 ὅ
718 1285 747 1335 ὲ,
769 1288 873 1339 quod
886 1288 1071 1340 Schwgh.

407 1350 445 1380 et
475 1344 849 1394 Gaisf.recepe11uit.
879 1345 1073 1411 eqndem

407 1413 497 1437 cum
517 1399 697 1437 Bekkem
727 1403 904 1439 revocavi
931 1398 1003 1452 δή.

465 1451 592 1509 αγορή
624 1471 665 1496 τε
693 1456 841 1508 ἐγίνετο
872 1457 941 1498 καὶ
972 1474 1072 1524 πρη-

407 1508 567 1565 τήριον]
600 1509 820 1566 πρητήριον
837 1516 898 1552 vel
919 1531 1073 1567 πρατη-

408 1585 497 1622 ριον
516 1569 754 1621 Ελληνικῶς
774 1570 860 1619 dici,
875 1572 979 1624 quod
997 1573 1073 1608 At—

407 1628 490 1663 ticis
520 1623 776 1678 πωλητήριον
811 1629 864 1677 (i.
888 1642 922 1666 e.
945 1629 1071 1679 forum

407 1695 523 1720 rerum
552 1684 775 1733 venalium),
797 1684 912 1722 tradit
930 1686 1070 1722 Moeris

407 1753 495 1791 pag.
517 1740 619 1788 314,
650 1741 715 1777 ubi
748 1740 826 1778 vid.
858 1743 1071 1793 interpiett.

407 1796 510 1835 Add.
531 1798 672 1834 Pollux
699 1799 764 1846 ΙΠ,
786 1801 878 1839 126.
901 1800 981 1848 VII,
1007 1801 1072 1838 11.

406 1853 566 1891 Videtur
595 1861 725 1890 autem
753 1854 969 1893 Herodotus
988 1856 1074 1893 voci

410 1906 551 1962 οἶγορὴ,
584 1924 659 1962 quo
695 1912 830 1948 melius
860 1913 939 1949 eius
974 1925 1073 1964 quae

408 1966 484 2004 hoc
505 1968 590 2004 loco
611 1969 658 2005 sit
672 1969 727 2006 vis
748 1981 790 2004 ac
812 1975 989 2018 potestas,
1010 1971 1074 2005 in-

408 2025 662 2074 telligeretur,
702 2024 890 2062 addidisse
919 2023 1074 2078 πρητή-

410 2094 520 2132 ριον;
563 2080 667 2118 unde
708 2080 1073 2133 Schweighaeusero

409 2137 525 2175 verba
547 2133 675 2190 ἆγορή
695 2153 736 2178 τε
755 2137 823 2177 καὶ
843 2135 1075 2192 πρητήριον

410 2207 478 2244 per
510 2194 686 2244 figuram,
708 2208 827 2246 quam
863 2203 1003 2233 vocant
1028 2196 1074 2234 ὲν

413 2246 478 2288 δια
493 2251 620 2297 ὸυοῖν,
633 2253 967 2303 explicareplacet.
989 2254 1075 2302 Ipsa

410 2319 489 2343 vox
520 2302 645 2358 οἷγορη
677 2308 842 2345 crebrius
872 2307 1075 2345 adhibetur

411 2362 460 2400 de
480 2363 584 2410 foro,
618 2364 683 2400 ubi
704 2377 761 2400 res
775 2363 823 2401 ad
842 2366 986 2402 victum
1003 2378 1074 2401 ne-

413 2421 595 2457 cessariae
617 2428 886 2470 exponuntur,
907 2420 1075 2472 indeque

412 2477 528 2513 etiam
548 2475 596 2513 de
620 2477 706 2527 ipsis
736 2478 848 2514 rebus
868 2479 1076 2525 venalibus,

414 2532 462 2570 de
491 2546 657 2570 annona.
728 2532 814 2572 vid.
845 2535 1005 2584 Kriiger.
1028 2534 1077 2571 ad

412 2589 664 2641 Xenophont.
692 2590 818 2627 Anab.
862 2603 951 2641 pag.
992 2590 1076 2631 455

414 2647 502 2683 coll.
535 2648 630 2686 Lex.
663 2645 912 2698 Xenophout.
932 2649 949 2683 I
988 2659 1076 2698 pag.

413 2704 481 2744 39.

470 2758 634 2809 ἐφοίτα]
676 2759 803 2796 Valla:
839 2760 1077 2809 comportaba-

417 2819 487 2852 tur.
545 2817 612 2852 Tu
654 2815 731 2853 vid.
771 2817 834 2863 111,
867 2817 919 2856 90
948 2816 1077 2867 ibique

416 2879 510 2911 nott.
545 2871 794 2912 Valckenaer.
826 2874 922 2910 bene
954 2873 1078 2910 attulit

897 775 1064 831 παρεόν
1092 775 1193 832 γὰρ,
1224 777 1390 832 μηδένα
1417 772 1559 818 πόνον
1574 773 1732 832 λαβόν-

1129 947 1399 1001 Xenophontis
1427 950 1558 987 locum
1591 950 1640 985 H.
1670 947 1736 984 Gr.
1756 948 1788 995 J,

1130 1009 1167 1053 ξ.
1198 1008 1251 1049 25
1287 1014 1324 1043 et
1355 1005 1545 1043 Andocid.
1573 1019 1612 1056 p.
1637 1007 1703 1053 22,
1735 1007 1789 1045 17

1132 1066 1188 1115 [p.
1210 1063 1262 1104 85
1283 1063 1448 1113 Reisk.].
1478 1063 1540 1099 Ad
1560 1075 1672 1101 voces
1691 1064 1791 1101 πολ-

1128 1118 1193 1168 λὸς
1224 1115 1490 1172 α’ληλεσμένος
1519 1120 1618 1157 conf.
1649 1115 1788 1157 Matth.

1128 1179 1195 1215 Gr.
1217 1178 1282 1214 Gr.
1302 1190 1390 1228 pag,
1412 1179 1506 1224 830,
1535 1177 1602 1228 qui
1626 1174 1731 1212 idem
1752 1175 1792 1220 ξ.

1131 1236 1210 1275 168
1240 1247 1328 1284 pag.
1358 1236 1439 1274 306
1460 1231 1715 1270 consulendus
1743 1230 1791 1268 de

1128 1289 1251 1328 form&
1273 1286 1545 1342 ἀληλεσμένος.

1335 1381 1428 1431 Cap.
1449 1380 1594 1421 XXIV.

1182 1456 1250 1505 Ὡς
1271 1456 1343 1511 μὲν
1361 1455 1428 1510 ἐμὲ
1450 1453 1793 1510 συμβαλλεόμενον

1129 1513 1356 1567 εὗρίσκειν]
1404 1515 1516 1553 conf.
1551 1512 1688 1552 Matth.
1724 1514 1794 1551 Gr.

1129 1573 1193 1609 Gr.
1224 1574 1261 1618 ξ.
1290 1571 1373 1614 545
1403 1585 1492 1623 pag.
1526 1573 1646 1612 1069.
1713 1572 1793 1607 Nec

1128 1629 1235 1665 aliter
1244 1629 1323 1666 fere
1342 1631 1478 1666 Noster
1496 1629 1577 1676 VII,
1593 1626 1684 1668 184.
1700 1628 1795 1668 187·

1127 1686 1227 1733 VIII,
1249 1688 1314 1727 30.
1366 1686 1472 1732 Quae
1493 1684 1641 1731 eadem,
1662 1684 1796 1721 obser—

1128 1749 1243 1779 vante
1276 1741 1358 1789 Cr.‚
1381 1743 1504 1779 attulit
1533 1739 1729 1779 Schaefer.
1746 1738 1796 1778 ad

1128 1799 1287 1850 Dionys.
1315 1800 1508 1838 Halicarn.
1539 1800 1597 1834 De
1625 1810 1797 1847 compos.

1130 1856 1261 1892 verbb.
1282 1868 1369 1906 pag.
1388 1858 1481 1896 199.
1542 1855 1642 1891 Cum
1670 1854 1796 1891 verbis

1130 1907 1486 1964 μεγαλοφροσύνης
1524 1912 1655 1951 εἵνεκα
1700 1910 1794 1947 Val-

1131 1968 1243 2006 cken.
1260 1968 1456 2006 contendit
1467 1967 1621 2005 Aristid.
1632 1969 1673 2004 in
1682 1965 1795 2004 The-

1129 2026 1293 2063 mistocl.
1314 2026 1365 2062 T.
1385 2027 1439 2062 III
1455 2039 1494 2076 p.
1512 2027 1593 2066 297
1614 2031 1651 2061 et
1663 2022 1796 2064 Schol,
1841 2055 1846 2065 .

1131 2095 1220 2133 pag.
1243 2085 1326 2123 222
1339 2081 1400 2119 ed.
1421 2082 1630 2119 Frommel.
1649 2103 1706 2108 —-
1733 2078 1798 2117 Ad
1827 2105 1830 2110 -

1131 2140 1367 2176 locutionem
1408 2135 1645 2191 μνημόσυνα
1690 2135 1798 2176 λιπέ-

1133 2200 1232 2234 σθαι
1252 2196 1297 2232 cf.
1315 2196 1378 2244 VI,
1394 2198 1484 2236 109.
1502 2196 1567 2243 IV,
1591 2196 1670 2235 166
1702 2194 1798 2245 ibiq.

1130 2259 1227 2289 nott.
1249 2258 1286 2289 et
1306 2251 1354 2288 ad
1379 2252 1623 2303 participium
1647 2246 1798 2303 παρεόν
1830 2261 1838 2269 ”

1130 2309 1242 2345 allata
1262 2307 1311 2345 ad
1331 2309 1375 2356 V,
1397 2306 1464 2349 49.

1191 2363 1341 2415 μηδένα
1369 2360 1497 2404 πόνον
1529 2359 1718 2415 λαβόντες
1758 2376 1796 2401 κ.

1131 2436 1163 2460 τ.
1183 2422 1235 2468 λ.]
1268 2422 1375 2457 Bene
1394 2421 1672 2471 Wesselingius
1701 2431 1798 2457 con-

1132 2484 1190 2515 tra
1210 2479 1385 2515 Pawium
1406 2476 1558 2529 μηδένα
1578 2473 1705 2529 πόρον
1731 2478 1798 2514 λα-

1133 2530 1275 2585 χόντας
1293 2534 1446 2584 (nullum
1459 2535 1645 2572 transitum
1655 2529 1793 2582 nactos)

1134 2590 1412 2641 refingentem:
1435 2591 1530 2628 haec
1550 2590 1666 2628 verba
1686 2600 1795 2626 com-

1133 2655 1263 2698 parate
1285 2655 1372 2686 suut
1393 2646 1626 2699 accipienda.
1669 2645 1795 2683 Labor

1135 2712 1216 2742 erat
1247 2711 1302 2742 tot
1331 2718 1447 2742 naves
1476 2718 1545 2755 per
1573 2701 1702 2740 isthmi
1731 2700 1795 2736 iu·-

1133 2774 1228 2811 gum
1258 2760 1417 2809 trahere,
1438 2762 1560 2798 multo
1576 2760 1697 2796 maior
1715 2756 1794 2793 fos-

1133 2830 1216 2854 sam
1242 2824 1323 2854 tam
1347 2819 1475 2855 laxam
1505 2824 1542 2854 et
1575 2816 1690 2852 altam
1724 2811 1795 2849 de-

1133 2875 1340 2926 primere.“
1382 2874 1500 2912 Addit
1521 2873 1696 2921 deinceps
1716 2870 1794 2906 Po-
