1851 3181
421 256 504 295 444

818 254 1280 292 HERODOTI

421 366 635 413 ,,κτᾶσθαι
668 361 930 417 βουλόμενοι
951 364 1347 419 καταστρεψάμενοι
1381 362 1569 413 δούλους
1590 363 1659 418 ἔχο

421 445 550 486 ,,μεν·
597 430 810 484 ’Έλληνας
831 429 899 482 δὲ,
932 429 1210 486 ὑπάρξαντας
1240 432 1425 486 ἀδικίης,
1473 428 1527 473 οὕ
1557 445 1681 484 τιμω-
1694 436 1738 470 85

391 496 690 554 3,,ρησόμεθα.
748 499 790 540 τί
834 499 1075 551 δείσαντες,·
1118 500 1245 553 κοίην
1273 497 1460 553 πλήθεος
1490 508 1675 550 συστρο-

420 564 560 620 ,,φήν;
590 566 719 620 κοίην
749 564 794 608 δὲ
821 564 1054 621 χρημάτων
1083 565 1292 621 δύναμιν,·
1335 569 1434 608 Τῶν
1464 565 1683 619 ἐπιστάμε-

422 639 509 684 „fia
548 633 626 688 μὲν
659 635 740 687 τήν
774 633 941 689 μάχην,
978 632 1243 689 ἐπιστάμεθα
1288 633 1333 676 δὲ
1373 632 1451 688 τὴν
1482 632 1683 688 δύναμιν,

420 701 609 752 ,,ἐοῦσαν
647 699 833 744 ἀσθενέα
846 715 855 725 ·

921 701 1074 756 ἔχομεν
1113 701 1159 745 δὲ
1189 699 1335 744 αὐτῶν
1363 702 1522 751 παῖδας
1553 717 1683 743 κατα·

420 766 738 823 ,,στρεψάμενοι
777 769 985 821 τούτους,
1026 772 1069 812 οἳ
1098 768 1145 812 ἐν
1177 772 1231 825 τῇ
1265 767 1450 824 ἡμετέρῃ
1481 784 1681 825 κατοικη-
1694 775 1741 810 90

420 836 592 891 ,,με’νοι,
619 835 765 887 Ἴωνές
792 852 836 879 τε
866 837 938 880 καὶ
967 838 1144 888 Αἰολέες
1174 837 1249 880 καὶ
1277 836 1466 889 Δωριέες
1509 835 1684 879 καλέον-

390 913 533 957 4,,ται.
588 902 849 961 Ἐπειρήθην
880 905 926 948 δὲ
956 905 1027 948 καὶ
1059 904 1191 956 αὐτὸς
1221 904 1303 961 ἤδη
1334 904 1585 948 ἐπελαύνων
1615 904 1683 948 ἐπὶ

417 971 547 1025 „votis
576 973 740 1026 ἄνδρας
768 971 979 1024 τούτους,
1009 971 1096 1016 ὑπὸ
1127 973 1290 1028 πατρὸς
1320 978 1401 1017 τοῦ
1432 977 1514 1017 σοῦ
1542 977 1684 1017 κελευ-

421 1075 444 1092 ,,
458 1041 597 1090 σθείς·

665 1042 740 1084 καί
776 1058 852 1096 μοι
891 1040 1014 1097 μέχρι
1054 1042 1333 1096 Μακεδονίης
1364 1040 1585 1091 ἐλάσαντι,
1611 1040 1684 1083 καὶ

389 1107 603 1163 5,,όλίγον
639 1106 899 1152 ἀπολιπόντι
941 1108 983 1159 ἐς
1029 1108 1164 1160 αὐτὰς
1197 1107 1392 1164 Ἀθήνας
1436 1107 1685 1161 ἀπικέσθαι,

418 1174 593 1228 ,,ου’δεὶς
643 1174 839 1232 ἄντιώθη
880 1177 922 1227 ἐς
960 1175 1112 1231 μάχην.

1179 1179 1267 1220 Καί
1305 1193 1375 1220 τοι
1421 1192 1468 1231 γε
1522 1175 1740 1219 ἐώθασι95

416 1243 665 1299 ,ζἘλληνες,
718 1243 777 1295 ὦς
806 1243 1117 1298 πυνθάνομαι,
1159 1243 1434 1300 ἀβουλότατα
1464 1244 1684 1298 πολέμους

389 1313 672 1363 6,,ἴστασθαι,
721 1310 810 1355 ’ὑπό
848 1328 893 1355 τε
937 1310 1255 1368 ἀγνωμοσύνης
1303 1315 1376 1356 καὶ
1416 1311 1683 1368 σκαιότητος.

418 1379 576 1432 ,,ἐπεοὶν
614 1378 697 1435 γὰρ
728 1377 952 1436 ἀλλήλοισι
982 1379 1175 1436 πόλεμον
1205 1382 1456 1435 προείπωσι,
1489 1379 1683 1435 ἐξευρόν-

417 1561 725 1617 Ἐπειρήθην-
742 1561 938 1614 ἐλαύνων]
964 1568 1022 1603 De

361 1630 549 1661 structura
577 1622 654 1659 vid.
687 1623 799 1658 citata
829 1622 877 1659 ad
903 1624 965 1670 Vl,
983 1625 1020 1663 9.

362 1683 406 1717 In
427 1693 534 1732 seqq.
556 1678 604 1715 ad
625 1678 741 1716 verba
762 1674 899 1731 ὀλίγον
922 1675 1022 1718 ἄπο-

361 1733 514 1776 λιπόντι
534 1759 584 1763 -
611 1731 828 1774 α’πικέσθαι
876 1737 1020 1773 consul.

360 1791 495 1831 Matth.
518 1794 584 1829 Gr.
608 1794 672 1831 Gr.
697 1793 734 1836 ξ.
758 1790 851 1838 534,
882 1805 1020 1843 apag.

365 1849 484 1891 1044.
553 1848 655 1886 Add.
694 1848 822 1885 Walz2
864 1848 912 1885 ad
953 1851 1019 1887 Gr.

361 1905 489 1943 Rhett.
511 1907 529 1942 Ι
548 1920 586 1957 p.
618 1905 710 1946 145.
741 1905 1020 1955 WVyttenbach.

362 1963 410 2000 ad
431 1960 623 1999 Plutarch.
645 1962 780 2001 Moral.
801 1963 847 2008 Π,
879 1965 897 2001 1
932 1976 1021 2014 pag.

362 2023 457 2066 202,
495 2021 560 2056 ubi
591 2018 638 2056 de
667 2018 854 2054 infinitivo
875 2028 1019 2067 monet,

363 2078 429 2128 qui
448 2077 488 2112 in
509 2077 643 2112 talibus
665 2075 820 2111 articulo
849 2076 1023 2126 plerum-

362 2146 437 2185 que
458 2134 595 2170 omisso
616 2133 707 2183 poni
726 2133 833 2169 solet.

638 2223 675 2267 ὗ.
707 2224 746 2262 2.

422 2300 503 2339 Καί
515 2315 575 2339 τοι
585 2315 627 2352 γε
651 2296 1019 2349 ἐῶθασι”Ελληνες]

363 2358 430 2397 καί
445 2372 504 2396 τοι
523 2371 563 2409 γε
582 2357 744 2393 eandem
766 2355 921 2408 quidem
942 2358 1022 2392 vim

361 2414 475 2451 habet
496 2421 608 2465 atque
630 2415 696 2452 καί
710 2428 783 2459 τοι,
803 2411 868 2449 sed
889 2413 1020 2449 fortius

360 2469 478 2508 modo
507 2483 588 2506 rem
619 2470 817 2522 exprimit}
857 2482 900 2505 ac
923 2482 1020 2515 sane,

362 2540 585 2578 quamquam.
626 2525 712 2563 vid.
734 2528 943 2564 Hermann,
972 2525 1020 2562 ad

361 2586 487 2634 viger.
510 2597 546 2634 p.
577 2581 671 2624 840.
729 2581 790 2619 Ad
815 2581 1020 2618 dioilonffln

361 2637 532 2691 πόλεμον
554 2637 896 2685 ἵστασθαι“(1)είίυηι
916 2641 1019 2675 insti-

361 2703 476 2745 tuere,
509 2697 708 2745 adornare)
739 2696 786 2732 cf.
817 2696 902 2740 vll,
940 2695 1019 2735 175

360 2755 489 2805 ibique
509 2760 604 2790 nott.
663 2754 807 2790 Vocem
838 2747 1021 2802 α’γνωμο-

362 2810 410 2849 σύ
418 2826 490 2859 νην
504 2808 887 2861 Schweighaeuserus
901 2809 1020 2844 iuter-

358 2873 527 2919 pretatur
555 2866 719 2905 stolidam
745 2870 776 2905 εί
805 2868 1017 2916 pervicacem

1079 1510 1348 1560 confidentiam3
1379 1510 1523 1547 Gailius
1550 1510 1632 1559 (Le
1652 1508 1741 1559 phi-

1078 1568 1196 1616 lolog.
1229 1568 1260 1603 V
1293 1580 1331 1617 p.
1354 1565 1434 1607 249
1465 1567 1565 1618 seq.)
1596 1567 1741 1604 Gallice

1078 1624 1226 1660 mavult
1253 1621 1361 1659 reddi
1399 1625 1620 1674 irreflexion,
1651 1635 1742 1660 cum

1080 1676 1266 1730 σκαιότης
1287 1681 1333 1716 sit
1353 1680 1564 1730 gaucherie,
1593 1683 1740 1730 inexpe-

1077 1739 1202 1773 rz'ence.
1260 1737 1392 1785 Lange
1423 1737 1627 1773 vernacule
1651 1734 1741 1772 red-

1079 1792 1196 1829 didit:
1232 1805 1299 1828 aus
1321 1791 1494 1830 Unkunde
1513 1792 1585 1829 und
1606 1792 1740 1829 Unver-

1077 1849 1193 1886 stand.
1252 1850 1318 1885 Tu
1356 1849 1456 1887 conf.
1486 1856 1582 1886 nott.
1614 1848 1664 1886 ad
1690 1850 1739 1896 11,

1080 1909 1160 1946 172
1181 1905 1264 1943 coll.
1286 1905 1331 1952 V,
1354 1907 1421 1945 83.

1135 1958 1257 2000 ἐπεοὶν
1284 1959 1359 2013 γὰρ
1390 1956 1597 2011 οἷλλήλοισι
1627 1957 1737 1999 πόλε-

1079 2033 1155 2069 μον
1175 2019 1395 2069 προείπωσι
1413 2033 1450 2057 κ.
1465 2032 1497 2055 τ.
1508 2018 1558 2065 λ.]
1591 2018 1740 2065 „Grae-

1079 2088 1213 2112 corum
1240 2076 1410 2111 inscitiae
1438 2087 1481 2111 ac
1510 2074 1653 2124 stupori
1674 2085 1740 2110 ac-

1079 2139 1235 2182 ceptum
1262 2132 1402 2179 fertur,
1445 2129 1549 2182 quod
1583 2131 1741 2167 summis

1078 2187 1323 2225 Achaeorum
1354 2190 1393 2224 in
1428 2186 1602 2224 laudibus
1636 2185 1739 2236 apud

1077 2246 1284 2295 Polybium
1305 2246 1408 2291 XIII,
1433 2247 1468 2283 1.
1498 2244 1630 2293 Magni
1649 2255 1739 2279 saue

1079 2302 1199 2337 animi
1219 2307 1256 2337 et
1276 2301 1421 2337 bellum
1440 2299 1610 2336 humano
1632 2312 1738 2336 more

1078 2356 1368 2393 administrandi
1464 2362 1738 2407 argumentum

1078 2415 1172 2450 olim
1200 2415 1378 2457 solemnis
1409 2421 1487 2450 erat
1519 2414 1736 2463 clarigatio:

1076 2472 1195 2506 immo
1219 2484 1266 2505 ex
1285 2471 1445 2507 iustitiae
1456 2470 1738 2506 Tibarenorum

1075 2526 1200 2563 studio
1222 2528 1421 2577 geminum
1442 2528 1565 2577 gentis
1582 2527 1660 2562 eius
1680 2527 1738 2562 iu-

1078 2585 1252 2620 stitutum
1303 2585 1431 2621 Critici
1469 2582 1518 2619 ad
1555 2583 1735 2633 Apollon-

1077 2639 1203 2677 Rhod.
1225 2642 1272 2686 ΙΙ,
1297 2643 1404 2681 1012
1426 2646 1628 2676 arcessunt.
1685 2637 1736 2674 Ut

1076 2710 1180 2733 nunc
1200 2709 1290 2733 vero
1311 2697 1506 2733 saeculum
1532 2702 1606 2742 est,
1631 2695 1734 2730 Mar-

1077 2752 1182 2789 douii
1211 2753 1312 2790 valet
1346 2753 1551 2798 sententiat,
1601 2751 1665 2802 qui
1692 2750 1732 2785 in

1076 2810 1146 2845 alia
1169 2811 1298 2846 omnia
1319 2816 1432 2856 eunt,
1464 2806 1732 2858 exploduntur.

1076 2868 1180 2915 Lege
1218 2863 1549 2918 Bynckershoekii
1579 2863 1730 2909 Quaest.
