1870 3249
381 190 664 229 TERPS

693 190 1038 227 lCHORE.
1097 190 1142 227 V.

1349 191 1406 231 75

147 305 259 358 ,,νῦν
287 295 369 353 ὦν,
397 300 508 354 πρὸς
541 302 661 344 θεων
700 315 790 342 των
812 298 1068 355 Ελληνίων,
1102 297 1292 353 ῥύσασθε
1311 299 1461 361 ’101730

119 380 141 414 5
152 386 256 425 „vocs
295 369 342 412 ἐκ
387 368 684 424 δουλοσύνης,
735 366 898 436 ἄνδρας
937 367 1191 431 ὁμαίμονας.

1260 368 1408 412 Εὐπε-

146 438 276 493 »τέως
306 437 352 480 δὲ
380 435 488 492 υμῖν
517 440 654 480 ταῦτα
684 434 755 481 οἷοέ
785 452 827 479 τε
853 436 1029 493 χωρέειν
1059 435 1157 478 ἐστί
1199 434 1300 479 οὔτε
1320 437 1406 491 γάρ

146 507 216 561 „oz
253 505 472 562 βάρβαροι
511 504 684 558 α’λκιμοί
724 505 827 548 εἰσι·

890 504 1013 559 ὑμεῖς
1042 520 1108 554 τε,
1150 503 1202 547 τοὶ
1251 504 1294 555 ἐς
1331 504 1409 548 τὸν

145 573 386 629 ,,πόλεμον,
416 573 458 624 ἐς
487 572 539 615 τοὶ
570 573 748 628 μέγιστα
779 570 956 627 ἀνήκετε
989 569 1142 627 ἀρετῆς
1165 572 1275 627 πέρι.
1307 572 1336 629 ἤ
1367 580 1464 616 τε35
1520 570 1526 590 ⁵

146 641 286 698 „paim
319 639 466 685 αὐτῶν
492 641 579 685 ἐστὶ
607 640 754 697 τοιήδε

98 829 189 869 dina
206 829 331 866 fluxit.
376 827 529 879 Reliqui
548 828 635 864 libri
655 841 756 879 προ-

94 886 240 928 έστατε.
298 886 540 924 structuram
570 885 644 921 loci
685 897 755 920 ex·-

94 943 214 996 pediit
248 941 432 979 Matthiae
469 943 535 978 Gr.
568 943 634 978 Gr.
664 954 752 991 pag.

97 1003 194 1043 861-
214 1001 371 1036 Etenim
389 997 484 1035 haec
503 999 578 1035 loci
597 1005 754 1035 senten—

94 1059 166 1094 tia:
201 1056 307 1099 Quod
323 1055 427 1094 Iones
445 1057 482 1092 in
493 1057 691 1092 servitutem
700 1067 753 1092 re·-

95 1114 198 1152 ‹lacti
224 1117 330 1163 sunt,
369 1113 466 1150 nobis
497 1112 632 1162 quidem
662 1113 751 1161 ipsis

94 1172 285 1208 maximum
307 1173 358 1206 est
381 1169 549 1220 probrum
575 1182 617 1206 ac
639 1168 750 1215 dolor,

95 1239 212 1265 verum
224 1228 328 1264 etiam
336 1229 479 1277 praeter
499 1229 626 1263 ceteros
637 1227 751 1263 Grae-

98 1298 153 1322 cos
170 1284 279 1331 vobis,
300 1296 365 1334 quo
381 1285 499 1332 magis
518 1295 578 1320 vos
596 1283 754 1333 reliquae

99 1341 271 1378 Graeciae
307 1342 517 1390 praeestis.“
554 1362 611 1367 ——-
661 1341 756 1376 Mox

100 1410 190 1434 cum
209 1404 350 1435 recent.
366 1396 471 1434 editt.
484 1398 593 1434 omisi
614 1398 757 1434 articu-

100 1455 183 1491 lum
201 1456 273 1503 τῆς
295 1460 382 1490 ante
403 1451 652 1504 δουλοσύνης
668 1455 758 1492 vul-

99 1524 150 1562 go
170 1509 355 1547 additum.
413 1510 472 1547 Cf.
496 1512 566 1559 IX,
588 1514 655 1552 89.
712 1512 758 1547 In

99 1568 275 1619 proxime
307 1580 412 1619 seqq.
441 1567 627 1604 librorum
646 1575 760 1606 vetu-

99 1631 245 1661 stomun
293 1625 557 1661 auctoritatem
608 1632 760 1662 secutus

101 1679 211 1718 dedi.
244 1676 435 1728 εὐπετέως
456 1678 498 1720 δὲ
518 1679 614 1732 υμῖν
636 1684 761 1720 ταῦτα

102 1733 190 1777 οἶά
209 1751 258 1776 τε
277 1736 489 1788 χωρέειν
510 1737 632 1777 ἐστί.
663 1739 760 1775 Vul-

102 1806 177 1846 go:
207 1791 367 1860 χωρέειν
389 1790 455 1833 οἱοὶ
474 1809 514 1834 τε
534 1794 626 1834 ε’στι.
656 1795 760 1832 Voce

104 1854 246 1901 χωρεῖν
281 1849 329 1886 de
367 1864 548 1901 prospero
587 1863 762 1888 successu

79 1914 82 1916 '
105 1908 223 1943 utitur
239 1908 374 1943 Noster
395 1920 548 1959 quoque
561 1908 606 1955 V,
619 1909 761 1954 89.111,

105 1960 172 2002 42.
201 1963 301 2011 VIII,
324 1964 390 2003 68.
431 1991 439 2000 ,

165 2048 257 2091 οὔτε
285 2049 360 2104 γοῖρ
387 2050 428 2090 οἷ
453 2046 652 2104 βάρβαροι
673 2067 710 2091 κ.
731 2065 765 2090 τ.

106 2108 171 2156 λ.]
216 2109 429 2145 Particulae
460 2105 551 2148 οὔτε
579 2121 674 2145 mox
703 2122 766 2145 re-

107 2163 271 2216 spondet
298 2177 361 2204 ve:
403 2163 451 2201 de
481 2177 557 2216 qua
577 2171 766 2202 structura

107 2221 209 2259 conf.
238 2228 332 2259 nott.
362 2219 412 2258 ad
439 2222 504 2270 IV,
533 2223 600 2262 94.
630 2222 693 2270 VI⁷
728 2223 765 2261 1.

106 2277 170 2315 Ad
204 2279 320 2316 verba
360 2279 538 2328 proxima
566 2274 615 2318 τοὶ
635 2277 676 2325 ἐς
696 2275 768 2318 τόν

107 2330 284 2387 πόλεμον
320 2335 422 2373 conf.
443 2333 579 2377 Matth.
609 2337 676 2372 Gr.
699 2337 766 2373 Gr.

79 2407 84 2412 ·
108 2404 196 2443 pag.
217 2391 314 2433 558.

165 2469 205 2516 ἐς
226 2467 274 2508 ‘m‘
296 2469 456 2522 μέγιστα
476 2468 646 2524 ἀνήκετε
673 2467 767 2523 α’ρε-

110 2529 181 2576 τῆς
201 2525 309 2578 πέρι]
332 2529 356 2564 i.
379 2542 413 2565 e.
433 2529 483 2566 ad
504 2542 674 2566 summum
692 2531 768 2566 vir—

111 2585 200 2620 tutis
220 2583 373 2632 gradum
406 2588 638 2635 pervenistis,
663 2598 768 2636 prae-

112 2643 164 2676 ter
183 2653 293 2678 omnes
314 2642 491 2687 eminetis,
517 2650 561 2679 ut
579 2644 770 2693 interpre-

113 2703 215 2733 tatur
252 2696 563 2748 SchweighanS.
594 2701 635 2736 in
674 2701 770 2737 Lex.

114 2752 321 2803 Herodot.,
358 2755 477 2793 citans
508 2757 650 2794 similes
669 2757 773 2794 locos

114 2809 306 2858 vn‚134.
331 2813 395 2852 13.
417 2813 650 2854 9.16.237.
672 2813 774 2862 vm,

766 676 776 693 ‚
805 639 932 693 τόξα,
961 640 1032 683 καὶ
1064 639 1193 697 αἰχμή
1224 639 1408 698 βραχέα·

816 828 908 867 111.
934 848 980 854 —-
1014 828 1090 863 Pro
1112 821 1265 866 αὐτέων
1287 824 1376 863 dedi
1398 821 1468 865 αὕ-

810 886 904 922 τῶν.

866 935 958 988 τόξα
969 938 1036 979 καὶ
1051 936 1171 990 αἰχμή
1186 938 1351 991 βραχέα]
1373 939 1470 990 βρα-

810 995 900 1048 χέα,
930 1004 973 1034 ut
999 1004 1101 1034 recte
1133 998 1285 1033 monuit
1304 997 1471 1034 Wessel.

811 1053 948 1091 dicitur
975 1055 1116 1090 Ionum
1143 1067 1252 1090 more
1282 1066 1352 1104 pro
1375 1054 1472 1105 βρα-

807 1109 875 1162 χέη
904 1110 920 1161 (
938 1110 984 1148 de
1015 1123 1091 1163 quo
1112 1111 1162 1148 cf.
1181 1112 1408 1147 Buttmann.
1430 1110 1471 1145 in

809 1170 1023 1205 Grammat.
1062 1169 1156 1204 mai.
1197 1169 1216 1203 I
1246 1180 1336 1219 pag.
1377 1166 1474 1207 252.

808 1225 953 1263 Herod.
983 1226 1051 1272 111,
1088 1225 1159 1274 86)
1192 1231 1229 1261 et
1257 1224 1306 1261 ad
1326 1222 1476 1260 hastam

811 1283 924 1320 unice
955 1283 1087 1319 referri
1118 1280 1243 1318 debet.
1302 1281 1368 1317 Tu
1395 1279 1475 1316 vid.

812 1339 958 1377 Herod.
978 1340 1061 1387 VII,
1084 1341 1153 1379 61.
1174 1340 1270 1379 211.
1302 1340 1360 1374 De
1379 1338 1477 1373 Per—

813 1398 861 1435 sis
883 1402 990 1435 arcus
1010 1394 1199 1433 tractandi
1219 1402 1299 1431 arte
1322 1395 1477 1445 conspi-

815 1455 893 1492 cuis
913 1454 990 1492 vid.
1011 1454 1180 1491 Brisson.
1204 1451 1252 1489 de
1270 1465 1351 1502 reg.
1371 1452 1479 1487 Pers.

815 1513 977 1563 princip.
997 1512 1063 1558 III,
1088 1512 1154 1550 18.
1184 1510 1287 1555 Quin
1298 1510 1479 1560 ipsamo-

815 1575 1001 1606 numenta
1033 1568 1208 1614 Persica,
1267 1579 1366 1618 quae
1408 1577 1481 1601 ex-

816 1633 916 1663 stant
948 1623 1210 1662 Tschihninar
1241 1629 1279 1659 et
1309 1620 1480 1660 Nakschi

816 1685 974 1730 Pulsum,
996 1694 1095 1733 quae
1115 1681 1364 1732 antiquorum
1383 1680 1481 1715 Per-

817 1752 946 1777 sarum
982 1739 1157 1774 seruntur
1195 1735 1303 1774 sedes
1332 1736 1483 1787 praeci-

817 1809 932 1847 puae,
952 1793 1078 1831 hastas
1109 1793 1278 1831 hominis
1298 1800 1484 1830 staturam

816 1865 899 1889 non
931 1850 1161 1887 excedentes
1202 1848 1372 1901 indeque
1400 1850 1483 1885 iure

819 1909 936 1944 breves
967 1908 1015 1943 ab
1044 1905 1243 1943 Herodoto
1275 1906 1483 1956 appellatas

820 1969 1138 2000 commonstrant.
1195 1961 1283 2000 Vid.
1303 1964 1486 2012 Mongez.

820 2021 860 2056 in
899 2019 1022 2059 Mem.
1062 2018 1110 2056 de
1138 2020 1329 2056 l’Institut.
1360 2020 1411 2056 T.
1432 2019 1486 2056 IV

821 2091 860 2127 p.
882 2079 947 2117 68.
1005 2075 1068 2112 Ad
1104 2071 1346 2128 ἀναξυρίδας
1382 2077 1485 2116 conf,

821 2139 919 2170 nott.
942 2131 991 2169 ad
1010 2133 1073 2180 ΙΙΙ,
1103 2135 1170 2173 87.
1200 2154 1257 2160 —
1313 2134 1485 2184 Κυρβα-

823 2190 890 2229 σία
911 2189 1045 2226 eadem
1069 2202 1149 2226 esse
1177 2188 1350 2238 videtur,
1385 2203 1485 2242 quae

824 2247 915 2283 alibi
933 2243 1051 2299 τιάρα
1071 2253 1250 2294 vocatur,
1272 2247 1405 2298 capitis
1425 2254 1485 2284 te—

824 2311 1057 2354 gumentum
1092 2302 1196 2354 apud
1223 2305 1357 2341 Persas
1377 2317 1487 2341 com—

824 2374 957 2397 mune.
992 2360 1103 2397 Conf.
1127 2360 1266 2398 Suidas
1285 2374 1316 2398 s.
1331 2374 1370 2399 v.
1390 2356 1489 2412 κύρ-

824 2418 940 2469 βασις
972 2418 1024 2454 Τ.
1044 2419 1080 2453 ΙΙ
1100 2431 1140 2468 p.
1160 2416 1257 2458 400.
1288 2417 1486 2469 Aristoph.

824 2475 898 2511 AV·
920 2472 1002 2515 487
1034 2473 1146 2522 [462
1180 2472 1325 2523 Both.]
1359 2475 1489 2526 ibique

825 2531 958 2568 Schol.
991 2530 1177 2568 Herodot.
1206 2532 1288 2580 Vll,
1321 2534 1389 2572 61.
1421 2530 1488 2572 64.

825 2588 944 2624 Plura
979 2588 1193 2625 Brissonius
1229 2588 1256 2624 l.
1293 2589 1321 2624 l.
1360 2589 1391 2635 Ι,
1421 2586 1491 2628 46.

826 2645 1006 2695 Mongez.
1026 2645 1053 2681 l.
1080 2645 1107 2682 l.
1127 2657 1218 2695 pag.
1241 2646 1292 2685 16
1314 2645 1401 2680 coll.
1422 2646 1490 2685 78.

829 2702 898 2743 81.
914 2724 963 2729 —
987 2702 1110 2739 Paulo
1131 2701 1288 2737 inferius
1310 2699 1358 2737 ad
1374 2701 1491 2738 verba

831 2753 911 2797 (ἰπό
935 2760 1087 2809 χρυσοῦ
1105 2752 1364 2808 ἀρξαμένοισι
1388 2757 1491 2794 conf.

831 2813 1015 2852 Matthiae
1035 2816 1102 2852 Gr.
1123 2815 1190 2851 Gr.
1211 2826 1299 2865 pag.
1323 2816 1445 2856 1100.
