1834 3258
409 269 1047 312 POLYMNIA.VII.
1280 267 1369 310 557

107 386 237 443 ἤϊσαν
267 384 454 439 ἔχοντες,
485 379 726 425 ἀκοντίοισι
756 380 802 424 δὲ
835 376 1103 423 ἐπικαύτοισι
1120 376 1424 433 χρεώμενοι.95

78 454 299 510 Ξᾶρχοντα
348 452 394 495 δὲ
439 452 696 505 παρείχοντο
746 447 992 503 Μασσάγην
1029 446 1108 490 τὸν
1153 445 1368 501 Ὀαρίζου.

0 509 37 555 ’2
106 520 395 578 Παφλαγόνες
425 519 470 563 δὲ
500 517 824 573 ἐστρατεύοντο,
856 517 925 559 ἐπὶ
954 516 1034 570 μὲν
1052 518 1153 573 τῇσι
1183 516 1371 571 κεφαλῇ-
1429 514 1512 557 542

99 601 143 633 σι
172 589 340 646 ἔχοντες
364 586 528 642 κράνεα
556 586 850 642 πεπλεγμένα,
880 583 1064 634 ἀσπίδας
1094 584 1140 626 δὲ
1171 583 1366 639 σμικρὰς,
1423 567 1699 642 ἷῗὲἐιέξῗβιῖἷῗὲῃῑ,

99 656 253 713 αἰχμὰς
283 657 329 700 δὲ
360 655 414 699 οὐ
434 653 639 711 μεγάλας·
682 654 792 709 πρὸς
823 653 889 705 δὲ,
929 651 1110 696 ἀκόντια
1135 651 1208 696 καὶ
1238 652 1365 707 ἔγχει·
1423 635 1700 715 ῗῖῗῖῗὲἓέξῖζέῑῗ

97 727 239 781 ρι’δια·
269 725 368 780 περὶ
398 725 444 768 δὲ
473 723 579 775 τούς
608 721 748 774 πόδας
768 755 778 775 ,
808 721 959 765 πέδιλα
989 719 1195 777 ἐπιχώρια
1224 719 1268 770 ἐς
1297 720 1366 775 μέ·
1423 707 1465 733 ⁰⁰
1489 704 1699 741 cappadoces.

69 802 184 850 Ξσην
223 793 395 850 κνήμην
435 790 720 836 ἀνατείνοντα
761 792 917 847 Λίγυες
948 790 994 833 δὲ
1024 790 1097 833 καὶ
1128 787 1364 843 Ματιηνοὶ,

95 862 167 906 καὶ
197 863 513 916 Μαριανδυνοί
542 877 586 904 τε
616 860 690 903 καὶ
719 859 878 912 Σύροι,
911 858 991 914 τὴν
1021 856 1161 914 αὐτήν
1191 857 1390 912 ἔχοντεςΙ

98 929 381 986 Παφλαγόσι,
411 928 733 984 ἐστρατεύοντο.
796 929 840 970 οἷ
872 927 918 970 δὲ
948 926 1095 981 Σύροι
1124 921 1246 970 οὗτοι
1274 922 1362 968 ὑπὸ

64 997 306 1053 3Περσέων
327 997 621 1042 Καππαδόκαι
641 997 883 1040 καλέονται.
943 993 1255 1051 Παφλαγόνων
1285 993 1366 1050 μέν

94 1082 179 1109 νυν
208 1067 279 1110 καὶ
299 1070 706 1122 ΜατιηνῶνΔῶτος
736 1064 759 1109 ὁ
791 1066 1079 1120 Μεγασίδρου
1108 1058 1234 1119 ἦρχε·
1265 1066 1364 1105 Μα-

97 1137 350 1188 ριανδυνῶν
372 1134 418 1177 δὲ
447 1134 520 1178 καὶ
554 1133 748 1190 Λιγύων,
780 1134 852 1177 καὶ
872 1133 1057 1188 Σύρων,
1090 1131 1304 1188 Γωβρύης
1336 1129 1392 1174 ὁ5

0 1198 22 1243 3
88 1205 283 1260 Δαρείου
320 1219 366 1247 τε
400 1202 475 1247 καὶ
503 1200 810 1259 Ἀρτυστώνης.
871 1202 1042 1258 Φρύγες
1072 1200 1118 1245 δὲ
1140 1198 1362 1257 ἀγχοτάτω
1420 1210 1702 1251 Phryges‚Mace:-

1421 1245 1552 1273 donibus
1572 1246 1643 1273 olim
1661 1245 1702 1274 fi-

1419 1279 1528 1316 nitimi,
1547 1282 1686 1318 tuncqm»

37 1402 168 1454 quitur
192 1402 292 1439 Aen.
306 1403 389 1450 VII,
418 1400 498 1445 524
520 1403 607 1440 coll.
623 1404 693 1451 XI,

36 1457 131 1500 894.
143 1460 242 1496 Hinc
253 1457 431 1499 Laroher.
452 1458 602 1498 reddit:
635 1460 695 1498 des

753 1401 1014 1454 fisariandym's
1033 1403 1063 1450 I,
1083 1403 1150 1443 28.
1171 1401 1238 1449 ΠΙ,
1261 1401 1328 1440 90.
1359 1399 1419 1436 De

754 1460 889 1511 Syris,
920 1462 986 1512 qui
1019 1458 1246 1509 Cappadoces
1272 1469 1420 1494 vocan-

34 1515 179 1553 iavelots
209 1516 329 1554 durcis
348 1530 397 1554 au
408 1515 489 1567 fea.

229 1607 323 1658 cap.
343 1607 505 1646 LXXJI.

90 1684 376 1740 Παφλαγόνες]
398 1686 484 1726 Vid.
507 1689 694 1739 supralII,

31 1743 98 1783 90.
128 1745 186 1780 De
208 1757 373 1795 quorum
393 1745 510 1796 galeis
523 1743 695 1782 Larche—

30 1811 94 1837 rus
119 1801 283 1838 conferri
323 1802 405 1839 vult
442 1800 694 1853 Xenophont.

29 1856 155 1895 Anab.
181 1858 227 1906 V,
259 1856 286 1898 4
322 1859 358 1904 §.
388 1860 413 1898 6
436 1859 542 1908 [13].
573 1860 694 1896 Voces

28 1909 178 1964 κράνεα
221 1913 468 1966 πεπλεγμένα
508 1917 615 1966 attigi
645 1915 694 1953 ad

29 1970 111 2018 VII,
143 1973 195 2011 63
218 1978 256 2008 et
285 1972 400 2008 verba
430 1970 694 2019 πέδιλα-ἒς

28 2024 155 2077 μέσην
179 2023 340 2080 κνήμην
367 2023 629 2069 οἷνατείνοντα
643 2028 692 2066 ad

27 2083 109 2131 VH,
141 2086 207 2125 67.

85 2163 270 2216 Λίγυες]
320 2165 397 2201 Alii
435 2171 523 2202 sunt
552 2164 693 2216 Ligyes

27 2219 108 2267 VII,
142 2221 221 2262 165
252 2220 301 2258 ad
330 2223 517 2259 Massiliae
554 2223 692 2259 vicini-

27 2283 146 2314 tatem
172 2278 213 2314 in
242 2279 366 2315 Gallia
396 2278 626 2331 quaerendi,
648 2286 691 2316 ut

28 2341 161 2371 monet
189 2337 310 2373 Kruse
340 2337 481 2377 Hist0r‚
513 2334 630 2373 Arch.
658 2337 688 2384 Ι,

27 2393 54 2430 2
74 2402 162 2440 pag.
183 2395 249 2432 61.
308 2392 382 2438 Qui
411 2391 452 2430 h.
482 2393 508 2430 l.
538 2406 692 2430 memo—

26 2453 158 2483 rantur
176 2447 326 2499 Ligyes,
347 2449 396 2487 ad
420 2451 551 2486 Asiam
570 2451 690 2501 perti-

25 2510 121 2540 nent
141 2510 178 2540 et
198 2505 353 2556 quidem
366 2536 376 2555 ,
396 2506 595 2544 Eustathio
617 2520 689 2544 au·-

25 2567 128 2597 ctore
144 2559 193 2597 ad
210 2562 369 2614 Dionys.
395 2565 544 2614 Perieg.
565 2578 619 2602 vs.
632 2567 687 2606 76

23 2615 74 2654 ad
113 2616 360 2667 Colchidem3
399 2633 493 2657 nam
520 2622 688 2659 multum

24 2685 115 2710 sane
136 2675 342 2727 antiquitus
357 2689 425 2726 per
444 2677 574 2715 Asiam
591 2676 685 2715 haec

25 2741 116 2780 gens
160 2739 317 2769 extensa
364 2732 477 2770 fuisse
523 2733 687 2783 videtur,

28 2784 122 2824 dum
138 2788 189 2824 ,in
221 2790 399 2840 Europae
425 2797 563 2827 tractus
584 2792 689 2828 occi-

28 2839 194 2882 dentales
222 2846 463 2897 immigrarit.
519 2848 577 2883 De
601 2846 691 2885 Ma—

28 2900 131 2938 timis
148 2899 228 2942 vid.
257 2909 354 2941 nott.
375 2902 424 2941 ad
442 2904 471 2953 Ι,
492 2906 548 2945 72
576 2910 614 2942 et
642 2902 691 2941 de

752 1524 838 1565 tur,
876 1516 953 1555 vid.
988 1518 1017 1565 I,
1049 1520 1118 1558 72.
1138 1516 1184 1564 V,
1204 1513 1257 1556 49
1287 1514 1418 1566 ibique

752 1574 878 1611 allata.
935 1572 999 1610 Ad
1018 1586 1143 1621 voces,
1166 1585 1264 1625 quae
1284 1571 1420 1608 subse-

751 1638 922 1683 quuntur
941 1627 1016 1681 τὴν
1037 1625 1165 1682 αὐτὴν
1197 1627 1349 1681 ἔχοντες
1368 1626 1419 1666 cf.

751 1695 848 1726 nott.
870 1687 919 1725 ad
947 1687 1029 1736 VH,
1051 1689 1119 1728 62.

942 1778 1035 1830 Cap.
1054 1777 1235 1814 LXXIII.

811 1853 969 1910 Φρύγες
983 1855 1025 1897 δὲ
1047 1851 1251 1911 οἷγχοτᾶτω
1262 1869 1299 1893 κ.
1315 1867 1347 1892 τ.
1359 1852 1419 1903 λ.]

751 1914 914 1966 Phryges
933 1916 1068 1951 Noster
1088 1916 1367 1951 commemorat
1383 1911 1416 1958 Ι,

748 1974 894 2012 28.72.
904 1973 969 2019 111,
991 1973 1058 2011 90.
1080 1971 1154 2016 Qui
1172 1968 1291 2006 iidem
1312 1965 1418 2020 quod

748 2027 891 2078 Bryges
910 2029 1003 2065 olim
1015 2027 1139 2064 vocati
1153 2033 1253 2073 sunt,
1274 2038 1324 2061 ex
1332 2025 1420 2061 Eu-

748 2097 843 2135 ropa
863 2086 902 2121 in
923 2085 1056 2122 Asiam
1084 2083 1326 2134 transgressi,
1351 2094 1416 2118 re-

747 2141 875 2179 ferunt
903 2140 977 2179 hoc
998 2141 1047 2178 ad
1067 2139 1325 2178 Macedonum
1349 2150 1417 2175 so-

746 2211 864 2247 num,
887 2212 963 2251 quo
993 2199 1188 2244 Βίλιππος
1213 2204 1251 2235 et
1279 2191 1416 2235 Βάλα-

747 2270 842 2308 κρος
879 2257 939 2293 isti
960 2255 1138 2293 dicebant
1166 2267 1235 2306 pro
1261 2253 1416 2292 Φίλιπ-

745 2349 822 2382 πος
853 2341 890 2372 et
931 2331 1166 2387 Φάλακρος,
1187 2334 1337 2371 literam
1367 2347 1414 2383 φ.

745 2405 948 2444 nunquam
968 2394 1076 2430 initio
1098 2404 1240 2430 vocum
1260 2402 1415 2441 ponen-

745 2456 800 2486 tes
813 2479 822 2497 ,
844 2456 886 2487 ut
907 2448 955 2486 ad
974 2450 1036 2498 VI,
1057 2448 1111 2490 45
1132 2450 1210 2485 iam
1232 2446 1414 2486 diximus.

745 2507 795 2543 Et
814 2513 1167 2543 co1mnemorantur
1187 2504 1350 2556 Bryges,
1371 2510 1416 2542 ut

744 2570 852 2600 notat
881 2564 1161 2614 Wesselingius
1187 2561 1290 2614 apud
1322 2562 1415 2599 Ste-

743 2619 863 2671 phan.
891 2622 1056 2673 Byzant.
1085 2633 1116 2658 s.
1149 2633 1186 2659 V.
1223 2631 1312 2670 pag·
1329 2617 1414 2660 246

744 2684 781 2714 et
821 2678 969 2715 Conon.
1003 2679 1151 2715 Narrat.
1189 2678 1225 2716 1.
1292 2672 1414 2711 Addit

743 2733 1059 2785 Schweighaeus.
1099 2730 1281 2785 Βρύγους
1309 2732 1412 2768 eius-

746 2789 836 2827 dem
856 2792 1011 2842 originis
1029 2796 1198 2840 gentem,
1219 2789 1259 2824 in
1280 2787 1412 2824 Thra-

746 2848 805 2884 cia
827 2861 925 2900 quae
944 2847 1137 2892 manserit,
1159 2851 1253 2882 teste
1283 2846 1410 2881 Hero-

747 2902 828 2943 dot.
848 2905 911 2954 VI,
934 2903 1006 2948 45,
1036 2902 1102 2940 ubi
1133 2901 1235 2940 conf.
1254 2908 1350 2941 nott.
1371 2907 1410 2940 et
