1815 3181
55 531 88 559 Id
106 533 249 561 timentes

54 566 168 601 Sparta
171 567 200 594 ui
219 570 298 596 eum·

55 599 169 632 deprec
155 609 210 627 cna
214 606 273 637 tur,
290 598 327 630 'ut

51 634 164 661 redeat
174 642 328 671 regnoque

53 665 133 693 denu
117 675 153 694 uo
169 666 219 694 fun

51 699 231 741 Βρξειειιξί
237 703 329 730 uicdit

50 742 111 760 1111
115 742 188 762 nsau
171 744 261 767 uuam,
279 744 327 763 se-

51 775 110 803 que
130 769 175 802 i·1p
179 777 196 796 e
220 769 310 797 foede

48 804 98 828 tru
102 801 203 829 υἷι-ἰαί
224 805 268 830 ciu
274 811 308 830 us

49 835 93 861 rei
86 836 203 862 :alia
193 838 284 872 vulgo

48 876 121 940 ἓξὲξ
125 877 153 928 ,ζ’
160 870 324 935 ἃῐῖῗᾶΑΑ,
379 881 501 930 τέων,
523 879 724 935 ἐνέχραυε
745 880 787 932 ές
806 880 854 924 τό
878 881 1116 936 πρόσωπον
1134 881 1182 926 τὸ
1207 887 1442 938 σκῆπτρον.
1471 887 1644 927 ποιεῦν-

47 935 93 973 gis
119 936 152 962 fe
156 940 201 963 rt·
186 946 228 964 r
267 940 319 965 Ar-

47 976 184 1041 {beoffism
197 971 262 1041 ‹¹3qu
255 982 286 1034 ι)ἒξ

46 1035 113 1063 sita.

205 673 325 703 ngau.tr

390 227 473 265 332

791 229 1250 269 HERODOTI

361 336 442 379 46&
470 334 601 391 ἄγκος
640 335 935 392 αἵμασιῆιτις
962 338 1153 390 περιθέει
1184 339 1354 394 κύκλος.
1403 343 1430 400 ἦ
1472 344 1517 387 δὲ
1549 345 1648 388 Νώ-

386 420 567 459 νακρις,
600 402 647 445 έν
674 405 727 460 τῇ
765 402 792 459 ἡ
821 404 934 461 πηγή
969 405 1079 462 αὕτη
1106 409 1305 464 τυγχάνει·
1334 411 1486 466 ἐοῦσα,
1526 410 1650 463 πόλις

262 469 326 516 75
385 471 472 515 ἐστὶ
500 474 573 526 τῆς
597 467 826 526 Ἀρκαδίης
854 473 966 528 πρὸς
1001 477 1160 533 Φενεῷ.

1221 477 1454 530 Μαθόντες
1485 480 1531 522 δὲ
1560 484 1647 522 Λα-

389 536 658 594 κεδαιμόνιοι
690 540 935 594 Κλεομένεα
971 546 1107 586 ταῦτα
1136 544 1407 600 πρήσσοντα,
1454 551 1646 604 κατῆγον

386 605 524 650 αὐτὸν
580 607 796 658 δείσαντες
843 609 911 652 ἐπὶ
960 615 1074 654 τοῖσι
1126 611 1296 656 αὑτοῖσι
1341 614 1384 665 ἐς
1431 615 1645 671 Σπάρτην
1657 624 1702 657 50

357 680 500 718 Ξτοῖσι
539 674 612 717 καὶ
649 673 868 730 πρότερον
907 671 1020 733 ἦρχε.

1078 680 1359 725 Κατελθόντα
1400 682 1445 725 δὲ
1493 680 1641 733 αὐτὸν,

387 741 542 787 αὐτίκα
570 741 759 799 ὑπέλαβε
788 746 920 801 μανίη
949 750 1132 800 νοῦσος,
1173 746 1300 791 ἐόντα
1330 749 1403 791 καὶ
1430 748 1644 803 πρότερον

382 810 765 867 ὑπομαργότερον·
815 812 927 864 ὅκως
962 812 1046 869 γάρ
1087 830 1169 858 τεω
1212 814 1380 871 ἐντύχοι
1417 820 1642 873 Σπαρτιη-

377 963 429 990 τα
459 947 506 990 δε
537 945 673 991 αὐτόν
702 952 859 1002 ταῦτα,
902 951 976 994 καὶ
1012 952 1443 1008 παραφρονήσαντα,
1482 951 1643 1009 ἔδησαν
1656 958 1698 991 55

319 1156 409 1181 vero
427 1157 530 1192 saxa,
553 1141 748 1196 de³quibus
768 1159 868 1198 aqua
883 1148 980 1184 alte-

319 1201 395 1237 rius
425 1201 539 1238 fontis
560 1203 756 1253 praecipiti
776 1217 888 1241 cursu
909 1203 980 1241 de-

318 1258 468 1305 labitur,
481 1260 636 1308 nigrum
651 1258 874 1310 adspectum
889 1274 978 1298 cum

316 1315 433 1365 vulgo
454 1316 672 1366 praebeant,
699 1315 789 1353 hinc
809 1318 884 1354 loci
903 1331 978 1355 no-

316 1384 407 1407 meu
444 1386 547 1409 nuuc
578 1373 698 1409 fertur
725 1373 920 1411 Mavroner
945 1388 975 1412 s.

316 1427 546 1467 Mavronero.
583 1430 696 1466 Vicus
716 1431 813 1467 fonti
840 1433 974 1482 proxi-

314 1497 400 1522 mus
420 1499 522 1523 nunc
543 1487 752 1537 appellatur
774 1486 886 1525 Solos.
916 1511 973 1516 ——

315 1538 435 1592 ἄγκος
465 1550 519 1580 est
543 1544 670 1590 vallis,
718 1544 813 1581 locus
849 1559 973 1583 conca-

312 1611 396 1646 vus,
438 1612 574 1638 cavum.
632 1601 769 1651 Attigit
797 1601 972 1639 Eustath.

311 1655 392 1692 l.1.
426 1656 609 1723 SuidasJ
640 1671 679 1708 p.
708 1659 786 1697 29:
830 1655 972 1711 ἔγκος’

311 1710 471 1761 υψηλός
489 1716 562 1752 τοῦ
581 1709 700 1762 ὅρους
727 1709 857 1763 τόπος.

370 1767 419 1808 έι
439 1771 489 1824 τῇ
509 1786 534 1820 η
559 1766 866 1823 πηγη-ἕοῦσα]
889 1773 971 1809 Eo-

311 1824 400 1861 dem
429 1834 540 1876 pacto
561 1839 673 1877 supra
695 1826 746 1866 ἐν
770 1827 820 1868 δὲ
841 1825 964 1882 ταύτῃ

312 1883 361 1932 τῇ
379 1879 493 1922 πόλει
521 1881 604 1934 λέγε
590 1899 669 1922 ται
696 1880 797 1924 εἶναι
824 1901 860 1924 κ.
879 1901 911 1923 τ.
931 1888 965 1924 λ.

311 1939 384 1975 Ubi
413 1938 455 1979 ἐν
485 1940 587 1977 valet
604 1942 734 1988 iuxta,
756 1942 805 1979 ad
835 1944 964 1980 urbem.

311 1995 397 2032 Vid.
429 1995 597 2033 Fischer.
638 1995 686 2033 ad
718 1999 775 2035 W
778 2000 881 2036 eller.
912 2001 967 2036 ΙΠ

305 2064 394 2103 pag.
420 2056 497 2094 139
514 2067 593 2105 seq.
650 2055 751 2091 Nam
770 2057 966 2105 Nonacris,

307 2108 356 2145 ad
386 2110 491 2146 cuius
512 2108 696 2147 ditionem
725 2119 826 2150 certe
845 2115 966 2163 perti-

305 2166 390 2202 nuit
408 2165 492 2202 fons
505 2195 514 2213 ,
535 2165 723 2215 nonnihil,
744 2176 787 2206 ut
806 2171 964 2206 monui-

302 2234 408 2269 mus,
438 2221 598 2260 distabat
618 2237 639 2260 a
660 2223 830 2266 Pheneo.
862 2228 962 2264 Hinc

303 2277 405 2346 apud
437 2280 601 2316 Pausan.
632 2281 731 2327 VIII,
761 2285 809 2323 18
842 2283 879 2328 §.
909 2285 958 2323 2:

303 2331 344 2374 τὸ
366 2332 408 2374 δὲ
436 2332 547 2387 ύδωρ
578 2351 621 2375 το
656 2333 732 2378 οἷπὸ
761 2354 830 2378 του
862 2354 961 2404 κρη-

302 2394 406 2442 μνοῦ
427 2396 498 2432 τον
522 2389 659 2443 napo}
698 2392 790 2445 τὴν
823 2392 960 2434 Ναύ-

301 2463 492 2501 κραριν
515 2445 696 2496 στάζεικ.
717 2466 747 2489 τ.
771 2454 803 2489 λ.

355 2502 453 2556 πρὸς
477 2507 628 2559 Φενεῷ]
662 2507 798 2558 Attigit
819 2508 956 2546 Suidas

298 2576 328 2598 5.
359 2575 394 2598 v.
421 2559 565 2608 Φενεός
594 2563 644 2599 Τ.
664 2565 717 2600 ΠΙ
746 2578 833 2615 pag.
855 2566 952 2606 591.

299 2617 471 2658 Eustath.
504 2617 553 2656 ad
580 2620 624 2657 11.
656 2634 695 2671 p.
731 2623 824 2669 985,
860 2625 902 2662 11
929 2637 957 2659 s·

301 2678 395 2723 976,
427 2679 493 2717 33.

493 2734 585 2784 Cap.
605 2733 762 2771 LXXV.

354 2787 419 2827 ἐπὶ
439 2793 541 2828 τοῖσι
562 2786 739 2840 αὐτοῖσι]
763 2791 864 2835 (3121,
883 2792 951 2831 141

302 2845 381 2882 init.
402 2845 530 2898 ibique
552 2854 646 2884 nott.

1092 1146 1265 1198 ὑπέλαβε
1285 1147 1407 1198 μανίη
1427 1148 1601 1196 νοῦσος]
1623 1149 1696 1185 At-

1035 1204 1105 1254 tigi
1124 1203 1172 1241 ad
1193 1205 1257 1251 VI,
1279 1206 1346 1244 27.
1384 1206 1548 1242 Pausan.
1567 1205 1633 1252 111,
1653 1204 1693 1252 4,

1034 1264 1082 1302 2:
1117 1259 1348 1311 Κλεομένην
1371 1260 1413 1300 δὲ
1424 1258 1589 1311 ὕστερον
1599 1257 1692 1300 τού-

1034 1332 1113 1356 των
1149 1316 1336 1368 ἐπέλαβεν
1368 1316 1396 1368 ἦ
1427 1314 1586 1368 τελευτὴ
1616 1333 1695 1366 μα-

1033 1372 1164 1413 νέντα.
1223 1375 1281 1410 De
1303 1386 1398 1411 voce
1417 1369 1693 1425 ὑπομαργότε-

1031 1445 1101 1481 ρον
1135 1430 1237 1468 conf.
1263 1432 1329 1478 ΙΙΙ,
1360 1433 1427 1471 29.
1484 1432 1543 1468 De
1577 1431 1693 1468 Cleo-

1028 1488 1150 1524 menis
1170 1488 1315 1524 insania
1347 1488 1473 1538 plures
1500 1487 1691 1535 dixerunt,

1030 1557 1125 1596 quos
1146 1543 1255 1582 affert
1274 1557 1296 1581 a
1331 1545 1367 1581 C
1374 1558 1404 1584 r.
1437 1546 1620 1582 excitatus
1641 1543 1690 1582 ad

1029 1599 1068 1640 h.
1090 1602 1117 1638 l.
1133 1600 1412 1653 VVyttenbach.
1435 1601 1483 1639 ad
1494 1599 1686 1641 Plutarch.

1028 1658 1209 1706 Moral.1,
1230 1662 1257 1699 2
1277 1671 1364 1709 pag.
1380 1659 1500 1700 1175.

1084 1713 1293 1767 ἐνέχραυε]
1333 1717 1358 1753 i.
1391 1728 1424 1751 e.
1454 1719 1625 1765 sceptrum
1654 1728 1688 1752 s.

1027 1771 1189 1808 haculum
1221 1773 1259 1808 in
1311 1771 1449 1809 vultum
1483 1772 1686 1823 infligebat,

1026 1829 1238 1877 stringebat.
1294 1830 1339 1864 Iu
1369 1828 1500 1879 glossis
1521 1827 1685 1866 reddunt

1021 1880 1229 1935 πλήττειν,
1266 1891 1331 1922 aut
1356 1886 1430 1921 alio
1461 1897 1537 1936 quo
1566 1883 1684 1922 modo

1021 1942 1148 1978 simili.
1168 1940 1345 1978 Afferuut
1355 1941 1572 1978 Herodotea
1591 1942 1684 1979 Sui-

1022 1997 1088 2035 das
1109 1999 1159 2035 T.
1171 1998 1189 2034 I
1208 2012 1247 2049 p.
1259 1997 1354 2039 744.
1382 1997 1602 2036 Eustathius
1615 1996 1682 2048 (ad

1023 2054 1156 2106 Odyss.
1187 2056 1223 2091 Π
1254 2068 1294 2106 p.
1326 2054 1446 2103 1434,
1475 2068 1505 2094 5.
1506 2048 1592 2103 79,
1613 2056 1682 2097 42

1022 2111 1070 2148 ad
1091 2112 1136 2148 11.
1162 2111 1208 2158 V,
1229 2125 1268 2162 p
1289 2110 1370 2153 579
1394 2126 1422 2150 5.
1452 2112 1548 2159 440,
1572 2114 1682 2152 met

1020 2167 1070 2205 ad
1097 2169 1142 2205 11.
1173 2169 1278 2213 XVI,
1309 2182 1348 2219 p.
1376 2171 1482 2209 1063
1504 2181 1534 2204 s·
1559 2170 1678 2214 1082,

1019 2224 1105 2272 23),
1125 2225 1190 2261 ubi
1209 2222 1401 2274 ε’νέχραεν,
1434 2222 1680 2276 quandoqui-

1019 2279 1127 2328 dem,
1148 2287 1330 2316 monente
1349 2279 1548 2326 Valcken„
1576 2279 1679 2332 apud

1017 2338 1230 2373 Homerum
1269 2338 1455 2387 reperitur
1488 2333 1597 2389 χράω
1641 2344 1679 2375 et

1014 2388 1172 2445 χραύω,
1202 2392 1276 2430 hoc
1295 2395 1450 2444 propria
1479 2393 1680 2443 stringende*

1015 2457 1209 2501 potestate.
1240 2451 1283 2488 ΙΙ.
1308 2451 1353 2497 V,
1383 2453 1474 2497 138,
1504 2451 1570 2488 ubi
1597 2449 1675 2488 vid.

1015 2505 1163 2554 Schol.,
1185 2508 1346 2543 alterum
1367 2506 1469 2558 apud
1492 2507 1674 2558 Apollon.

1016 2562 1142 2600 Rhod.
1163 2564 1210 2612 II,
1232 2566 1326 2611 283,
1347 2564 1526 2601 ubiconf.
1542 2561 1674 2602 Schol.

1072 2619 1338 2670 ἔδησαν-ἐν
1364 2619 1496 2674 ξύλῳ]
1526 2622 1584 2658 De
1603 2633 1674 2657 usu

1016 2679 1300 2728 praepositionis
1340 2676 1381 2716 ἐν
1423 2677 1585 2715 vidimus
1623 2676 1672 2714 ad

1017 2736 1044 2780 1,
1067 2737 1132 2775 66.
1192 2735 1254 2771 Tu
1287 2733 1374 2771 add.
1402 2735 1470 2782 IX,
1504 2737 1570 2782 37,
1605 2733 1670 2770 ubi

1016 2788 1166 2830 ἐδέδετο
1188 2790 1230 2830 ἐν
1250 2787 1352 2842 ξύλῳ
1370 2787 1608 2844 σιδηροδέτῳ
1621 2788 1669 2826 de

1018 2848 1140 2893 tigno,
1163 2848 1220 2883 cui
1243 2848 1369 2884 inserti
1384 2848 1588 2899 innexique
1600 2859 1668 2897 pe-
