1870 3249
336 180 1024 232 ,TERPSJCHORR
1088 180 1134 216 V.
1332 179 1390 218 89

121 296 213 341 ἔτεα
249 292 427 345 τέσσερα
469 289 602 335 οὐδὲν
647 285 806 346 ἧσσον,
856 287 963 332 ἄλλα
1002 288 1075 332 καὶ
1113 290 1300 343 μᾶλλον,
1348 284 1377 343 ἢ

0 370 59 416 56
115 365 198 419 πρὸ
226 365 317 405 τοῦ.
365 359 421 403 Ἡ
446 359 524 416 μέν
552 375 636 403 νυν
667 359 766 410 ὄψις
796 361 875 400 τοῦ
900 355 1135 412 Ἱππάρχου
1167 355 1375 398 ἐνυπνίου

119 428 173 488 ἦν
209 430 296 486 ἥδε.
355 429 401 472 ἐν
437 431 490 485 τῇ
526 426 715 483 προτέρῃ
751 425 877 469 νυκτὶ
916 429 1004 467 τῶν
1046 422 1378 477 Παναθηναίων
1436 421 1709 489 ffiffiggffissfge-

115 497 258 545 ἐδόκεε
290 496 312 541 ὁ
331 496 591 552 Ἵππαρχος,
628 493 769 550 ἄνδρα
800 495 843 537 οἱ
872 489 1104 536 ἐπιστάντα
1134 490 1269 546 μέγαν
1301 487 1710 554 καὶ7οξζξῐζθή,1ξῇξ3ξξῐῗξξν

116 566 280 613 εὐειδέα
310 566 583 608 αἰνίσσεσθαι
612 564 714 606 τάδε
743 562 796 606 τὰ
817 561 943 606 ἔπεα·

1433 557 1510 591 51⁴]
1538 557 1671 591 Hippar-

1436 590 1523 617 chum
1540 589 1696 619 Pisistrati

83 649 106 684 2
298 645 420 688 Τλῆθι
441 642 532 677 λέων
557 638 697 687 ἄτλητα
715 640 855 676 παθών
880 638 1048 683 τετληότι
1067 637 1196 683 θυμῷ·

289 699 411 743 οὐδεὶς
434 698 649 747 ἀνθρώπων
669 697 809 735 οἷδικῶν
830 698 925 733 τίσιν
947 694 1016 732 οὐκ
1036 693 1206 731 οἷποτίσει

1433 353 1600 380 Dmnnssxo
1619 359 1659 380 nn

1434 394 1533 414 lii-:Rus
1553 388 1690 414 Αττιοιει.

1434 624 1542 660 filium,
1561 623 1678 653 somnio

1438 659 1554 688 frustra
1571 658 1667 687 moni-

1438 696 1510 720 tum.

63 879 186 916 verius
212 875 510 914 Alcmaeonidae
550 874 722 913 Athenas

63 932 337 986 §tevae'qmaavy
363 932 495 986 [quod
513 932 618 970 idem
636 946 724 970 me-

65 992 136 1028 rito
157 991 339 1042 placuisse
357 990 469 1028 video
491 990 534 1028 C.
555 992 598 1027 F.
621 992 679 1026 He
701 1011 721 1015 —

64 1060 207 1084 manno
228 1046 482 1084 inLehrbuch
495 1054 565 1084 etc.
589 1048 626 1092 ξ.
644 1049 722 1086 110

62 1117 152 1155 pag.
181 1105 315 1152 208]‚
344 1105 417 1157 VI„
443 1106 543 1153 1233
582 1110 619 1140 et
648 1103 720 1139 fuit

64 1161 221 1211 Hippias
265 1161 509 1197 exacerbatus
552 1160 719 1196 fraterna

63 1217 180 1255 caede
203 1217 280 1266 [V,
302 1218 379 1266 62]
401 1223 506 1268 patre
526 1216 719 1267 fratreque

9 1268 16 1273 ²
64 1275 177 1325 longe
197 1270 549 1327 τυραννικώτερος,
570 1274 719 1310 Aristo-

65 1333 173 1381 giton
202 1337 238 1367 et
257 1330 392 1368 sodalis
421 1344 500 1368 non
521 1329 719 1367 habeban-

67 1395 128 1424 tur
156 1393 323 1433 tantmn,
353 1394 396 1424 ut
422 1394 552 1436 erant,
581 1394 720 1439 tyran-

66 1443 236 1491 nicidae,
265 1443 332 1481 sed
362 1445 478 1494 vulgo
507 1443 721 1481 laudaban-

64 1508 126 1538 tur
145 1499 317 1548 Athenis,
337 1507 537 1553 tamquam
556 1502 621 1554 qui
632 1501 720 1538 sub-

63 1558 138 1594 lata
179 1556 381 1608 tyrannide
428 1571 537 1595 suam
575 1559 720 1609 patriae

63 1612 314 1651 reddidissent
332 1615 585 1652 libertatem.“
617 1615 678 1652 Va
689 1615 721 1652 l-

63 1670 289 1719 ckenaer„
311 1672 378 1722 qui
397 1672 519 1709 multa
538 1672 611 1708 alia
631 1670 720 1708 dein

63 1728 244 1765 excitavit
257 1729 486 1777 testimonia,
500 1729 636 1781 quibus
648 1741 721 1779 pa-

63 1791 117 1821 tet
127 1785 244 1834 vulgo
259 1784 361 1835 apud
372 1786 518 1822 Atticos
529 1799 614 1822 eam
624 1786 721 1822 fuis-

62 1853 103 1878 se
143 1847 336 1891 receptam
361 1843 584 1892 opinionem
596 1871 606 1889 ‚
645 1841 721 1893 qua

64 1897 363 1947 Aristogitonem
400 1905 514 1949 atque
553 1900 722 1934 Harmo-

65 1952 173 1990 dium
184 1953 351 1990 sublatae
361 1953 570 2005 tyrannidis
580 1955 723 1990 ferrent

65 2016 249 2057 auctores,
264 2011 399 2061 quibus
419 2024 510 2048 sane
529 2009 623 2047 haec
640 2011 721 2047 laus

63 2067 224 2102 minime
246 2065 427 2115 debetur,
454 2080 576 2119 quum
602 2068 722 2103 inter-

63 2123 163 2159 fecto
184 2122 404 2173 Hipparcho
426 2123 474 2160 ad
494 2123 533 2161 id
549 2131 722 2160 tantuin—

63 2178 179 2216 modo
191 2193 414 2230 provocasse
434 2179 647 2218 videantur.
676 2182 722 2217 In

65 2249 182 2288 quam
202 2235 366 2273 eandem
385 2239 611 2274 sententiam
644 2236 722 2274 dis-

65 2300 172 2343 putat
190 2294 221 2330 I.
241 2294 418 2332 Perizon.
439 2293 488 2332 ad
503 2295 652 2332 Aelian.
673 2295 721 2332 V.
772 2293 775 2295 ’

65 2352 114 2387 H.
134 2350 204 2397 XI,
224 2352 262 2390 8.

121 2401 180 2445 ἐπ’
202 2405 287 2446 ἔτεα
311 2405 497 2459 τέσσερα]
530 2405 722 2459 „Thucy—

9 2475 12 2479 ’
67 2461 171 2500 dides
190 2463 255 2510 VI,
277 2463 329 2504 59
359 2465 520 2515 Hippiae
540 2471 624 2515 post
643 2466 722 2500 sra—

66 2520 131 2557 tris
160 2532 297 2565 necem
326 2520 571 2571 tyrannidem
609 2522 722 2558 tribus

66 2577 388 2625 anm'ster1ninat3
419 2577 582 2615 totidem
611 2578 722 2614 Plato

65 2633 104 2668 in
133 2631 350 2683 Hipparcho
382 2647 420 2684 p.
452 2637 532 2675 229
553 2636 599 2671 Β.
628 2629 724 2671 nihil

69 2688 279 2726 admodum
292 2689 476 2727 Herodoti
497 2694 648 2740 quatuor
660 2704 723 2728 an-

68 2747 120 2782 m's
143 2746 362 2794 officientes,
384 2746 500 2783 modo
515 2761 603 2784 cum
615 2747 725 2784 Dod-

69 2803 180 2840 welto
200 2803 356 2840 Annall.
377 2802 557 2855 Thucyd.
570 2817 658 2855 pag.
671 2803 726 2845 42

779 882 853 913 tres
873 874 1013 924 integri
1033 879 1071 909 et
1101 876 1255 924 quartus
1275 865 1436 904 inchoa-

778 939 838 969 tus
859 933 1021 983 Hippiae
1042 937 1205 981 tyranno
1226 932 1317 976 post&
1340 925 1438 975 Hip-

782 988 917 1040 parchi
946 988 1155 1026 violentam
1185 989 1351 1019 mortem
1379 994 1438 1017 re-

779 1047 1014 1098 linquantur.
1033 1045 1056 1064 “
1149 1040 1213 1078 We
1226 1053 1242 1076 s
1254 1054 1270 1076 s
1286 1038 1325 1076 el
1341 1040 1387 1075 in
1399 1051 1436 1087 g.

780 1104 880 1139 Hinc
914 1108 1017 1139 recte
1058 1099 1242 1149 Hippiam
1277 1094 1438 1132 Athenis

775 1160 941 1196 eiectum
972 1155 1292 1209 tyrannidemque
1328 1165 1437 1189 ever-

775 1229 858 1254 sam
879 1215 929 1252 ad
948 1227 1095 1252 annum
1115 1213 1197 1254 510
1229 1223 1262 1247 a.
1286 1208 1375 1246 Chr.
1396 1222 1436 1245 n.

775 1273 944 1310 referunt
964 1269 1157 1317 Larcher„
1178 1269 1390 1303 Hermann.
1410 1267 1438 1302 l.

776 1332 815 1378 l.‚
838 1331 914 1367 alii.
935 1352 991 1356 —-
1020 1326 1097 1379 πρὸ
1116 1327 1189 1365 τοῦ
1209 1337 1298 1361 cum
1319 1323 1437 1360 Galsf.

778 1386 868 1425 dedi
896 1399 965 1437 pro
994 1385 1169 1435 προτοῦ,
1201 1381 1438 1418 coniunctim

776 1451 819 1482 ut
840 1445 934 1482 olim
957 1442 1129 1480 ferebant
1150 1437 1348 1476 editiones.

1006 1567 1100 1618 Cap.
1120 1564 1219 1603 LVI.

825 1667 881 1709 H‘
895 1666 966 1721 μέν
976 1684 1051 1708 νυν
1064 1664 1306 1718 &liugn-[L]
1323 1663 1440 1701 Aliud

776 1728 972 1765 somnium
990 1726 1105 1763 refert
1128 1721 1324 1761 Plutarch.
1382 1722 1441 1757 De

779 1784 820 1823 S.
842 1786 889 1821 N.
910 1784 956 1820 V.
990 1795 1079 1834 pag.
1100 1781 1182 1823 555
1202 1782 1250 1817 Β.
1270 1801 1326 1806 —
1382 1778 1441 1814 De

776 1838 1142 1878 Panathenaeorum
1184 1837 1304 1883 festo,
1363 1847 1441 1886 quo

777 1894 1019 1947 Hipparchus
1040 1895 1087 1932 ab
1099 1893 1303 1931 coniuratis
1321 1891 1443 1927 inter-

781 1954 899 1990 fectus
924 1958 978 1989 est
998 1958 1094 1988 teste
1126 1947 1358 2001 Thucydide
1379 1948 1442 1995 VI,

779 2008 833 2050 54
845 2008 1090 2061 seqq.‚multa
1102 2007 1255 2058 collegit
1267 2003 1440 2043 Schultz.

777 2067 922 2116 Appar.
952 2066 1070 2102 critic.
1100 2065 1199 2114 pag.
1239 2065 1308 2104 29.
1382 2063 1440 2097 De

777 2136 850 2160 usu
862 2123 968 2160 verbi
982 2122 1126 2168 δοκεῖν,
1140 2120 1207 2156 ubi
1220 2118 1267 2156 de
1277 2119 1436 2156 somniis

777 2192 903 2216 sermo
917 2208 927 2227 ‚
974 2178 1120 2216 consul.
1159 2173 1439 2228 Wyttenbach.

778 2235 827 2274 ad
846 2234 1039 2273 Plutarch.
1059 2236 1156 2271 Mor.
1176 2235 1195 2270 I
1214 2246 1303 2284 pag.
1325 2232 1421 2273 512.

840 2295 970 2344 Τλῆθι
993 2291 1094 2331 λέων
1117 2287 1262 2341 ἄτλητα
1282 2289 1440 2337 κ.τ.λ.]

778 2351 912 2387 Exstat
938 2348 1012 2386 hoc
1034 2349 1269 2399 epigraimna
1297 2347 1336 2382 in
1357 2346 1442 2381 An-

778 2405 926 2456 tholog.
956 2406 1186 2442 CCCCLVH
1213 2418 1250 2454 p.
1278 2403 1359 2443 215
1389 2403 1440 2438 Τ.

778 2465 830 2501 IV
850 2464 994 2500 Iacobs.
1027 2459 1230 2512 (Brunck.
1251 2460 1442 2496 Analectt.

781 2521 832 2557 T.
863 2521 917 2557 III
943 2534 982 2570 p.
1013 2518 1147 2567 248),
1180 2518 1247 2554 ubi
1266 2529 1335 2567 pro
1357 2510 1440 2554 α’δι-

779 2579 861 2616 κῶν
871 2577 958 2614 libri
968 2576 1141 2626 impressi
1154 2570 1202 2613 οἶδ
1206 2574 1316 2620 ι’κων,
1339 2570 1442 2623 quod

780 2633 884 2671 idem
909 2633 1151 2670 Florentinus
1177 2644 1220 2668 ac
1249 2630 1442 2666 Parisinus

780 2691 875 2728 liber
903 2691 997 2726 alter
1026 2690 1064 2725 in
1100 2686 1294 2724 Herodoto
1330 2683 1442 2721 exhi-

780 2749 894 2794 bent3
916 2747 1041 2783 minus
1063 2751 1163 2781 recte
1184 2741 1269 2780 mesi
1292 2755 1339 2779 ex
1353 2755 1442 2778 sen—

781 2805 912 2841 tentia.
971 2801 1297 2846 Patonoinasiam,
1326 2811 1443 2851 quam
