1834 3258
560 212 864 249 ERATO.
923 213 1002 251 VI.

160 325 257 380 πίης
284 323 336 377 τῇ
365 321 489 376 μητρὶ
514 323 566 377 τῇ
596 320 763 364 ἑωυτοῦ
784 323 1126 376 συνευνηθῆναι’
1158 319 1417 375 συνεβάλετο
1475 319 1555 362 488

1337 212 1420 251 3ἴῖ

163 388 222 436 ὧν
250 390 296 433 ἐκ
327 392 407 432 τοῦ
438 386 640 444 ὀνείρου,
676 387 900 431 κατελθὼν
930 389 971 439 ἐς
1000 388 1076 439 τοὶς
1100 387 1305 445 Ἀθήνας,
1351 389 1422 431 καὶ

163 456 499 511 ἀνασωσάμενος
527 455 606 512 τὴν
635 455 795 514 ἀρχήν,
849 455 1118 512 τελευτήσειν
1148 456 1194 499 ἐν
1223 460 1275 514 τῇ
1305 456 1417 500 έωυ-

160 528 239 569 τοῦ
267 522 459 580 γηραιός.
489 524 538 567 ἐκ
557 525 636 580 μὲν
658 524 711 581 δὴ
742 529 816 581 τῆς
836 522 962 576 ὄψιος
991 524 1252 580 συνεβάλετο
1272 529 1420 569 ταῦτα.

131 593 272 637 3Τότε
311 592 356 636 δὲ
399 590 733 648 κατηγεόμενος,
774 597 903 637 τοῦτο
936 592 1037 648 μὲν,
1076 592 1130 635 τὰ
1165 591 1422 649 ἀνδράποδα

159 661 211 706 τὰ
248 660 291 713 ἐξ
325 659 539 716 Ἐρετρίης
581 659 769 717 άπέβησε
807 660 849 711 ἐς
887 660 966 716 τήν
1005 664 1143 717 νῆσον
1182 660 1262 716 τήν
1306 665 1479 705 Στυ-ὅο

157 728 292 784 ρέων,
322 727 587 785 καλεομένην
617 728 662 772 δὲ
694 730 935 784 Αἰγίλειαν·
974 733 1104 772 τοῦτο
1135 729 1200 780 δὲ,
1234 747 1423 786 καταγο-

157 798 289 853 μένας
328 797 370 847 ἐς
410 795 489 840 τόν
528 800 797 852 Μαραθῶνα
841 798 916 849 τὰς
946 797 1045 848 νέας
1083 796 1237 853 ὅρμιζε
1278 794 1423 850 οὗτος,

130 865 373 922 4ἐκβάντας
404 879 449 907 τε
479 864 521 915 ἐς
548 867 630 921 γῆν
658 865 762 917 τούς
798 865 1056 921 βαρβάρους
1090 865 1297 909 διέτασσε.
1349 869 1423 910 καί

159 936 202 978 οἱ
231 936 369 977 ταῦτα
400 932 594 976 διέποντι
611 933 772 989 ἐπῆλθε
794 939 973 988 πταρεῖν
989 951 1032 977 τε
1062 935 1135 977 καὶ
1155 935 1282 990 βῆξαι
1304 935 1422 991 μεζό-

157 1017 245 1051 νως
274 998 301 1055 ἢ
333 999 391 1051 ὦς
419 1000 563 1045 ἐώθεε.
604 998 676 1044 οἷα
705 1002 750 1045 δέ
782 1003 826 1045 οἱ
854 1001 1133 1059 πρεσβυτέρῳ
1165 1001 1304 1056 ἐόντι,
1334 1008 1423 1048 τῶν

160 1066 356 1111 ὀδόντων
391 1069 435 1111 οἱ
466 1071 648 1119 πλεῦνες
687 1068 899 1112 ἐσείοντο·
937 1068 1106 1113 τούτων
1137 1065 1199 1113 ὦν
1229 1070 1306 1114 ἕνα
1334 1076 1423 1115 τῶν
1435 1081 1480 1115 55

131 1135 360 1180 ὅόδόντων
396 1133 596 1190 ἐκβάλλει
631 1134 719 1180 ὑπὸ
760 1138 857 1193 βίης
894 1136 1040 1194 βήξας.
1091 1138 1348 1190 ἐκπεσόντος
1378 1141 1424 1183 δὲ

158 1203 203 1256 ἐς
240 1203 321 1263 τήν
355 1201 536 1259 ψάμμον
575 1201 738 1259 αὐτοῦ,
787 1204 976 1250 ἐποιέετο
1023 1206 1191 1262 πολλὴν
1225 1207 1425 1264 σπουδήν

104 1417 193 1453 ferri
212 1417 294 1455 vult
304 1416 487 1469 Sophocl.
507 1420 547 1455 in
561 1417 656 1456 Oed.
667 1417 762 1469 Tyr.

109 1475 215 1514 1000
236 1481 273 1511 et
300 1476 512 1515 Burmann.
543 1483 657 1528 atque
688 1476 764 1512 Ca-

103 1530 262 1568 saubon.
284 1530 332 1568 ad
349 1532 509 1570 Sueton.
531 1533 635 1571 Caes.
658 1535 697 1572 7.
712 1555 761 1559 —

102 1587 162 1622 De
205 1589 384 1626 orationis
432 1597 623 1627 structura
662 1588 764 1625 conf.

102 1642 239 1681 Matth.
272 1646 339 1683 Gr.
372 1647 437 1684 Gr.
477 1659 566 1697 pag.
594 1648 689 1687 880.
710 1666 766 1672 —-

102 1700 274 1738 Verbum
307 1701 607 1755 συμβάλλεσθαι
639 1703 766 1750 (conii-

105 1758 207 1807 ccre)
239 1760 346 1809 attigi
363 1759 412 1797 ad
430 1762 460 1807 Ι,
484 1763 550 1801 68.
607 1758 671 1796 Ad
685 1759 766 1795 for-

103 1827 210 1851 mam
231 1811 405 1866 άπέβησε
426 1817 623 1866 (deposuit,
656 1816 766 1853 deda-

104 1871 188 1921 xit)
217 1871 264 1908 cf.
285 1872 420 1911 Matth.
440 1886 529 1924 pag.
550 1872 646 1913 439.

165 1926 205 1973 ἐς
229 1925 301 1976 τήν
319 1932 446 1980 νῆσον
471 1926 544 1979 τήν
566 1926 766 1979 Στυρέων,

108 1983 350 2035 καλεομένην
384 1983 427 2025 δὲ
442 1985 677 2037 Αἰγίλειαν]
708 1986 767 2021 De

106 2040 229 2077 insula
261 2041 407 2090 flagicia
448 2044 512 2079 vix
542 2043 651 2093 plura
671 2053 766 2078 con-

105 2104 217 2134 stant.
277 2099 467 2136 pertinuit
499 2100 562 2135 illa
583 2098 630 2135 ad
653 2098 766 2135 ditio-

105 2166 196 2189 nem
210 2154 461 2205 Styrensimn‚
493 2157 559 2207 qui
577 2156 768 2206 Dryopica

105 2211 220 2261 stirpe
249 2213 320 2248 orti
349 2213 388 2249 in
419 2214 601 2250 Euboeae
644 2213 767 2248 insula

106 2280 225 2318 prope
246 2268 446 2320 Carystum
474 2270 609 2306 urbem
631 2268 767 2306 condi-

108 2322 262 2373 derant,
287 2327 393 2363 cuius
414 2329 605 2364 Homerus
624 2327 767 2363 memi-

107 2380 164 2416 nit
196 2381 240 2417 11.
265 2382 448 2432 11,⁵2539.
504 2384 592 2420 Alia
622 2381 768 2420 dabunt

109 2436 246 2474 Strabo
267 2440 306 2474 X
325 2452 362 2489 p.
377 2438 472 2481 446.
489 2454 517 2479 s.
532 2439 613 2482 684
625 2441 670 2478 Β.
684 2453 765 2491 seq.

107 2494 272 2531 Pausan.
292 2495 355 2542 IV,
373 2494 439 2544 34,
461 2499 486 2537 6
515 2498 601 2543 coll,
622 2496 766 2534 Herod.

108 2551 206 2598 VIII,
237 2549 305 2591 46.
337 2553 406 2599 IX,
427 2555 495 2594 28.
541 2552 659 2605 Apud
680 2555 768 2591 Ste-

108 2605 225 2658 phan.
246 2609 340 2659 Byz.
369 2620 458 2659 pag.
481 2608 535 2650 52
555 2607 766 2661 Αἰγιάλεια

108 2672 432 2701 commemoratur
441 2666 563 2703 insula
574 2668 767 2704 inst—acre-

97 2728 187 2756 <tam
216 2729 252 2758 et
281 2722 604 2772 Peloponnesum.
662 2725 767 2769 Quae

111 2776 245 2814 eadem
281 2779 402 2814 'Melae
441 2780 489 2826 ΙΙ,
516 2783 542 2820 7
574 2781 613 2825 §.
648 2783 695 2820 11
732 2787 768 2817 et

111 2833 233 2872 Plinio
260 2837 306 2873 H.
338 2837 385 2872 N.
412 2836 475 2884 lv,
504 2839 567 2886 12,
599 2838 653 2877 22
673 2834 766 2887 (65)

819 1417 977 1466 Aegilia,
1006 1418 1093 1457 coll.
1119 1417 1211 1456 ibid.
1229 1420 1267 1465 ξ.
1291 1421 1342 1460 19
1363 1432 1393 1457 ε.
1414 1419 1483 1461 57.

819 1474 938 1526 Apud
976 1475 1180 1527 Scylacem
1206 1477 1248 1513 iu
1275 1477 1418 1528 Peripl.
1446 1478 1484 1523 §.

825 1534 904 1572 112
926 1546 965 1582 p.
987 1531 1041 1573 56
1061 1532 1183 1573 Huds.
1210 1532 1346 1570 eadem
1365 1534 1484 1586 Αἰγι-

821 1588 901 1627 Moe.
922 1588 1001 1626 Sed
1022 1597 1124 1627 recte
1142 1592 1295 1627 monuit
1305 1590 1485 1628 Tzschu-

823 1644 895 1683 cke
916 1645 965 1683 ad
988 1647 1112 1683 Melae
1141 1648 1167 1686 l.
1188 1649 1215 1685 l.
1236 1649 1277 1684 iu
1294 1655 1391 1685 nott.
1414 1663 1484 1685 ex-

823 1714 909 1753 egg.
939 1703 1026 1740 Vol.
1053 1705 1109 1740 III
1136 1706 1182 1742 P.
1212 1706 1249 1741 II
1281 1718 1370 1755 pag.
1402 1708 1482 1745 739

822 1757 923 1797 hanc
934 1760 1006 1810 Aeg
1012 1761 1111 1798 iliam
1120 1762 1281 1798 minime
1295 1774 1381 1798 eam
1392 1774 1483 1808 esse,

824 1815 873 1853 de
919 1830 995 1868 qua
1044 1817 1261 1855 Herodotus
1316 1819 1485 1870 loquitur

824 1885 1020 1924 quamque
1049 1887 1130 1910 non
1151 1873 1264 1912 valde
1295 1881 1486 1911 remotam

826 1930 872 1965 ab
904 1941 970 1965 ora
997 1930 1126 1967 Attica
1157 1937 1272 1983 atque
1291 1933 1487 1969 Euboeica

824 1985 938 2022 fuisse
951 1985 1130 2024 credibile
1140 1995 1207 2026 est.
1227 2009 1284 2016 —
1312 1990 1357 2025 In
1377 2002 1486 2040 seqq.

825 2043 1028 2079 articulum
1059 2042 1133 2095 τὴν
1159 2052 1247 2082 ante
1277 2048 1354 2097 γῆν
1376 2047 1485 2082 omisi

825 2113 914 2136 cum
934 2107 1092 2138 recentt.
1120 2100 1208 2139 edd.
1235 2104 1417 2154 quonlam
1437 2104 1485 2139 li-

824 2157 881 2193 bri
900 2156 1072 2208 plerique
1093 2159 1145 2195 sic
1164 2159 1360 2197 iubebant.
1384 2161 1485 2196 Mat-

823 2211 926 2250 thiae
957 2212 1081 2252 dedit:
1124 2212 1317 2268 ἒκβάντας
1350 2232 1397 2257 τε
1445 2216 1485 2264 ἐς

823 2267 916 2321 τήν
937 2273 1026 2322 γῆν.

880 2326 1032 2377 ἐπῆλθε
1055 2332 1219 2378 πταρεῖν
1252 2345 1293 2369 τε
1324 2328 1391 2369 καὶ
1410 2331 1485 2381 βῆ*

825 2384 914 2432 gon]
946 2386 972 2422 i.
994 2398 1027 2424 e.
1050 2387 1203 2435 accidit,
1233 2390 1274 2423 ut
1307 2387 1411 2425 solito
1430 2400 1485 2423 ve-

824 2441 1015 2479 hementius
1034 2446 1247 2481 sternutaret
1267 2448 1300 2480 et
1329 2445 1482 2482 tussiret.

824 2498 899 2535 Pro
931 2493 1104 2550 μεζόνως
1142 2499 1361 2538 Eustatliius
1388 2499 1482 2537 haec

825 2556 944 2593 citans
973 2555 1023 2592 acl
1052 2555 1186 2607 Odyss.
1217 2570 1256 2608 p.
1281 2559 1382 2597 1831
1399 2587 1408 2605 ‚
1431 2558 1484 2597 39

821 2625 854 2656 ε,
888 2611 981 2660 647,
1014 2614 1067 2653 30
1095 2613 1204 2650 affert
1235 2615 1367 2664 μεῖζον
1377 2630 1389 2662 ,·
1421 2614 1484 2649 alii

822 2669 907 2705 libri
918 2668 1125 2706 Herodotei
1146 2668 1275 2721 μέζον.
1288 2691 1338 2696 --
1361 2672 1485 2720 „Hip-

824 2726 909 2777 piae
948 2723 1146 2777 πταρμὸν,
1196 2728 1246 2763 ait
1284 2725 1486 2773 lVessel.‚

826 2789 864 2819 et
884 2781 1039 2819 dentem
1067 2795 1270 2820 excussum
1291 2785 1486 2834 exscripsit

825 2840 864 2875 in
885 2837 1029 2877 Suidae
1048 2837 1208 2887 Ἱππίας
1217 2839 1399 2878 Aelianus
1420 2847 1485 2877 aut
