1806 3181
46 471 108 499 Mis
111 471 311 505 5⁵⁴‚ic311-uvad

46 540 91 574 H
65 492 206 567 εῗρίιιρᾱε
179 506 252 541 ae‚lt

46 575 136 602 Immo
141 577 186 600 rat
189 573 207 600 li
211 574 264 601 bus
227 549 261 567 ω
252 575 315 608 s[e.

45 608 112 641 83.].
139 607 218 634 Semi
223 612 252 634 ta
235 616 285 634 am

46 651 96 677 qui
101 650 148 681 pr
135 640 202 668 rimi
229 649 318 677 repe-

47 684 108 703 ῐθΙῚ
112 681 153 704 ut.

218 1020 317 1066 216
375 1015 545 1059 δέδεκτο
586 1015 722 1060 ἐοῦσα
762 1015 891 1060 οὐδὲν
916 1015 1083 1072 ’χρηστὴ
1136 1020 1365 1071 Μηλιεῦσι.

47 1087 123 1116 Eius
140 1089 266 1115 tractus.

357 162 439 202 768

763 162 1217 200 HERODOTI

376 267 569 324 ἀτραπόν
595 266 784 325 Ὀνήτης,
814 270 851 313 εἰ
889 272 941 328 τῇ
970 268 1088 328 χώρῃ
1117 270 1255 314 πολλοὶ
1284 271 1507 328 ὡμιληκώς
1537 273 1620 330 ε’ίη

372 335 463 382 ἀλλ’
489 336 707 393 Ἐπιάλτης
736 336 819 392 γάρ
848 336 936 380 ἐστι
967 336 989 381 ὁ
1019 337 1383 394 περιηγησαμενος
1409 341 1458 384 τὸ
1489 343 1624 395 οὐρος

215 405 315 452 215
371 405 480 450 κατὰ
517 404 596 461 τὴν
635 404 841 459 ατραπόν,
872 409 1031 449 τοῦτον
1061 408 1201 449 αἴτιον
1237 407 1406 463 γράφω.
1464 408 1624 464 Ξέρξης

377 475 434 525 δὲ,
466 473 554 516 ἐπεί
584 473 628 516 οἱ
654 470 780 527 ἤρεσε
809 471 862 515 τὰ
894 472 1100 529 ὑπέσχετο
1131 473 1392 532 ὁἘπιάλτης
1419 473 1678 530 κατεργοὲ-ὃο

375 546 549 592 σεσθαι,
588 539 744 584 αὐτίκα
771 539 1002 596 περιχαρὴς
1029 541 1260 597 γενόμενος
1297 542 1450 600 ἔπεμπε
1473 542 1625 597 Ὑδάρ-

373 624 474 660 νεα,
505 608 579 651 καὶ
608 612 697 652 τῶν
730 607 981 664 ἐστρατήγεε
1004 606 1226 666 Ὑδάρνης.
1257 610 1450 668 (ὁρμέατο
1481 610 1526 654 δὲ
1554 625 1625 653 πε-

344 677 423 730 Ξρὶ
459 675 629 732 λύχνων
667 675 783 732 ἁφὰς
820 677 867 720 ἐκ
894 679 974 720 τοῦ
1013 677 1319 732 στρατοπέδου.
1382 678 1471 734 Τὴν
1501 678 1548 720 δὲ
1579 675 1626 719 οἲ·

373 743 541 800 τραπὸν
579 743 741 801 ταύτην
780 745 956 799 ἐξεῦρον
995 745 1074 800 μὲν
1103 747 1147 788 οἱ
1175 745 1397 802 ἐπιχώριοι
1422 743 1625 801 Μηλιέες·

375 812 621 868 ἐξευρόντες
638 813 697 865 δὲ,
732 816 988 856 Θεσσαλοῖσι
1016 812 1314 870 κατηγήσαντο
1345 815 1413 857 ἐπὶ
1447 812 1626 862 Φωκέας

374 881 470 952 Ιτότε
500 881 570 924 ὅτε
608 881 652 924 οἱ
686 880 868 931 Φωκέες,
905 879 1145 936 φράξαντες
1173 883 1299 938 τείχεϊ
1325 881 1405 937 τὴν
1426 879 1624 936 ἐσβολήν,
1637 884 1680 919 85

375 952 490 1004 ἦσαν
518 948 565 991 ἐν
595 948 728 1005 σκέπῃ
767 952 848 991 τοῦ
876 948 1081 1004 πολέμου·
1119 948 1166 992 ἔκ
1194 965 1238 992 τε
1266 948 1399 992 τόσου
1429 949 1482 1004 δή
1511 963 1628 992 κατε-

1427 1017 1543 1072 ’Ὲχει
1580 1013 1627 1058 δὲ

378 1078 462 1128 ὧδε
500 1084 527 1140 ἡ
566 1082 759 1141 ἀτραπός
797 1083 919 1140 αὕτη.
978 1083 1151 1140 ἄρχεται
1180 1083 1257 1140 μὲν
1285 1081 1370 1128 ἀπὸ
1399 1086 1477 1128 τοῦ
1502 1081 1626 1126 Ἀσω-

325 1305 408 1354 alia‚
429 1306 656 1370 plerumque
678 1302 813 1340 dicitur
849 1312 874 1337 κ
895 1317 919 1341 α
941 1301 977 1340 ι’-

324 1376 431 1413 περ
472 1362 568 1401 οὐκ
605 1357 662 1399 ὢν
699 1354 893 1410 Μηλιεύς.
924 1381 975 1385 -

325 1417 387 1454 Ad
413 1431 525 1455 voces
554 1414 762 1469 ωμιληκως
783 1415 842 1466 εἰη
877 1414 979 1452 conf.

326 1475 406 1523 Vn,
422 1477 486 1515 26.

521 1563 612 1614 cap.
635 1561 781 1599 ccxv.

381 1640 473 1693 περὶ
497 1636 653 1692 λύχνων
685 1636 823 1689 ἁφοῖς]
855 1636 978 1674 Affert

327 1698 463 1736 Suidas
483 1700 633 1749 Ip.391
648 1698 816 1747 itemque
838 1696 978 1731 Gram-

325 1757 484 1792 maticus
501 1757 540 1790 iu
555 1752 793 1790 Baohmann.
806 1749 978 1787 Anecdd.

325 1814 343 1848 I
362 1826 399 1863 p.
425 1814 513 1860 169,
535 1813 600 1852 20.
640 1809 832 1847 Iudicatur
851 1814 981 1843 autem

325 1871 435 1906 noctis
444 1870 598 1915 initium,
619 1874 661 1904 ut
673 1864 819 1904 dudum
831 1864 980 1901 monuit

327 1924 527 1972 Valcken„
548 1925 666 1962 citans
689 1921 905 1959 Philostrat.
926 1922 983 1956 A-

326 1983 418 2032 poll.
437 1983 517 2018 Vll.
540 1981 604 2027 15,
624 1979 779 2017 Diodor.
800 1979 907 2025 XIX,
929 1979 979 2017 31

326 2039 418 2089 ibiq.
439 2039 671 2087 Wesseling.
692 2037 778 2074 coll.
800 2033 983 2085 Sophocl.

329 2095 434 2130 Aiae.
456 2094 550 2135 285.
606 2095 717 2131 Hisce
746 2090 983 2142 λυχναψίαν,

329 2163 407 2186 ιιιιο
437 2151 636 2198 vocabulo,
666 2164 714 2186 ex
744 2148 881 2185 Athen.
910 2147 982 2183 XV

330 2220 369 2257 p.
390 2208 472 2246 702
492 2208 537 2243 B.
558 2206 661 2243 addit
684 2202 903 2254 Schweigh.
924 2204 981 2239 Ac

329 2265 420 2300 scite
440 2262 648 2299 observavit
667 2260 799 2299 Ukert.
821 2261 983 2309 (Geogr.

331 2319 368 2356 d.
390 2320 455 2355 Gr.
475 2321 504 2366 Ι,
526 2321 552 2358 2
574 2332 612 2370 p.
636 2318 732 2366 156)
764 2330 811 2353 ex
833 2315 888 2353 his
919 2317 980 2352 lo-

331 2370 544 2412 cutic‘mibus
590 2375 848 2425 similibusque
894 2373 981 2409 satis

329 2433 488 2482 intelligi
509 2444 627 2482 posse,
649 2444 765 2483 quam
793 2442 875 2466 sero
897 2441 985 2464 om-

330 2489 422 2525 niuo
454 2489 589 2525 Graeci
625 2486 836 2525 secundum
873 2483 985 2521 horas

330 2552 479 2595 tempus
498 2546 623 2582 metiri
644 2552 680 2581 et
699 2543 864 2580 indicare
884 2540 982 2578 didi-

331 2602 462 2649 cerint,
484 2615 605 2653 quum
624 2602 744 2653 prisco
763 2612 869 2637 more
887 2605 983 2635 tem-

332 2671 401 2708 pus
422 2657 469 2694 ad
488 2659 575 2696 solis
596 2665 632 2696 et
652 2659 748 2696 coeli
766 2663 905 2694 statum
914 2653 984 2692 de-

331 2714 509 2755 finierint.

386 2765 689 2823 κατηγήσαντο]
722 2770 830 2807 conf.
849 2767 986 2806 Matth.

1033 1303 1099 1339 Gr.
1121 1304 1186 1340 Gr.
1209 1304 1245 1348 ξ.
1267 1305 1360 1349 360,
1390 1314 1422 1340 a.
1441 1314 1528 1352 pag.
1549 1299 1630 1341 674
1650 1305 1687 1337 et

1033 1365 1129 1396 nott.
1147 1359 1194 1396 ad
1213 1359 1276 1406 IV,
1300 1357 1377 1399 125
1399 1359 1484 1398 coll.
1501 1355 1686 1404 V11‚214.

1032 1417 1102 1462 lx,
1127 1414 1192 1455 15.
1217 1414 1308 1455 105.
1366 1414 1429 1451 Ad
1448 1414 1564 1452 verba
1582 1408 1687 1464 ἦσαν

1037 1471 1107 1520 (sic
1129 1471 1216 1508 dedi
1235 1484 1303 1521 pro
1325 1469 1445 1522 ἔσαν)
1482 1470 1524 1510 ἐν
1562 1468 1686 1522 σκέπῃ

1033 1529 1106 1567 τοῦ
1126 1526 1301 1578 πολέμου
1322 1527 1400 1565 vid.
1419 1535 1514 1565 nott.
1535 1526 1583 1564 ad
1603 1526 1686 1573 VII,

1037 1587 1116 1624 172
1149 1592 1186 1622 et
1206 1585 1252 1620 de
1266 1584 1429 1621 formula
1452 1583 1493 1623 ἔκ
1508 1598 1548 1623 τε
1566 1579 1687 1622 τόσου

1032 1647 1129 1678 nott.
1151 1640 1199 1676 ad
1215 1641 1259 1687 V,
1283 1642 1348 1681 88.
1376 1639 1439 1677 Ad
1458 1641 1688 1691 Plusquam-

1034 1696 1248 1746 perfectum
1285 1696 1536 1736 κατεδέδεκτο
1584 1694 1689 1732 conf·

1034 1752 1169 1790 Matth.
1187 1754 1252 1789 Gr.
1275 1753 1338 1790 Gr.
1356 1755 1393 1799 ξ.
1414 1752 1508 1794 505.
1529 1753 1592 1791 IV.
1608 1754 1688 1788 Nec

1036 1810 1143 1846 aliter
1162 1807 1480 1861 παρεσκευάδατο
1500 1810 1581 1855 VII,
1594 1810 1688 1848 218.

1035 1868 1116 1905 219
1155 1867 1221 1903 fin.
1277 1865 1340 1903 Ad
1376 1866 1692 1916 significationem

1036 1923 1138 1960 conf.
1176 1928 1273 1960 nott.
1308 1921 1356 1959 ad
1392 1924 1422 1970 Ι,
1466 1924 1559 1963 163.
1623 1921 1692 1957 Est

1036 1992 1187 2016 sensus:
1209 1978 1273 2016 Ex
1293 1992 1329 2016 eo
1352 1979 1432 2016 inde
1450 1982 1596 2028 tempore
1619 1989 1689 2027 ap·-

1033 2038 1178 2085 Ραναίί,
1209 2035 1299 2073 hanc
1327 2037 1482 2072 semitam
1503 2033 1690 2071 Meliensi-

1040 2094 1102 2129 bus
1119 2093 1211 2129 nulli
1225 2094 1308 2129 usui
1319 2092 1449 2143 fuisse,
1463 2092 1550 2137 sive,
1563 2096 1606 2126 ut
1619 2101 1689 2126 ex-

1038 2150 1171 2200 pressit
1188 2150 1341 2198 Lange·
1359 2152 1424 2186 sect
1440 2149 1500 2185 der
1511 2147 1596 2184 Zeit
1608 2146 1689 2181 aber

1038 2206 1150 2242 haben
1169 2205 1224 2242 dae
1247 2199 1374 2242 Μείἰετ
1396 2204 1513 2241 kemen
1537 2200 1689 2240 Vortheil

1038 2262 1152 2299 davon
1168 2261 1309 2310 gehabt.

1223 2350 1317 2400 cap.
1338 2349 1502 2387 ccxvl.

1098 2426 1256 2481 ἄρχεται
1284 2426 1355 2480 μὲν
1384 2424 1460 2467 ἀπὸ
1480 2429 1552 2467 τοῦ
1567 2421 1690 2465 Ἀσω-

1039 2488 1120 2525 ποῦ
1141 2487 1321 2534 ποταμοῦ
1337 2487 1409 2523 τοῦ
1435 2481 1500 2523 διὰ
1518 2485 1589 2533 τῆς
1608 2483 1690 2521 δια·

1038 2537 1189 2594 σφτὲγος
1214 2540 1390 2592 ρέοντος]
1421 2540 1507 2578 Vid.
1526 2546 1622 2576 nott.
1643 2537 1692 2576 ad

1037 2600 1118 2646 Vll,
1145 2600 1222 2638 199
1245 2606 1280 2635 et
1299 2599 1338 2634 iu
1357 2610 1460 2649 seqq.
1473 2595 1520 2633 ad
1530 2596 1692 2633 locutio-

1039 2669 1131 2692 nem
1170 2651 1323 2706 οὕνομα
1349 2657 1472 2694 κεῖται
1504 2659 1602 2693 nott.
1643 2648 1691 2688 ad

1040 2713 1224 2760 V11‚198
1256 2718 1293 2747 et
1320 2710 1367 2747 de
1395 2723 1488 2748 voce
1505 2705 1691 2749 Ἀνόπαια

1040 2766 1407 2813 Mattl1.Gr,G1-.§.
1426 2769 1507 2807 308
1537 2779 1574 2816 p,
1595 2765 1689 2804 610
