1815 3181
303 507 371 551 44

100 573 144 600 Ac
165 570 374 611 primum-qui-

101 607 180 639 dem,
201 608 281 639 (nam
298 614 323 632 ls

99 638 186 666 modo
196 642 372 673 praetextus

49 686 53 691 Α
99 672 159 700 fuit
175 672 339 704 expeditio-

99 707 170 739 nis)
199 706 306 733 Thasii
324 710 356 733 et

99 739 283 767 Macedones
300 741 369 768 sub-

99 774 234 808 figuntur.
263 774 367 802 Thaso

99 812 283 842 expugnata,
301 809 369 835 dum

98 843 204 869 classis
224 843 319 869 Athon

97 875 184 911 legit,
203 878 368 911 tempestas

98 911 262 938 vehemens
273 911 368 938 coori-

96 949 163 979 tur,
195 944 279 971 cuius
297 945 329 972 vi

95 978 248 1016 plurimae
275 985 368 1008 naves

96 1018 237 1051 pereunt.

430 231 514 271 282

827 197 1288 261 HE'RODOTI

402 335 668 391 4συνελὲχθη
705 334 785 389 μὲν
810 336 954 390 χρῆμα
989 331 1154 376 πολλόν
1189 336 1322 384 νεῶν,
1369 332 1604 388 συνελέχθη
1641 334 1688 377 δὲ

431 405 504 448 καὶ
538 403 659 455 πεζὸς
701 399 860 452 πολλός
902 398 1108 456 στρατὸς,
1159 401 1386 456 διαβάντες
1423 404 1522 456 τῇσι
1557 403 1686 457 νηυσὶ

430 472 508 515 τόν
531 468 864 525 Ἑλλήσποντον,
905 465 1169 521 ἐπορεύοντο
1209 466 1283 511 δια
1323 471 1400 524 τῆς
1436 467 1684 525 Εὐρώπης·

427 537 690 594 ἐπορεύοντο
720 536 767 580 δὲ
795 535 865 580 ἐπί
892 552 938 580 τε
964 535 1194 592 Ἐρέτριαν
1230 536 1304 579 καὶ
1339 533 1540 592 Ἀθήνας.
1598 532 1687 579 Αὖ-

431 625 500 651 ται
530 606 609 661 μὲν
641 600 701 648 ὧν
735 616 815 660 σφι
838 603 1066 660 πρόσχημα
1093 598 1206 659 ἦσαν
1233 606 1314 647 τοῦ
1342 602 1514 647 στόλου.
1562 602 1743 659 ἅτὰρ,8ο

429 676 475 718 ἐν
505 673 596 731 νόῳ
637 672 800 728 ἔχοντες
833 672 939 722 ὅσας
977 669 1034 714 ἂν
1071 673 1270 722 πλείστας
1307 670 1517 714 δύναιντο
1557 688 1686 714 κατα-

396 1087 418 1121 2
429 1081 566 1138 χείρια
600 1077 823 1136 γεγονότα.

369 1266 524 1304 quoque
542 1251 646 1289 haud
666 1253 742 1290 scio
763 1255 1028 1303 anrespicien-

371 1309 440 1346 dus
459 1310 573 1360 ipsius
589 1309 773 1346 Herodoti
791 1312 939 1347 animus
963 1324 1027 1346 re-

370 1367 506 1415 gimini
519 1367 692 1416 populari
708 1366 868 1415 deditus,
890 1366 937 1403 de
951 1380 1025 1419 quo

369 1421 535 1459 dlximus
556 1422 603 1459 ad
625 1423 670 1469 V,
688 1425 752 1462 65.
775 1425 842 1463 78.

424 1481 556 1529 χρῆμα
573 1476 731 1527 πολλὸν]
755 1479 838 1520 vid,
850 1481 914 1527 ΠΙ,
929 1482 1023 1520 130,

367 1535 433 1581 IV,
455 1538 521 1575 81.
552 1537 645 1572 Mox
658 1549 746 1572 cum
762 1543 918 1574 recente.
937 1535 1026 1572 dedi

367 1588 513 1638 πολλὸς
532 1589 695 1642 στρατός
705 1605 772 1643 pro
786 1594 890 1643 vulg.
907 1605 1025 1644 στρα-

366 1644 433 1694 τός
456 1646 610 1693 πολλός.

425 1703 490 1743 ε’πί
515 1719 555 1742 τε
574 1700 774 1754 Ἐρέτριαν
799 1704 867 1744 καὶ
890 1701 1025 1756 Ἀθή-

364 1761 455 1808 vag]
488 1761 553 1796 Tu
571 1761 647 1799 vid.
667 1763 712 1808 V,
735 1764 801 1802 99.
850 1764 1024 1813 Namque

365 1816 440 1853 hae
461 1818 629 1854 civitates
658 1819 898 1868 Aristagorae
918 1820 1024 1855 Ioni-

365 1875 512 1924 busque
532 1875 733 1912 rebellibus
746 1876 933 1912 auxilium
946 1877 1024 1912 mi·-

367 1937 507 1970 serant.

572 2009 664 2061 cap.
680 2011 815 2051 XLIV.

423 2096 628 2149 πρόσχημα
657 2093 792 2150 ἦσαν]
824 2101 932 2137 Conf.
957 2102 1021 2149 IV,

370 2158 448 2196 167
468 2156 598 2206 ibique
617 2163 712 2192 nott.
733 2151 838 2207 ἦσαν
857 2157 943 2194 dedi
952 2171 1021 2208 pro

366 2210 473 2259 ἕσαν,
511 2219 554 2248 ut
588 2213 748 2262 saepius.
825 2213 888 2250 Ad
916 2227 1021 2265 seqq.

365 2268 482 2305 verba
516 2263 613 2314 ὅσας
648 2265 701 2306 ἂν
739 2269 921 2314 πλείστας
949 2268 1023 2308 δύ-

366 2339 503 2363 ναιντο
524 2324 625 2363 conf.
646 2323 780 2363 Matth.
809 2327 872 2363 Gr.
897 2326 962 2363 Gr.
982 2340 1023 2376 p.

370 2383 492 2420 1026.
521 2382 616 2421 858.
672 2383 800 2432 Atque
831 2383 944 2418 etiam
975 2384 1022 2419 G.

366 2438 577 2473 Hermann.
609 2437 767 2487 Opuscc.
797 2438 849 2474 lv
882 2438 1019 2488 p-151

364 2493 405 2529 in
427 2493 609 2543 exemplis
629 2495 784 2544 optativi
800 2495 838 2529 iu
855 2495 1024 2530 oratione

365 2549 521 2601 obliqua
548 2562 617 2600 pro
646 2551 887 2588 coniunctim
912 2551 1024 2602 positi

365 2604 406 2644 h.
427 2606 453 2642 l.
475 2605 596 2643 affert.

423 2657 518 2701 οὐδὲ
530 2666 661 2714 χεῖρας
673 2657 1020 2712 ἀνταειραμένους]

367 2719 392 2756 i.
422 2732 456 2755 e.
478 2721 541 2769 qui
565 2732 608 2756 ne
635 2731 761 2756 manus
781 2719 917 2768 quidem
941 2732 1022 2756 sus-

366 2775 534 2823 tulerunt,
563 2777 699 2813 minime
719 2777 920 2813 resistentes.
941 2776 1022 2811 Eo-

366 2829 456 2869 dem
474 2839 584 2883 pacto
604 2833 738 2871 Noster
752 2833 818 2882 Ill,
831 2830 922 2873 144.
940 2832 1021 2881 Vll,

426 740 689 796 στρέφεσθαι
716 744 805 782 τῶν
829 738 1092 797 Ἑλληνίδων
1130 741 1315 792 πολίων,
1354 742 1481 782 τοῦτο
1511 738 1589 793 μὲν
1618 738 1685 794 δή,

424 813 522 865 τῇσι
559 808 688 863 νηυσὶ
728 808 943 861 Θασίους,
989 805 1092 851 ου’δὲ
1126 812 1272 863 χεῖρας
1309 806 1685 862 ἀνταειραμένους,

424 874 800 930 καταστρέψαντο·
829 880 960 920 τοῦτο
990 876 1036 920 δὲ
1058 880 1118 931 τῷ
1138 879 1252 933 πεζῷ
1269 873 1546 926 Μακεδόνας,
1574 873 1685 928 πρὸς

425 950 538 988 τοῖσι
566 941 834 998 ὑπάρχουσι,
875 943 1067 995 δούλους
1110 942 1476 1002 προσεκτήσαντο·
1516 940 1570 985 τοὶ
1599 941 1684 997 γάρ

425 1013 544 1064 ἐντὸς
584 1010 862 1055 Ιηακεδόνων
904 1012 1034 1056 ἔθνεα
1073 1011 1217 1055 πάντα
1256 1023 1335 1066 σφι
1362 1006 1419 1066 ἦν
1454 1009 1537 1066 ἤδη
1575 1007 1743 1053 ὑπο-85

890 1079 961 1125 Ἐκ
999 1081 1077 1138 μὲν
1125 1080 1178 1136 δή
1221 1078 1370 1123 Θάσου
1412 1075 1689 1135 διαβαλόντες

1088 1250 1297 1354 12(1).§1413.
1317 1253 1411 1292 212.
1433 1253 1515 1293 209
1534 1251 1620 1289 coll.
1638 1251 1740 1299 VIII,

1087 1312 1107 1348 1
1216 1338 1225 1346 .
1278 1336 1288 1345 .

1138 1362 1185 1402 τοὶ
1195 1362 1270 1416 γάρ
1283 1361 1387 1410 ε’ντός
1401 1360 1649 1403 Μακεδόνων
1658 1378 1696 1402 κ.
1708 1376 1741 1402 τ.

1081 1422 1137 1469 λ.]
1158 1423 1256 1457 Hinc
1266 1422 1493 1468 sorsitanIIL
1506 1423 1558 1462 96
1568 1422 1609 1456 in
1617 1421 1742 1457 tribu·
1800 1442 1803 1445 κ

1079 1485 1209 1514 torum
1227 1490 1385 1514 recensu
1407 1484 1442 1514 et
1466 1478 1678 1514 insularum
1704 1483 1742 1514 et

1079 1536 1372 1585 Europaeorum
1382 1547 1501 1585 usque
1514 1533 1562 1570 ad
1573 1533 1742 1571 Thessa-

1080 1591 1173 1628 liam
1191 1590 1447 1628 habitantium
1478 1597 1742 1627 memorantur

1079 1649 1233 1685 tributa.
1264 1647 1329 1686 Cr.
1352 1647 1514 1684 conferri
1533 1648 1614 1684 vult
1633 1649 1742 1697 Hey-

1079 1718 1129 1741 ne
1151 1705 1310 1755 Opuscc.
1325 1703 1472 1742 Acadd.
1493 1704 1545 1740 IV
1558 1716 1646 1754 pag.
1660 1701 1740 1744 164

1079 1758 1208 1813 ibique
1228 1759 1333 1798 laud.
1359 1760 1544 1797 Herodot.
1575 1761 1658 1808 VH,
1685 1762 1738 1799 73

1081 1817 1128 1854 de
1157 1818 1346 1868 Brigibus.
1376 1814 1424 1855 vd
1455 1813 1566 1863 ἐντός
1592 1819 1736 1854 Mome-

1081 1870 1211 1913 δόνων
1261 1872 1383 1913 ἔθνεα
1418 1886 1499 1910 11011
1528 1879 1662 1923 gentes
1697 1873 1740 1908 iu

1078 1929 1305 1967 Macedonia
1321 1960 1331 1978 ,
1368 1929 1435 1967 sed
1474 1936 1606 1979 gentes
1639 1930 1739 1966 iutra

1078 1986 1348 2024 Macedoniam
1368 1993 1405 2023 et
1429 1985 1626 2024 Persidem
1659 1998 1739 2022 esse

1078 2045 1160 2081 vult
1188 2044 1231 2080 C.
1263 2044 1307 2081 Ο.
1333 2044 1481 2082 Mnller.
1521 2043 1647 2080 Ueber
1676 2041 1739 2079 die

1078 2099 1233 2138 Maked.
1247 2114 1286 2151 p.
1298 2103 1364 2141 28.
1379 2123 1429 2128 -—-
1441 2094 1494 2148 ἦν
1514 2098 1593 2151 ἤδη
1615 2113 1635 2135 e
1645 2099 1738 2135 Flo-

1078 2158 1228 2193 rentino
1250 2155 1338 2193 dedi
1357 2169 1425 2206 pro
1445 2153 1525 2206 ’ἥδ-η
1546 2149 1612 2206 ἦν,
1632 2153 1738 2206 quod

1079 2211 1262 2251 Schaefer
1282 2219 1318 2248 et
1336 2210 1471 2248 Matth.
1485 2213 1736 2248 retinuerunt.

1136 2264 1393 2319 διαβαλόντες
1422 2266 1574 2318 πέρην]
1616 2268 1641 2305 i.
1663 2281 1695 2306 e.
1718 2281 1736 2305 e

1084 2326 1201 2364 Thaso
1221 2325 1371 2361 navibus
1388 2324 1437 2361 αιΖ
1453 2327 1645 2374 oppositam
1665 2327 1737 2361 ter-

1080 2394 1158 2418 ram
1181 2383 1407 2418 continentem
1435 2382 1634 2418 transvecti.
1676 2381 1735 2417 De

1079 2451 1150 2474 usu
1170 2438 1275 2474 verbi
1296 2433 1521 2488 διαβάλλειν
1539 2438 1648 2487 plura
1663 2435 1735 2474 da-

1079 2495 1133 2531 bit
1152 2493 1318 2531 Ellendt.
1340 2494 1388 2531 ad
1414 2495 1563 2530 Arrian.
1582 2492 1735 2544 Exped.

1079 2551 1190 2589 Alex.
1211 2551 1241 2597 Ι,
1266 2553 1312 2591 11
1337 2552 1375 2596 §.
1392 2552 1457 2590 10.
1514 2550 1639 2587 Verba
1656 2546 1736 2589 ’ὑπὸ

1078 2604 1154 2658 τήν
1178 2603 1345 2657 ἤπειρον
1372 2607 1539 2657 acciple:
1577 2607 1641 2643 sub
1662 2609 1734 2643 ter-

1078 2676 1156 2700 ram
1186 2660 1411 2701 'continentem
1437 2664 1464 2700 i.
1495 2676 1528 2700 e.
1555 2662 1733 2708 vadentes,

1078 2720 1229 2769 legentes
1248 2724 1376 2758 terram
1400 2720 1638 2757 continentem.
1672 2718 1732 2756 cf.

1077 2775 1241 2816 Fischer.
1281 2775 1331 2814 ad
1362 2776 1523 2816 Weller.
1561 2776 1614 2813 111
1640 2787 1730 2827 pag.

1077 2835 1172 2875 281.
