1851 3181
440 224 527 264 554
845 223 1307 261 HERODOTI

440 329 487 373 δὲ
529 330 604 374 καὶ
644 329 876 373 Αἰθιόπων
917 336 1006 375 τῶν
1049 330 1160 388 ὑπὲρ
1206 333 1431 389 Αἰγύπτου
1470 333 1711 389 οἰκημένων

440 393 545 454 ἦρχε
569 396 798 454 Ἀρσάμης,
832 397 855 442 ὁ
893 401 1086 454 Δαρείου
1116 400 1187 443 καὶ
1204 399 1493 459 Ἀρτυστώνης
1521 405 1597 458 τῆς
1615 401 1710 446 Kv'-

444 482 530 520 ρου
559 467 804 522 θυγατρός·
835 466 918 524 τήν
946 467 1131 522 μάλιστα
1164 470 1337 524 στέρξας
1366 474 1456 513 τῶν
1483 473 1709 527 γυναικῶν

440 538 652 588 Δαρεῖος,
683 536 781 579 εἰκώ
812 535 999 592 χρυσέην
1029 537 1312 593 σφυρήλατον
1342 537 1585 593 ἐποιήσατο.
1618 541 1765 581 τῶνὸο

438 601 517 656 μὲν
546 602 598 658 δή
627 601 738 658 ὑπὲρ
754 604 982 660 Αἰγύπτου
1013 604 1243 648 Αἰθιόπων
1264 606 1336 649 καὶ
1364 604 1575 663 Ἀραβίων
1604 601 1707 662 ἦρχε

311 667 377 712 70
434 666 660 728 Ἀρσάμης.
729 674 786 718 Οἱ
819 673 866 719 δὲ
905 672 989 718 οἷπὸ
1027 672 1156 730 ἡλίου
1194 672 1443 719 ἀνατολέων
1479 676 1705 727 Αἰθίοπες,

105 728 267 763 Aethiopes
295 731 380 759 Asia—

105 763 145 789 ni.
169 764 282 797 Quibus
301 766 432 797 notis*

104 798 141 823 ab
162 798 361 834 Arthiopibus

105 830 183 858 Afris
198 831 350 860 diff-erant.

376 856 586 906 Aethiopum
633 857 887 909 appellatione
927 860 1042 910 vulgo

375 912 608 964 designetur,
631 916 747 952 altera
766 916 941 954 Arabicae
958 918 1044 953 stir-

373 971 430 1021 pis
450 971 572 1008 nribus
593 973 762 1022 palantes
784 986 827 1009 ac
853 973 1039 1012 nomades

376 1028 668 1079 complectatur.
735 1029 849 1066 Unde
883 1031 1041 1081 factum,

374 1091 417 1121 ut
445 1083 485 1121 h.
517 1084 544 1122 l.
572 1086 717 1123 Arabes
745 1094 860 1138 atque
881 1086 1044 1125 Aethio-

373 1154 440 1192 pes
475 1155 591 1192 supra
622 1143 845 1195 Aegyptum
866 1143 1043 1182 habitan-

375 1205 430 1235 tes
462 1200 702 1237 coniunctim
732 1214 1043 1238 commemoren-

374 1261 436 1291 tur
468 1269 674 1308 unumque
703 1256 946 1310 eundemque
980 1273 1042 1296 se·-

375 1319 543 1363 quantur
573 1312 726 1351 ducem.
785 1314 909 1352 Affert
937 1314 1042 1352 idem

373 1370 541 1407 Heereu.
557 1370 618 1407 1.l.
640 1371 757 1408 Iubae
777 1374 1041 1409 testimonium

374 1424 476 1476 apud
497 1427 596 1465 Pliu.
615 1429 662 1465 H.
683 1430 730 1466 N.
752 1429 805 1467 VI
827 1429 917 1479 (34)
938 1431 1039 1475 29§.

378 1484 468 1530 177,
490 1485 750 1521 recentiorum
776 1487 1041 1537 peregrinato-

372 1551 460 1575 rum
513 1540 775 1579 observatione
821 1544 1038 1593 probatum,

371 1596 448 1632 Nili
470 1598 616 1634 accolas
637 1598 727 1635 inde
742 1599 788 1636 ab
802 1600 896 1636 urbe
911 1600 1039 1649 Syene

371 1651 575 1690 meridiem
585 1668 713 1692 versus
733 1669 812 1692 non
832 1655 1040 1707 Aethiopes

373 1722 453 1746 esse
472 1708 539 1747 sed
558 1711 702 1749 Arabes
723 1711 772 1749 ad
791 1714 951 1750 Meroen
972 1727 1038 1751 us-

373 1779 447 1817 que
483 1775 688 1817 porrectos.
746 1770 929 1821 Aegyptii
967 1771 1038 1820 ipsi

371 1823 470 1859 inter
516 1825 671 1862 navales
711 1832 862 1862 tantum
906 1828 1037 1877 copias

373 1888 618 1917 recensentur
637 1883 718 1930 vll,
750 1884 816 1930 89,
845 1883 1038 1933 pedestres

373 1938 500 1988 copias
521 1938 643 1976 nullas
663 1939 879 1989 praebuisse
898 1939 1039 1978 viden-

371 1999 443 2040 tur,
474 1995 546 2030 nisi
573 1996 613 2031 in
650 1995 869 2033 Herodotea
899 2010 1037 2034 recen-

369 2050 478 2086 sione
487 2051 666 2088 lammam
683 2066 761 2090 esse
771 2060 923 2092 statuas.
955 2055 1037 2091 Po-

369 2107 441 2143 tuit
462 2120 615 2159 quoque
643 2108 737 2157 fieri,
757 2117 800 2146 ut
819 2111 1037 2161 Aegyptio-

369 2175 469 2211 rum,
491 2165 557 2215 qui
576 2164 693 2202 modo
714 2167 872 2204 rebelles
902 2168 1036 2218 proxi-

369 2232 434 2255 me
447 2227 534 2256 ante
548 2219 648 2258 hanc
670 2223 706 2257 in
720 2223 885 2260 Graecos
905 2237 1034 2260 susce-

369 2283 476 2327 ptam
529 2277 814 2328 expeditionem
875 2279 1034 2317 demum

367 2333 494 2383 pacati
523 2341 648 2379 erant,
687 2336 823 2372 animis
852 2349 920 2373 rex
953 2337 1033 2373 for-

367 2390 466 2426 sitan
512 2389 687 2428 nondum
733 2405 885 2443 prorsus
916 2394 1034 2431 confi-

369 2445 487 2486 deret.

425 2499 660 2556 Ἀρσᾶμης]
695 2505 753 2541 Ita
774 2518 794 2541 e
814 2506 1035 2544 Florentino

369 2560 527 2613 aliisque
535 2574 640 2597 nunc
654 2559 903 2610 editum‚cum
914 2563 1036 2599 inMe-

370 2615 478 2655 (liceo
500 2618 657 2670 aliisque
678 2625 800 2656 exstet
819 2614 1033 2671 Ἀρσάνης.

369 2673 450 2710 Sed
469 2675 627 2712 Arsamis
654 2687 796 2712 nomen
809 2675 973 2714 crebrius
994 2678 1032 2713 in

367 2730 570 2769 Persarum
583 2731 694 2769 rebus
704 2744 714 2781 3
725 2731 826 2784 apud
837 2732 1030 2771 Plutarch.

368 2787 444 2824 vit.
464 2789 598 2826 Artax.
620 2801 702 2839 cap.
727 2792 780 2830 30
811 2802 899 2840 pag.
924 2791 1031 2830 1026

370 2842 437 2880 fin.
457 2845 642 2898 Antigon.
662 2846 794 2883 Carist.
829 2848 920 2888 128.
950 2847 1029 2883 Po-

1100 859 1227 911 lyaen.
1258 860 1345 905 VII,
1366 861 1418 900 28
1450 867 1487 897 et
1515 858 1617 910 apud
1637 859 1762 909 ipsum

1100 916 1341 953 Herodotum
1369 917 1450 965 VII,
1492 916 1587 958 224.
1657 916 1763 961 Quae

1101 975 1224 1011 attulit
1253 974 1482 1024 Wesseling.
1539 972 1656 1023 Apud
1686 973 1763 1009 Ae-

1089 1029 1277 1082 schylum
1295 1032 1336 1067 in
1347 1032 1451 1068 Pers.
1473 1033 1542 1071 37.
1555 1032 1646 1077 308,
1668 1036 1763 1067 teste

1099 1086 1395 1134 Valckenaerio‚
1436 1088 1600 1126 Arsames
1627 1088 1766 1124 Persa-

1101 1158 1189 1181 rum
1211 1144 1303 1182 dux.
1365 1145 1538 1195 Gobryas,
1560 1157 1765 1194 germanus

1099 1203 1267 1239 Arsamis
1290 1202 1417 1250 frater,
1456 1203 1637 1253 Dariique
1665 1202 1765 1239 filius

1100 1273 1149 1295 ex
1177 1260 1384 1310 Artystone
1406 1259 1471 1307 (cf.
1497 1265 1594 1295 nott.
1628 1256 1678 1294 ad
1696 1258 1764 1307 111,

1099 1316 1170 1365 88)
1193 1322 1517 1352 commemoratur
1537 1315 1617 1361 Vll,
1631 1317 1762 1354 72.—

1096 1374 1142 1408 In
1169 1385 1276 1424 seqq.
1308 1371 1355 1408 de
1384 1372 1508 1408 forma
1544 1367 1636 1410 εἰκώ
1667 1371 1764 1409 dixit

1095 1427 1232 1466 Matth.
1254 1430 1320 1468 Gr.
1344 1430 1409 1468 Gr.
1433 1430 1471 1474 §.
1498 1431 1550 1469 89
1571 1441 1658 1479 pag·
1683 1431 1762 1470 192

1097 1493 1135 1523 et
1165 1485 1332 1523 Fischer.
1366 1485 1414 1522 ad
1435 1487 1596 1523 Weller.
1618 1487 1652 1521 ΙΙ
1670 1497 1761 1536 pag.

1099 1541 1193 1583 174.
1245 1543 1372 1588 Quare
1391 1544 1473 1580 sine
1493 1544 1572 1579 ulla
1593 1543 1762 1579 necessi-

1096 1606 1172 1635 tate
1182 1599 1407 1647 Larcherus‚
1431 1601 1590 1650 Gregor.
1605 1598 1652 1636 de
1660 1599 1762 1637 Dial.

1093 1658 1176 1695 Ion.
1207 1658 1245 1702 ὃ.
1276 1659 1329 1698 35
1359 1671 1398 1707 p.
1437 1655 1518 1697 427
1539 1659 1762 1694 auctoritate

1097 1720 1325 1761 commotus,
1348 1714 1501 1749 rescribi
1520 1714 1602 1750 vult
1624 1714 1761 1753 εἰκοῦν

1096 1772 1285 1820 χρυσοῦν.
1315 1791 1372 1796 —
1405 1768 1468 1806 Ad
1496 1783 1634 1807 vocem
1655 1783 1762 1819 σφυ-

1096 1822 1268 1878 ρήλατος
1298 1826 1392 1863 conf
1406 1833 1490 1863 nott
1511 1825 1559 1863 ad
1578 1828 1607 1875 Ι,
1631 1827 1698 1868 50.
1719 1826 1760 1867 ἕ-

1095 1879 1290 1933 ποιήσατο
1313 1890 1389 1920 est:
1420 1883 1631 1934 faciendum
1649 1897 1758 1922 cura-

1095 1941 1159 1987 vit,
1180 1947 1223 1978 ut
1242 1941 1404 1992 saepius.

1302 2031 1394 2082 Cap.
1414 2032 1541 2069 LXX.

1150 2109 1192 2149 οἵ
1219 2107 1262 2149 δὲ
1295 2106 1378 2150 cino*
1397 2109 1515 2162 ’ἡλίου
1533 2104 1759 2149 ἀνατολέων

1095 2165 1294 2213 Αἰθίοπες
1315 2182 1353 2206 κ.
1369 2182 1402 2206 τ.
1424 2169 1478 2216 λ.]
1511 2165 1614 2214 διξοὶ
1635 2166 1757 2217 pluri-

1091 2224 1161 2260 bus
1199 2224 1292 2260 locis
1320 2226 1456 2261 Noster
1490 2223 1586 2260 dixit
1617 2225 1758 2260 Ionum

1090 2292 1217 2327 more,
1260 2281 1485 2319 observante
1512 2278 1679 2321 Fischer,
1709 2277 1758 2315 ad

1090 2337 1252 2375 Weller.
1282 2337 1301 2372 I
1320 2350 1408 2388 pag.
1432 2335 1529 2378 204.
1575 2336 1639 2374 Ad
1650 2336 1758 2388 plus-

1091 2393 1368 2445 quamperfecti
1397 2394 1539 2431 formas
1570 2405 1758 2445 προσετε-

1092 2445 1238 2500 τάχατο
1271 2457 1307 2487 et
1343 2447 1553 2500 ἐσεσάχατο
1583 2451 1624 2487 iu
1652 2462 1758 2502 seqq.

1093 2506 1195 2544 conf.
1219 2507 1330 2544 allata
1359 2507 1408 2545 ad
1439 2508 1520 2555 Vll,
1551 2509 1606 2548 62
1646 2514 1683 2544 et
1709 2505 1757 2543 de

1092 2564 1209 2601 verbo
1220 2560 1448 2603 διαλάσσειν
1467 2564 1631 2613 (defferre
1644 2562 1756 2601 inde-

1093 2633 1168 2672 que
1207 2621 1395 2670 excellcre)
1427 2620 1585 2658 Diodor.
1617 2621 1693 2657 Sic.
1723 2621 1753 2667 1,

1091 2676 1144 2717 35
1185 2678 1313 2729 ibique
1351 2678 1581 2728 Wesseling.
1622 2679 1651 2725 1,
1686 2675 1754 2716 64.

1089 2734 1209 2782 XVII,
1242 2737 1309 2776 90.
1368 2733 1480 2780 Quod
1508 2733 1557 2771 ad
1584 2733 1657 2771 loci
1689 2743 1751 2767 ar-

1086 2797 1338 2840 gumentum,
1396 2792 1505 2828 binos
1538 2791 1616 2826 iam
1643 2787 1750 2826 novit

1086 2848 1277 2885 Homerus
1292 2845 1522 2899 Aethiopes:
