1806 3181
34 823 52 840 e
71 814 228 850 Spartanis

40 847 290 885 fhespiensibus-

35 890 93 916 que
114 890 178 908 rem
203 881 306 907 sortis-

33 916 112 943 sime
133 915 289 951 gesserint.

83 1039 91 1046 ·
203 974 302 1019 223
360 976 417 1036 ἦν
441 982 748 1042 Διθύραμβος,
773 985 1047 1044 Ἁρματίδεω.
1109 994 1328 1046 Θαφθεῖσι
1359 991 1405 1034 δέ
1436 1001 1515 1046 σφι
1543 987 1624 1033 αὐ-

34 1038 304 1113 ξὲἓῑῖξῗῖἶίἷιῃῗιῖἷῗιμ-
359 1052 440 1092 τοῦ
469 1050 606 1110 ταύτῃ
635 1058 771 1112 τῇπερ
801 1055 966 1112 ἔπεσον,
996 1057 1072 1102 καὶ
1097 1063 1213 1103 τοῖσι
1244 1057 1462 1116 πρότερον
1483 1061 1623 1102 τελευ-

32 1108 306 1177 {Pitffifflssss‘hssssi‘i-

32 1180 94 1212 pta.

360 131 443 171 782
769 133 1234 174 HERODOTI

366 239 482 280 στῶν
512 234 863 293 ἀποκρύπτουσι·
901 243 1087 286 τοσοῦτό
1125 258 1167 287 τι
1197 248 1365 301 πλῆθος
1396 245 1538 290 αὐτῶν
1567 245 1624 292 εἴ·

339 311 459 350 3ναι.
516 305 594 348 τόν
624 307 681 359 δὲ,
713 305 797 351 οὐκ
825 307 1088 366 ἐκπλαγέντα
1109 310 1313 362 τούτοισι,
1346 311 1473 368 εἶπαι,
1504 315 1552 358 ἐν
1579 314 1678 358 ἆ-45

366 373 492 429 λογίῃ
513 372 776 430 ποιεύμενον
803 375 854 420 τὸ
883 381 972 421 τῶν
990 377 1164 435 Μήδων
1179 383 1371 435 πλῆθος,
1401 380 1460 434 ὥς
1488 381 1623 436 „noiv-

367 456 447 492 „w
477 451 556 496 σφι
583 440 731 498 ἀγαθὰ
758 443 784 487 ὁ
818 446 1042 500 Τρηχίνιος
1064 447 1201 498 ξεῖνος
1223 445 1432 505 ἀγγέλλοι,
1462 452 1498 493 εἰ
1519 449 1624 494 ἄπο-

337 511 681 562 4,,κρυπτόντων
708 514 797 556 τῶν
825 512 998 569 Μήδων
1026 513 1102 557 τὸν
1130 516 1278 572 ἥλιον,
1340 516 1429 561 ὑπὸ
1461 521 1561 575 σκιῇ
1590 517 1680 561 ἔ-ὅθ

365 586 481 619 σοιτο
510 576 618 631 πρὸς
647 577 808 631 αὐτοὺς
836 578 863 636 ἡ
893 580 1018 637 μάχη,
1047 581 1120 625 καὶ
1149 581 1232 627 οὐκ
1261 583 1308 627 ἐν
1327 581 1477 641 ἡλίῳ.“
1511 588 1623 628 Ταῦ-

366 658 420 685 τα
449 643 528 699 μὲν
556 646 626 689 καὶ
660 646 769 691 ἄλλα
797 649 1113 704 τοιουτότροπα
1136 649 1237 695 ἔπεα
1274 664 1384 708 φασι
1411 651 1625 709 Διηνέκεα

207 714 307 760 227
363 709 443 754 τόν
471 713 821 769 Λακεδαιμόνιον
850 716 1053 761 λιπέσθαι
1082 718 1351 775 μνημόσυνα.

36 780 96 814 Qui
114 782 182 815 post
197 779 280 807 illum

1420 719 1546 762 Μετὰ
1575 718 1623 762 δὲ

366 781 526 822 τοῦτον
564 778 814 835 ἀριστεῦσαι
851 784 1051 839 λέγονται
1078 786 1420 844 Λακεδαιμόνιοι
1456 786 1538 830 δύο
1579 783 1625 829 ἆ-

367 847 550 902 δελφεοὶ,
575 846 758 905 Ἀλφεός
786 867 830 894 τε
859 853 933 896 καὶ
962 853 1160 909 Μάρων,
1196 854 1491 912 Ὀρσιφάντου
1528 858 1625 898 παῖ-

365 915 448 965 δες.
511 918 732 961 Θεσπιέων
779 919 825 963 δὲ
867 919 1090 978 εὐδοκίμεε
1119 921 1305 978 μάλιστα
1349 927 1409 979 τῷ
1452 920 1679 977 οὔνομαὸὄ

306 1215 373 1252 His
385 1214 473 1255 add.
483 1215 726 1256 Eustathium
738 1218 839 1256 Orat.
853 1220 965 1258 XXV

304 1285 344 1322 p.
365 1274 460 1320 290,
482 1277 615 1316 70.80
638 1274 697 1311 ed.
719 1276 844 1316 Tafel.
864 1277 965 1313 Ani-

305 1340 371 1364 mo
399 1330 588 1380 scriptoris
621 1331 812 1370 malevolo
849 1334 966 1370 tribui

305 1385 387 1422 vult
406 1386 601 1426 Plutarch.
631 1389 666 1423 II
692 1400 782 1438 pag.
802 1391 882 1430 866
902 1391 965 1438 D.,

306 1440 410 1492 quod
447 1455 527 1479 non
564 1444 674 1494 plura
703 1445 777 1481 alia
804 1446 967 1482 aliorum

305 1498 584 1548 Spartanorum
608 1499 727 1549 dicta,
759 1502 884 1553 qualia
904 1516 967 1539 se-

304 1554 403 1590 riore
424 1561 547 1592 aetate
568 1557 800 1605 ferebantur,
828 1560 967 1595 Noster

302 1614 624 1652 commemorarit.
652 1613 845 1665 Equidem
861 1614 966 1652 haud

302 1668 380 1704 scio
402 1680 451 1704 an
472 1682 521 1705 ex
540 1670 620 1720 ipso
641 1670 827 1708 Herodoti
845 1672 964 1708 silen—

302 1724 355 1761 tio
375 1725 458 1761 iure
477 1726 606 1776 colligi
623 1728 750 1777 possit,
784 1726 880 1765 haec
901 1727 964 1765 di-

302 1787 364 1817 cta
394 1783 593 1832 posteriori
627 1796 721 1822 aevo
759 1797 838 1822 esse
874 1784 962 1822 ficta

304 1849 448 1876 omma.

360 1890 533 1934 τοσοῦτό
565 1909 602 1934 τι
630 1897 791 1947 πλῆθος
828 1892 962 1937 αὐτῶν

303 1945 434 1999 εἶναι]
457 1953 561 1988 Haec
583 1965 603 1988 e.
622 1959 731 1989 textu
750 1954 878 1990 abesse
890 1967 964 1992 vo·-

302 2006 374 2044 luit
389 2008 492 2045 Toll.
512 2007 560 2044 ad
579 2009 744 2059 Longin.
768 2010 877 2059 [sect.
887 2008 961 2059 44]

302 2075 342 2112 p.
365 2065 461 2104 223.
508 2064 805 2103 Valckenaerius
826 2066 962 2117 refingi

301 2119 423 2156 voluit
455 2116 499 2159 τό
533 2124 706 2170 πλῆθος.
765 2123 869 2160 Scite
891 2136 963 2160 au-

301 2181 382 2211 tem
402 2174 451 2212 ad
473 2175 512 2212 h.
537 2178 564 2214 l.
589 2179 732 2228 colligit
749 2181 963 2217 Wesseliu-

303 2232 389 2281 gius
409 2245 457 2268 ex
476 2233 532 2279 iis,
555 2247 652 2285 quae
673 2235 775 2284 apud
787 2235 962 2274 Eustath.

305 2286 354 2324 ad
383 2289 427 2328 11.
447 2289 545 2336 VIII,
570 2290 648 2331 159
668 2291 860 2340 leguntur,
879 2294 964 2328 Eu-

302 2343 485 2381 stathium
504 2346 543 2381 in
566 2359 633 2383 suo
654 2347 838 2385 Herodoti
852 2349 965 2386 volu-

302 2402 408 2437 mine
429 2399 603 2440 habuisse
621 2401 756 2454 νέφος,
778 2403 882 2457 quod
903 2406 965 2455 ip-

303 2470 390 2494 sum
422 2470 444 2494 a
477 2460 665 2497 veteribus
697 2462 964 2498 Grammaticis

305 2521 521 2564 exponatur
553 2519 736 2566 πλῆθοςε
788 2517 836 2555 de
885 2531 963 2570 quo

305 2569 527 2621 Schweigh.
557 2574 720 2611 conferri
748 2576 829 2613 vult
848 2576 966 2613 Wet-

304 2633 401 2665 sten.
423 2627 471 2664 ad
491 2629 608 2666 Hebr.
629 2632 715 2679 XII,
739 2633 777 2672 1.
825 2631 888 2669 Ad
908 2632 965 2668 lo-

305 2685 501 2721 cntionem
522 2684 566 2724 ἐν
592 2683 734 2743 οἷλογίῃ
755 2692 964 2729 ποιεῖσθαι

306 2741 410 2778 conf.
428 2748 524 2780 nott.
545 2741 595 2780 ad
615 2744 678 2794 VI,
698 2747 763 2786 76.

1075 1217 1159 1261 ’ὑπὸ
1184 1220 1308 1276 σκιῇ]
1340 1220 1485 1271 Tangit
1504 1218 1679 1260 Eustath.

1021 1275 1070 1314 ad
1087 1278 1133 1314 Il.
1153 1291 1243 1328 pag.
1265 1276 1361 1326 704,
1390 1278 1443 1319 57
1463 1291 1494 1314 S.
1523 1276 1618 1325 588,
1639 1277 1680 1319 5.

1020 1333 1084 1370 Ad
1103 1335 1218 1371 verba
1238 1333 1425 1372 λιπέσθαι
1444 1329 1681 1384 μνημόσυνα

1019 1391 1061 1426 in
1080 1389 1157 1426 fine
1177 1403 1261 1442 cap.
1281 1391 1384 1429 conf.
1402 1391 1466 1440 IV,
1491 1393 1570 1432 166
1588 1390 1681 1442 ibiq.

1020 1453 1119 1484 nott.

1182 1569 1274 1621 Cap.
1296 1569 1521 1609 ccxxvn.

1075 1644 1266 1699 Ἀλφεός]
1298 1650 1398 1686 Hinc
1426 1645 1600 1687 Eustath.
1630 1646 1679 1685 ad

1017 1705 1063 1742 Il.
1096 1718 1133 1755 p.
1167 1708 1259 1752 197,
1281 1707 1305 1745 9
1338 1719 1369 1743 s.
1389 1704 1484 1753 224,
1504 1703 1558 1745 49
1586 1700 1680 1743 ’Λλ-

1019 1758 1148 1808 φειός.
1205 1761 1269 1798 Ad
1299 1775 1437 1799 vocem
1463 1757 1680 1812 Διθύραμ-

1018 1818 1091 1869 βος
1111 1818 1213 1855 conf.
1234 1819 1384 1859 Aelian.
1405 1819 1452 1856 V.
1470 1820 1520 1858 H.
1542 1818 1603 1867 VI,
1625 1819 1681 1858 22

1021 1875 1153 1928 ibique
1171 1876 1348 1915 Perizon.

1176 1977 1267 2029 cap.
1289 1976 1529 2017 CCXXVIII.

1076 2063 1204 2108 αὐτοῦ
1223 2063 1366 2120 ταύτῃ]
1395 2066 1484 2105 Vid.
1509 2073 1607 2105 nott.
1630 2066 1679 2105 ad

1017 2125 1081 2174 VI,
1117 2127 1181 2165 16.
1218 2124 1355 2173 Attigit
1382 2122 1477 2160 haec
1504 2123 1679 2160 Eustath.

1018 2180 1067 2218 ad
1095 2182 1140 2218 Il.
1170 2195 1209 2232 p.
1238 2180 1331 2227 519,
1353 2178 1406 2221 43
1443 2194 1471 2218 s,
1496 2182 1588 2227 393,
1610 2181 1678 2232 29.

1017 2240 1148 2289 Ipsum
1167 2238 1329 2288 sepulcri
1348 2237 1488 2283 locum,
1504 2242 1546 2272 ut
1557 2242 1675 2287 putat,

1021 2293 1070 2331 ad
1099 2294 1225 2331 fauces
1246 2291 1598 2343 Thermopylarum
1623 2294 1677 2330 si—

1020 2357 1104 2387 tum
1138 2349 1331 2399 descripsit
1372 2348 1521 2384 Clarke.
1588 2349 1675 2389 Vid,

1019 2405 1301 2443 Vaudoncourt.
1333 2403 1602 2457 Schilderung.
1638 2405 1677 2444 d.

1020 2461 1165 2512 heutig.
1189 2460 1487 2499 Griecheulands
1520 2476 1559 2513 p.
1580 2465 1676 2504 279.

1019 2520 1065 2555 In
1096 2532 1203 2571 seqq.
1233 2519 1436 2555 articulum
1466 2516 1559 2566 τούς
1588 2527 1677 2556 ante

1019 2588 1132 2613 voces
1164 2571 1243 2615 ὑπὸ
1264 2575 1478 2614 Λεωνίδεω
1501 2572 1678 2627 α’ποπεμ-

1020 2631 1211 2682 φθέντας,
1226 2633 1328 2669 libris
1348 2632 1472 2670 invitis
1491 2633 1675 2669 insertum

1019 2701 1042 2725 a
1101 2688 1320 2737 Schaesero,
1358 2688 1538 2741 equidem
1586 2701 1674 2726 cum

1021 2744 1217 2798 Schwgh,
1229 2744 1525 2784 Gaisf.etBekk.
1537 2739 1673 2784 delevi.
