1789 3258
0 759 26 806 1

398 236 874 275 POLYMNIA.

935 237 1033 274 VII.
1281 238 1365 278 633

97 351 221 405 ,,λίην
247 351 393 392 πᾶσαν
422 346 501 398 ἔξω
531 349 620 390 τῶν
651 343 820 402 οὐρέων
848 344 1078 402 ὑπόβρυχα
1116 344 1363 402 γενέσθαι.“

68 419 254 461 4Ταῦτα
273 415 318 459 δὲ
349 414 498 470 ἔχοντα
528 414 642 470 ἔλεγε
671 413 714 465 ἐς
741 412 848 465 τούς
876 413 1052 458 Ἀλεύεω
1084 415 1265 465 παῖδας,
1295 411 1364 457 ὅτι

95 487 261 540 πρῶτοι
284 481 515 538 Ἑλλήνων,
546 481 689 533 ἐόντες
720 482 948 531 Θεσσαλοὶ,
980 482 1141 526 ἔδοσαν
1173 481 1365 533 ἑωυτούς

94 551 262 606 βασιλέϊ
270 565 280 575 ·

337 550 502 594 δοκέων
543 548 566 594 ὁ
607 551 769 606 Ξέρξης
809 549 898 594 ἀπὸ
928 550 1094 601 παντός
1125 561 1260 606 σφεας
1281 553 1364 594 τοῦ

94 619 248 670 ἔθνεος
277 618 617 675 ἐπαγγέλλεσθαι
648 620 811 675 φιλίην.
869 620 991 669 εἴπας
1032 618 1077 662 δὲ
1106 622 1256 670 ταῦτα,
1285 619 1391 662 καὶι

95 686 379 744 θεησάμενος,
409 686 594 730 ἀπέπλεε
625 687 667 738 ές
696 686 777 744 τὴν
816 685 1002 742 Θέρμην.

174 755 226 799 ‘0
253 755 332 811 μὲν
362 753 416 810 δὴ
446 756 542 810 περὶ
577 749 759 811 ΙΪιεριήν
788 755 973 811 διέτριβε
1001 754 1164 811 ἡμέρας
1193 754 1364 811 συχνάς
1421 780 1466 807 ff„

93 824 141 868 τὸ
171 823 256 880 γαρ
280 822 332 879 δή
365 818 500 877 οὖρος
539 822 588 867 vd
619 824 932 868 Μακεδονικὸν
970 823 1105 878 ἔκειρε
1135 826 1212 880 τῆς
1240 834 1365 878 στρα-

91 895 186 948 τιῆς
215 892 478 948 τριτημορὶς,
506 893 580 935 ἴνα
608 890 745 949 ταύτῃ
775 893 908 950 διεξίῃ
939 890 1088 936 ἅπασα
1124 890 1151 948 ἡ
1183 890 1361 949 στρατιή

64 960 142 1012 Ξές
175 958 470 1017 Περραιβούς.
531 960 585 1004 Οἱ
605 959 651 1004 δὲ
681 960 734 1018 δή
767 958 957 1016 κήρυκες
988 961 1032 1004 οἱ
1049 959 1388 1017 ἀποπεμφθέν-5

41 1156 130 1196 add.
150 1159 201 1194 H.
222 1155 408 1209 Stephan.
429 1154 548 1195 Thes.
567 1158 615 1195 L.
635 1158 704 1196 Gr.

40 1227 130 1265 pag.
159 1216 269 1255 2837
291 1214 351 1254 ed.
373 1215 511 1266 Valpy.
567 1216 703 1266 Itaque

39 1270 129 1308 mezi
156 1270 314 1323 quidem
344 1285 365 1308 e
392 1273 579 1309 sententia
605 1270 702 1308 nihil

40 1327 283 1376 mutandum,
304 1330 525 1379 praesertim
541 1342 629 1366 cum
645 1335 703 1366 tot

41 1385 116 1422 alia
127 1386 333 1423 Homerica
344 1387 390 1423 ab
401 1385 597 1423 Herodoto
613 1387 705 1422 imi-

40 1441 159 1479 tando
199 1456 373 1493 expressa
423 1456 502 1480 esse
543 1449 704 1480 constet.

40 1499 166 1536 Habet
194 1512 349 1551 quoque
385 1500 513 1544 Quint.
545 1500 704 1551 Smyrn.

39 1557 145 1603 XIII,
167 1553 262 1604 485,
291 1552 514 1607 ὑπόβρυχα.
551 1557 619 1597 Cr.
655 1555 704 1593 ad

41 1611 109 1652 h.l.
127 1613 357 1650 excitaverat
368 1612 550 1650 Matthiae
562 1614 704 1649 Anim-

42 1668 207 1707 adverss.
241 1670 282 1706 in
310 1668 448 1723 hymn.
482 1672 642 1708 Homer.
662 1684 700 1722 p.

103 1784 234 1822 Ταῦτα
265 1779 308 1822 δὲ
344 1781 483 1834 έχοντα
521 1781 625 1836 ε’λεγε
662 1782 703 1831 ἒς

41 1854 136 1886 τους
183 1834 348 1879 Ἀλεύεω
388 1841 565 1888 παῖδας]
605 1842 632 1876 i.
667 1854 701 1878 e.

41 1896 128 1933 haec
159 1896 253 1933 dexit
273 1909 336 1933 rex
360 1899 558 1946 spectantia
578 1897 627 1933 αά
651 1897 702 1934 A-

43 1952 212 2000 leuadas,
253 1951 300 1988 de
336 1954 471 2004 quibus
499 1952 574 1990 vid.
603 1960 700 1994 nott.

44 2008 93 2046 ad
126 2009 209 2056 VII,
249 2010 288 2048 6.
363 2008 426 2046 Ad
467 2010 702 2046 locutionem

42 2059 208 2105 Ἀλεύεω
236 2065 381 2113 παῖδας
409 2064 487 2103 vid.
517 2072 612 2103 nott.
654 2066 702 2103 ad

42 2122 89 2170 V,
113 2120 180 2162 49.
213 2121 281 2159 Cr.
312 2121 360 2159 ad
386 2121 425 2159 h.
446 2123 472 2159 l.
504 2121 600 2160 haec
631 2123 702 2160 ad-

42 2180 214 2229 scripsit:
256 2179 394 2226 „Confi
423 2180 522 2216 infra
551 2181 619 2225 IX,
648 2181 700 2222 58

45 2242 83 2273 et
93 2235 359 2274 vid.Gatterer.
372 2235 591 2288 Synchron.
603 2238 702 2273 Uni-

44 2306 141 2330 vers.
171 2291 309 2329 Gesch.
332 2294 368 2329 II
388 2306 436 2344 Ῥ.
467 2292 704 2334 442—445.

44 2348 201 2386 Pindari
220 2348 400 2401 Pytl1.X
421 2352 504 2387 init.
524 2352 616 2403 ibiq.
637 2352 705 2386 In-

45 2413 179 2457 terprr.
199 2405 378 2443 Meineke
405 2408 443 2444 in
471 2408 705 2445 Commeutt.

40 2463 323 2500 Miscellauu.1
347 2477 387 2514 p.
412 2464 465 2505 49
486 2478 566 2516 seq.
596 2464 702 2502 etad

40 2517 278 2570 Euphoiion.
293 2533 331 2570 Ρ.
360 2523 412 2561 39
425 2534 504 2572 seq.
526 2536 562 2572 Ρ
580 2524 701 2573 805q

40 2590 79 2627 p.
101 2578 178 2617 187
190 2577 282 2627 seq.‘
309 2597 365 2603 —
395 2576 499 2621 Quae
521 2580 701 2615 continuo

42 2639 252 2699 sequuntur
292 2633 432 2669 verba:
494 2633 647 2673 δοκέων
681 2633 703 2674 ὁ

46 2688 193 2740 Ξέρξης
214 2683 291 2727 οἷπὸ
316 2684 463 2735 παντός
485 2702 610 2739 σφεας
628 2693 702 2730 τοῦ

45 2744 185 2792 ἔθνεος
206 2743 512 2797 ἐπαγγέλλεσθαι
549 2746 701 2797 φιλίην,

45 2803 98 2840 sic
125 2802 317 2852 intelligo:
358 2803 566 2840 existimans
585 2815 637 2840 eos
657 2805 702 2841 ab

47 2861 137 2897 omni
176 2857 419 2897 Thessalorum
448 2862 548 2908 gente
578 2858 627 2909 (s.
648 2867 703 2898 to-

760 1158 833 1195 tius
845 1158 968 1209 gentis
984 1156 1229 1196 Thessalicae
1241 1157 1420 1208 nomine)

759 1216 881 1252 missos
908 1217 979 1266 ipsi
1004 1217 1199 1253 amicitiam
1230 1228 1273 1252 ac
1291 1214 1423 1266 foedus

759 1274 943 1309 enuntiare
962 1286 992 1309 s.
1010 1272 1184 1323 polliceri.
1204 1272 1281 1308 Ubi
1300 1284 1422 1309 vocu-

758 1330 838 1366 lam
860 1325 948 1375 οἷπό,
976 1330 1082 1366 cuius
1103 1329 1187 1366 loco
1210 1327 1287 1365 duo
1307 1327 1422 1366 codd.

760 1383 863 1434 ὑπὸ,
914 1387 1012 1423 bene
1055 1393 1185 1424 tuetur
1223 1384 1427 1437 Schweio-

759 1441 981 1481 haeuserus.

949 1533 1042 1584 cap.
1063 1533 1244 1570 CXXXI.

813 1610 864 1652 ‘O
877 1610 949 1662 μὲν
970 1608 1018 1663 δὴ
1036 1611 1126 1664 περὶ
1144 1611 1312 1661 Πιερίην
1342 1609 1424 1651 διέ-

759 1668 897 1721 τριβε]
939 1670 1085 1717 Pieria,
1118 1671 1224 1706 cuius
1245 1669 1325 1716 VII,
1342 1671 1421 1710 177

760 1725 887 1763 denuo
908 1727 950 1764 fit
969 1727 1127 1774 mentio,
1149 1733 1320 1763 extrema
1339 1727 1423 1761 Ma-

760 1782 943 1820 cedoniae
981 1790 1036 1820 est
1074 1784 1179 1832 regio
1218 1781 1422 1819 meridiem

758 1853 888 1877 versus
917 1841 1016 1876 inter
1053 1841 1345 1876 Haliacmonem
1385 1845 1423 1875 et

757 1897 849 1933 Axii
869 1898 964 1933 ostia
994 1897 1101 1932 iuxta
1131 1909 1237 1932 mare
1266 1902 1423 1932 extensa

759 1952 808 1989 ad
827 1960 976 1989 montes
996 1966 1128 2004 usque,
1151 1954 1218 2004 qui
1237 1951 1422 1989 Macedo-

757 2010 862 2046 niam
885 2022 906 2046 a
921 2008 1118 2046 Thessalia
1137 2016 1326 2060 separant.
1345 2010 1421 2046 Vix

758 2073 887 2103 tamen
919 2073 1094 2103 accurate
1129 2066 1224 2104 fines
1253 2067 1420 2116 regionis

759 2122 917 2160 definire
941 2124 1043 2161 licet.
1079 2122 1166 2161 Vid.
1188 2124 1230 2161 C.
1253 2124 1295 2161 Ο.
1316 2124 1421 2160 Mill-

757 2181 849 2217 ler.:
880 2181 1007 2217 Ueber
1026 2179 1063 2217 d.
1079 2179 1288 2219 Makedon
1308 2194 1348 2232 p.
1369 2184 1417 2221 11

761 2238 997 2274 etMannert.
1007 2238 1126 2288 VIIp
1140 2235 1220 2279 504
1231 2251 1310 2290 seq.
1323 2238 1420 2279 510.

761 2293 873 2340 Quod
886 2296 1056 2346 sequitur
1070 2294 1206 2346 ἔκειρε,
1234 2294 1377 2344 Schwg
1380 2292 1420 2332 h.

760 2352 798 2388 in
814 2353 943 2389 Lexic.
954 2350 1095 2388 Herod.
1116 2358 1217 2388 recte
1240 2353 1418 2403 exponit:

761 2409 930 2456 totondit,
977 2408 1115 2456 cecidit,
1153 2409 1292 2446 arbores
1338 2409 1420 2446 scil.

759 2472 796 2502 et
817 2465 957 2503 dumeta
976 2465 1157 2513 excidens,
1181 2467 1306 2516 quibus
1324 2479 1420 2503 mons

751 2521 829 2573 suit
854 2524 1004 2570 obsitas,
1043 2524 1138 2559 viam
1158 2525 1329 2560 exercitui
1350 2535 1418 2572 pa-

758 2578 888 2629 tefecz‘t.
929 2581 1022 2615 Mox
1045 2581 1221 2617 revocavi
1244 2579 1419 2629 Περῤαι-

760 2632 870 2686 βούς,
920 2637 985 2672 ubi
1023 2637 1139 2685 vulgo
1177 2631 1416 2686 Περαιβους,

756 2692 939 2744 idemque
971 2693 1045 2728 feci
1073 2693 1280 2738 V11,131.
1330 2690 1417 2728 Vid.

757 2756 854 2786 nott.
884 2748 932 2786 ad
958 2721 1165 2795 vn‚128⁷.
1222 2746 1284 2784 Ad
1322 2742 1418 2786 οἷπι-

757 2804 896 2855 κέατο,
919 2806 1024 2842 cuius
1044 2805 1128 2840 loco
1151 2810 1314 2855 quatuor
1333 2805 1416 2842 libri

760 2857 931 2902 ἀπίκατο
952 2861 1001 2899 cf.
1023 2861 1104 2908 VII,
1130 2862 1222 2902 118.

1421 745 1500 773 Dum
1524 744 1600 773 Pers
1587 754 1642 773 ‘iae
1659 746 1697 773 ad

1471 788 1519 818 ¹¹¹¹!
1536 779 1699 807 Thermai-

1421 822 1489 841 cum
1508 813 1539 840 iu
1559 814 1650 841 εει-ἀι
1642 822 1668 840 ιε

1422 847 1548 882 sedent,
1567 847 1664 887 legati

1419 883 1450 910 iu
1469 867 1580 922 Graeci
1571 890 1631 909 iam

1420 916 1503 943 missi
1525 917 1563 950 [c.
1582 916 1638 950 32]
1659 915 1697 942 ad

1419 958 1526 985 regem
1535 953 1698 979 revertun-

1418 988 1478 1012 tur.
