<?xml version="1.0" encoding="UTF-8"?>
<!DOCTYPE html PUBLIC "-//W3C//DTD XHTML 1.0 Transitional//EN"
    "http://www.w3.org/TR/xhtml1/DTD/xhtml1-transitional.dtd">
<html xmlns="http://www.w3.org/1999/xhtml" xml:lang="en" lang="en">
 <head>
  <title>
</title>
<meta http-equiv="Content-Type" content="text/html;charset=utf-8" />
  <meta name='ocr-system' content='tesseract 3.04.00' />
  <meta name='ocr-capabilities' content='ocr_page ocr_carea ocr_par ocr_line ocrx_word'/>
</head>
<body>
  <div class='ocr_page' id='page_1' title='image "./musaeherodoto03hero_0181.png"; bbox 0 0 1870 3249; ppageno 0'>
   <div class='ocr_carea' id='block_1_1' title="bbox 4 708 68 754">
    <p class='ocr_par' dir='ltr' id='par_1_1' title="bbox 4 708 68 754">
     <span class='ocr_line' id='line_1_1' title="bbox 4 708 68 754; baseline -0.016 0"><span class='ocrx_word' id='word_1_1' title='bbox 4 708 68 754; x_wconf 79' lang='lat'>92</span> 
     </span>
    </p>
   </div>
   <div class='ocr_carea' id='block_1_2' title="bbox 383 199 1140 236">
    <p class='ocr_par' dir='ltr' id='par_1_2' title="bbox 383 199 1140 236">
     <span class='ocr_line' id='line_1_2' title="bbox 383 199 1140 236; baseline 0.003 -2"><span class='ocrx_word' id='word_1_2' title='bbox 383 199 1036 236; x_wconf 84' lang='lat' dir='ltr'>TERPSICIIORE.</span> <span class='ocrx_word' id='word_1_3' title='bbox 1096 200 1140 236; x_wconf 91' lang='lat' dir='ltr'>V.</span> 
     </span>
    </p>
   </div>
   <div class='ocr_carea' id='block_1_3' title="bbox 1314 200 1392 238">
    <p class='ocr_par' dir='ltr' id='par_1_3' title="bbox 1314 200 1392 238">
     <span class='ocr_line' id='line_1_3' title="bbox 1314 200 1392 238; baseline -0.013 0"><span class='ocrx_word' id='word_1_4' title='bbox 1314 200 1392 238; x_wconf 78' lang='lat'>171</span> 
     </span>
    </p>
   </div>
   <div class='ocr_carea' id='block_1_4' title="bbox 131 306 1394 367">
    <p class='ocr_par' dir='ltr' id='par_1_4' title="bbox 131 306 1394 367">
     <span class='ocr_line' id='line_1_4' title="bbox 131 306 1394 367; baseline -0.002 -15"><span class='ocrx_word' id='word_1_5' title='bbox 131 325 261 367; x_wconf 75' lang='grc' dir='ltr'>,,μεν,</span> <span class='ocrx_word' id='word_1_6' title='bbox 298 310 382 350; x_wconf 81' lang='grc' dir='ltr'>νῦν</span> <span class='ocrx_word' id='word_1_7' title='bbox 411 307 708 364; x_wconf 78' lang='grc' dir='ltr'><strong><em>πειρησόμεθά</em></strong></span> <span class='ocrx_word' id='word_1_8' title='bbox 739 319 876 361; x_wconf 83' lang='grc' dir='ltr'><strong><em>σφεας</em></strong></span> <span class='ocrx_word' id='word_1_9' title='bbox 914 306 1005 364; x_wconf 76' lang='grc' dir='ltr'>ἅμα</span> <span class='ocrx_word' id='word_1_10' title='bbox 1032 307 1140 364; x_wconf 80' lang='grc' dir='ltr'><strong><em>ὑμῖν</em></strong></span> <span class='ocrx_word' id='word_1_11' title='bbox 1169 306 1394 363; x_wconf 79' lang='grc' dir='ltr'><strong><em>οἷκεόμενοι</em></strong></span> 
     </span>
    </p>
   </div>
   <div class='ocr_carea' id='block_1_5' title="bbox 99 377 370 430">
    <p class='ocr_par' dir='ltr' id='par_1_5' title="bbox 99 377 370 430">
     <span class='ocr_line' id='line_1_5' title="bbox 99 377 370 430; baseline -0.004 -12"><span class='ocrx_word' id='word_1_12' title='bbox 99 384 120 418; x_wconf 91' lang='grc'><em>5</em></span> <span class='ocrx_word' id='word_1_13' title='bbox 131 377 370 430; x_wconf 78' lang='grc' dir='ltr'>,,τι’σασθαι.</span> 
     </span>
    </p>
   </div>
   <div class='ocr_carea' id='block_1_6' title="bbox 432 374 1394 432">
    <p class='ocr_par' dir='ltr' id='par_1_6' title="bbox 432 374 1394 432">
     <span class='ocr_line' id='line_1_6' title="bbox 432 374 1394 432; baseline 0.001 -14"><span class='ocrx_word' id='word_1_14' title='bbox 432 375 572 419; x_wconf 81' lang='grc' dir='ltr'><strong><em>αὐτοῦ</em></strong></span> <span class='ocrx_word' id='word_1_15' title='bbox 599 376 683 432; x_wconf 74' lang='grc' dir='ltr'>γὰρ</span> <span class='ocrx_word' id='word_1_16' title='bbox 708 376 871 420; x_wconf 81' lang='grc' dir='ltr'><strong><em>τούτου</em></strong></span> <span class='ocrx_word' id='word_1_17' title='bbox 901 377 1062 419; x_wconf 76' lang='grc' dir='ltr'><strong><em>εἵνεκεν</em></strong></span> <span class='ocrx_word' id='word_1_18' title='bbox 1091 374 1217 419; x_wconf 84' lang='grc' dir='ltr'><strong><em>τόνδε</em></strong></span> <span class='ocrx_word' id='word_1_19' title='bbox 1244 391 1289 418; x_wconf 83' lang='grc' dir='ltr'>τε</span> <span class='ocrx_word' id='word_1_20' title='bbox 1317 375 1394 419; x_wconf 82' lang='grc' dir='ltr'><strong><em>τὸν</em></strong></span> 
     </span>
    </p>
   </div>
   <div class='ocr_carea' id='block_1_7' title="bbox 126 441 1450 635">
    <p class='ocr_par' dir='ltr' id='par_1_7' title="bbox 126 441 1450 635">
     <span class='ocr_line' id='line_1_7' title="bbox 128 441 1394 501; baseline 0.002 -16"><span class='ocrx_word' id='word_1_21' title='bbox 128 441 322 498; x_wconf 80' lang='grc' dir='ltr'>,,Ἱππίην</span> <span class='ocrx_word' id='word_1_22' title='bbox 357 444 740 501; x_wconf 78' lang='grc' dir='ltr'><strong><em>μετεπεμψάμεθα,</em></strong></span> <span class='ocrx_word' id='word_1_23' title='bbox 783 444 858 487; x_wconf 83' lang='grc' dir='ltr'>καὶ</span> <span class='ocrx_word' id='word_1_24' title='bbox 897 441 1033 498; x_wconf 78' lang='grc' dir='ltr'><strong><em>ὑμέας</em></strong></span> <span class='ocrx_word' id='word_1_25' title='bbox 1074 443 1158 487; x_wconf 81' lang='grc' dir='ltr'>α’πό</span> <span class='ocrx_word' id='word_1_26' title='bbox 1198 447 1288 487; x_wconf 80' lang='grc' dir='ltr'><strong><em>τῶν</em></strong></span> <span class='ocrx_word' id='word_1_27' title='bbox 1317 459 1394 487; x_wconf 86' lang='grc' dir='ltr'>πο-</span> 
     </span>
     <span class='ocr_line' id='line_1_8' title="bbox 126 510 1450 570; baseline 0 -18"><span class='ocrx_word' id='word_1_28' title='bbox 126 511 285 562; x_wconf 85' lang='grc' dir='ltr'>,,λι’ων,</span> <span class='ocrx_word' id='word_1_29' title='bbox 327 512 401 554; x_wconf 87' lang='grc' dir='ltr'><strong><em>ἴνα</em></strong></span> <span class='ocrx_word' id='word_1_30' title='bbox 428 516 567 568; x_wconf 77' lang='grc' dir='ltr'><strong><em>κοινῷ</em></strong></span> <span class='ocrx_word' id='word_1_31' title='bbox 595 529 641 556; x_wconf 87' lang='grc' dir='ltr'>τε</span> <span class='ocrx_word' id='word_1_32' title='bbox 662 511 778 570; x_wconf 77' lang='grc' dir='ltr'><strong><em>λόγῳ</em></strong></span> <span class='ocrx_word' id='word_1_33' title='bbox 809 510 881 554; x_wconf 80' lang='grc' dir='ltr'>καὶ</span> <span class='ocrx_word' id='word_1_34' title='bbox 912 515 1049 568; x_wconf 78' lang='grc' dir='ltr'><strong><em>κοινῷ</em></strong></span> <span class='ocrx_word' id='word_1_35' title='bbox 1075 511 1216 569; x_wconf 80' lang='grc' dir='ltr'><strong><em>στόλῳ</em></strong></span> <span class='ocrx_word' id='word_1_36' title='bbox 1245 511 1395 568; x_wconf 76' lang='grc' dir='ltr'><em>ἐσαγα-</em></span> <span class='ocrx_word' id='word_1_37' title='bbox 1407 521 1450 553; x_wconf 84' lang='grc'>60</span> 
     </span>
     <span class='ocr_line' id='line_1_9' title="bbox 127 577 1394 635; baseline 0.001 -14"><span class='ocrx_word' id='word_1_38' title='bbox 127 577 307 633; x_wconf 60' lang='lat' dir='ltr'>„povres</span> <span class='ocrx_word' id='word_1_39' title='bbox 336 577 474 623; x_wconf 78' lang='grc' dir='ltr'><strong><em>αὐτόν</em></strong></span> <span class='ocrx_word' id='word_1_40' title='bbox 514 580 557 632; x_wconf 79' lang='grc' dir='ltr'>ἐς</span> <span class='ocrx_word' id='word_1_41' title='bbox 598 580 675 632; x_wconf 69' lang='grc' dir='ltr'>τοὶς</span> <span class='ocrx_word' id='word_1_42' title='bbox 709 577 919 635; x_wconf 80' lang='grc' dir='ltr'><strong><em>Ἀθήνας,</em></strong></span> <span class='ocrx_word' id='word_1_43' title='bbox 958 578 1192 634; x_wconf 74' lang='grc' dir='ltr'><strong><em>ἀποδῶμεν</em></strong></span> <span class='ocrx_word' id='word_1_44' title='bbox 1230 579 1283 622; x_wconf 83' lang='grc' dir='ltr'>τὰ</span> <span class='ocrx_word' id='word_1_45' title='bbox 1322 581 1394 623; x_wconf 79' lang='grc' dir='ltr'>καὶ</span> 
     </span>
    </p>
   </div>
   <div class='ocr_carea' id='block_1_8' title="bbox 125 645 447 702">
    <p class='ocr_par' dir='ltr' id='par_1_8' title="bbox 125 645 447 702">
     <span class='ocr_line' id='line_1_10' title="bbox 125 645 447 702; baseline 0 -14"><span class='ocrx_word' id='word_1_46' title='bbox 125 645 447 702; x_wconf 78' lang='grc' dir='ltr'>,,ἀπελόμεθα.“</span> 
     </span>
    </p>
   </div>
   <div class='ocr_carea' id='block_1_9' title="bbox 214 713 1394 772">
    <p class='ocr_par' dir='ltr' id='par_1_9' title="bbox 214 713 1394 772">
     <span class='ocr_line' id='line_1_11' title="bbox 214 713 1394 772; baseline 0.001 -15"><span class='ocrx_word' id='word_1_47' title='bbox 214 716 268 757; x_wconf 82' lang='grc' dir='ltr'>Οἱ</span> <span class='ocrx_word' id='word_1_48' title='bbox 296 715 375 770; x_wconf 75' lang='grc' dir='ltr'><strong><em>μὲν</em></strong></span> <span class='ocrx_word' id='word_1_49' title='bbox 403 719 540 758; x_wconf 78' lang='grc' dir='ltr'><em>ταῦτα</em></span> <span class='ocrx_word' id='word_1_50' title='bbox 569 716 740 772; x_wconf 75' lang='grc' dir='ltr'><strong><em>ἔλεγον’</em></strong></span> <span class='ocrx_word' id='word_1_51' title='bbox 771 718 861 758; x_wconf 78' lang='grc' dir='ltr'><strong><em>τῶν</em></strong></span> <span class='ocrx_word' id='word_1_52' title='bbox 884 715 929 758; x_wconf 80' lang='grc' dir='ltr'>δὲ</span> <span class='ocrx_word' id='word_1_53' title='bbox 947 713 1186 770; x_wconf 78' lang='grc' dir='ltr'><strong><em>συμμάχων</em></strong></span> <span class='ocrx_word' id='word_1_54' title='bbox 1215 716 1264 758; x_wconf 80' lang='grc' dir='ltr'>τό</span> <span class='ocrx_word' id='word_1_55' title='bbox 1287 719 1394 772; x_wconf 84' lang='grc' dir='ltr'><em>πλῆ-</em></span> 
     </span>
    </p>
   </div>
   <div class='ocr_carea' id='block_1_10' title="bbox 1451 721 1707 748">
    <p class='ocr_par' dir='ltr' id='par_1_10' title="bbox 1451 721 1707 748">
     <span class='ocr_line' id='line_1_12' title="bbox 1451 721 1707 748; baseline 0.004 -1"><span class='ocrx_word' id='word_1_56' title='bbox 1451 721 1507 748; x_wconf 78' lang='lat' dir='ltr'>Sos</span> <span class='ocrx_word' id='word_1_57' title='bbox 1513 721 1587 748; x_wconf 67' lang='lat' dir='ltr'>icles·</span> <span class='ocrx_word' id='word_1_58' title='bbox 1601 721 1707 748; x_wconf 81' lang='lat' dir='ltr'>Corin-</span> 
     </span>
    </p>
   </div>
   <div class='ocr_carea' id='block_1_11' title="bbox 1451 754 1711 789">
    <p class='ocr_par' dir='ltr' id='par_1_11' title="bbox 1451 754 1711 789">
     <span class='ocr_line' id='line_1_13' title="bbox 1451 754 1711 789; baseline -0.004 -6.943"><span class='ocrx_word' id='word_1_59' title='bbox 1451 754 1545 789; x_wconf 77' lang='lat' dir='ltr'>thius,</span> <span class='ocrx_word' id='word_1_60' title='bbox 1568 764 1633 783; x_wconf 83' lang='lat' dir='ltr'>rem</span> <span class='ocrx_word' id='word_1_61' title='bbox 1653 758 1711 783; x_wconf 77' lang='lat' dir='ltr'>uis-</span> 
     </span>
    </p>
   </div>
   <div class='ocr_carea' id='block_1_12' title="bbox 46 781 1530 977">
    <p class='ocr_par' dir='ltr' id='par_1_12' title="bbox 46 781 1530 977">
     <span class='ocr_line' id='line_1_14' title="bbox 128 781 1530 840; baseline 0.001 -15"><span class='ocrx_word' id='word_1_62' title='bbox 128 787 212 833; x_wconf 82' lang='grc' dir='ltr'>θος</span> <span class='ocrx_word' id='word_1_63' title='bbox 243 781 324 825; x_wconf 84' lang='grc' dir='ltr'>οὐκ</span> <span class='ocrx_word' id='word_1_64' title='bbox 367 782 584 827; x_wconf 77' lang='grc' dir='ltr'><strong><em>ἐνεδέκετο</em></strong></span> <span class='ocrx_word' id='word_1_65' title='bbox 623 783 728 835; x_wconf 80' lang='grc' dir='ltr'>τούς</span> <span class='ocrx_word' id='word_1_66' title='bbox 756 783 936 840; x_wconf 76' lang='grc' dir='ltr'><strong><em>λόγους·</em></strong></span> <span class='ocrx_word' id='word_1_67' title='bbox 976 784 1019 826; x_wconf 85' lang='grc' dir='ltr'>οἱ</span> <span class='ocrx_word' id='word_1_68' title='bbox 1046 783 1126 838; x_wconf 83' lang='grc' dir='ltr'><strong><em>μέν</em></strong></span> <span class='ocrx_word' id='word_1_69' title='bbox 1153 799 1236 826; x_wconf 90' lang='grc' dir='ltr'>νυν</span> <span class='ocrx_word' id='word_1_70' title='bbox 1266 783 1392 827; x_wconf 81' lang='grc' dir='ltr'><strong><em>ἄλλοι</em></strong></span> <span class='ocrx_word' id='word_1_71' title='bbox 1447 792 1530 834; x_wconf 81' lang='lat'>419</span> 
     </span>
     <span class='ocr_line' id='line_1_15' title="bbox 124 846 1395 908; baseline 0.003 -16"><span class='ocrx_word' id='word_1_72' title='bbox 124 848 309 907; x_wconf 83' lang='grc' dir='ltr'><strong><em>ἡσυχίην</em></strong></span> <span class='ocrx_word' id='word_1_73' title='bbox 337 846 465 907; x_wconf 76' lang='grc' dir='ltr'><strong><em>ἦγον,</em></strong></span> <span class='ocrx_word' id='word_1_74' title='bbox 508 854 748 907; x_wconf 79' lang='grc' dir='ltr'><strong><em>Κορίνθιος</em></strong></span> <span class='ocrx_word' id='word_1_75' title='bbox 770 853 817 896; x_wconf 79' lang='grc' dir='ltr'>δὲ</span> <span class='ocrx_word' id='word_1_76' title='bbox 848 851 1102 908; x_wconf 77' lang='grc' dir='ltr'><strong><em>Σωσικλέης</em></strong></span> <span class='ocrx_word' id='word_1_77' title='bbox 1131 851 1241 904; x_wconf 73' lang='grc' dir='ltr'><strong><em>ἔλεξε</em></strong></span> <span class='ocrx_word' id='word_1_78' title='bbox 1270 852 1395 896; x_wconf 77' lang='grc' dir='ltr'><strong><em>τάδε·</em></strong></span> 
     </span>
     <span class='ocr_line' id='line_1_16' title="bbox 46 917 1451 977; baseline 0.002 -17"><span class='ocrx_word' id='word_1_79' title='bbox 46 921 51 926; x_wconf 91' lang='grc'><strong>’</strong></span> <span class='ocrx_word' id='word_1_80' title='bbox 95 919 210 969; x_wconf 73' lang='lat' dir='ltr'>2‚‚’H</span> <span class='ocrx_word' id='word_1_81' title='bbox 239 918 293 974; x_wconf 82' lang='grc' dir='ltr'>δή</span> <span class='ocrx_word' id='word_1_82' title='bbox 325 917 351 961; x_wconf 81' lang='grc' dir='ltr'>ὅ</span> <span class='ocrx_word' id='word_1_83' title='bbox 380 937 423 963; x_wconf 82' lang='grc' dir='ltr'>τε</span> <span class='ocrx_word' id='word_1_84' title='bbox 454 919 645 974; x_wconf 78' lang='grc' dir='ltr'><strong><em>οὐρανὸς</em></strong></span> <span class='ocrx_word' id='word_1_85' title='bbox 684 921 801 963; x_wconf 76' lang='grc' dir='ltr'>ἐσται</span> <span class='ocrx_word' id='word_1_86' title='bbox 832 919 982 974; x_wconf 80' lang='grc' dir='ltr'><strong><em>ε’νερθε</em></strong></span> <span class='ocrx_word' id='word_1_87' title='bbox 1012 923 1090 976; x_wconf 82' lang='grc' dir='ltr'>τῆς</span> <span class='ocrx_word' id='word_1_88' title='bbox 1118 924 1221 977; x_wconf 80' lang='grc' dir='ltr'>γῆς,</span> <span class='ocrx_word' id='word_1_89' title='bbox 1263 921 1336 963; x_wconf 78' lang='grc' dir='ltr'>καὶ</span> <span class='ocrx_word' id='word_1_90' title='bbox 1364 920 1451 977; x_wconf 86' lang='grc' dir='ltr'>ἡ66</span> 
     </span>
    </p>
   </div>
   <div class='ocr_carea' id='block_1_13' title="bbox 125 1007 343 1011">
    <p class='ocr_par' dir='ltr' id='par_1_13' title="bbox 125 1007 343 1011">
     <span class='ocr_line' id='line_1_17' title="bbox 125 1007 343 1011; baseline 0 0"><span class='ocrx_word' id='word_1_91' title='bbox 125 1007 343 1011; x_wconf 95' lang='lat' dir='ltr'> </span> 
     </span>
    </p>
   </div>
   <div class='ocr_carea' id='block_1_14' title="bbox 67 1059 730 1166">
    <p class='ocr_par' dir='ltr' id='par_1_14' title="bbox 67 1059 730 1166">
     <span class='ocr_line' id='line_1_18' title="bbox 67 1059 730 1110; baseline 0 -15"><span class='ocrx_word' id='word_1_92' title='bbox 67 1071 172 1106; x_wconf 88' lang='lat' dir='ltr'>care,</span> <span class='ocrx_word' id='word_1_93' title='bbox 203 1059 290 1096; x_wconf 84' lang='lat' dir='ltr'>satis</span> <span class='ocrx_word' id='word_1_94' title='bbox 325 1059 456 1110; x_wconf 80' lang='lat' dir='ltr'>liquet.</span> <span class='ocrx_word' id='word_1_95' title='bbox 524 1060 581 1094; x_wconf 86' lang='lat' dir='ltr'>De</span> <span class='ocrx_word' id='word_1_96' title='bbox 610 1060 730 1110; x_wconf 86' lang='lat' dir='ltr'>parti-</span> 
     </span>
     <span class='ocr_line' id='line_1_19' title="bbox 67 1114 725 1166; baseline 0.003 -16"><span class='ocrx_word' id='word_1_97' title='bbox 67 1116 154 1166; x_wconf 86' lang='lat' dir='ltr'>cipii</span> <span class='ocrx_word' id='word_1_98' title='bbox 174 1129 245 1152; x_wconf 87' lang='lat' dir='ltr'>usu</span> <span class='ocrx_word' id='word_1_99' title='bbox 265 1116 413 1154; x_wconf 82' lang='lat' dir='ltr'>consul.</span> <span class='ocrx_word' id='word_1_100' title='bbox 426 1114 563 1153; x_wconf 74' lang='lat' dir='ltr'>matth.</span> <span class='ocrx_word' id='word_1_101' title='bbox 579 1117 646 1154; x_wconf 85' lang='lat' dir='ltr'>Gr.</span> <span class='ocrx_word' id='word_1_102' title='bbox 658 1117 725 1153; x_wconf 88' lang='lat' dir='ltr'>Gr.</span> 
     </span>
    </p>
   </div>
   <div class='ocr_carea' id='block_1_15' title="bbox 69 1170 472 1224">
    <p class='ocr_par' dir='ltr' id='par_1_15' title="bbox 69 1170 472 1224">
     <span class='ocr_line' id='line_1_20' title="bbox 69 1170 472 1224; baseline -0.012 -11"><span class='ocrx_word' id='word_1_103' title='bbox 69 1173 106 1220; x_wconf 83' lang='lat'>§‚</span> <span class='ocrx_word' id='word_1_104' title='bbox 128 1170 222 1221; x_wconf 83' lang='lat'>549,</span> <span class='ocrx_word' id='word_1_105' title='bbox 244 1176 268 1221; x_wconf 75' lang='lat'><strong>3</strong></span> <span class='ocrx_word' id='word_1_106' title='bbox 288 1187 327 1224; x_wconf 82' lang='lat' dir='ltr'>p.</span> <span class='ocrx_word' id='word_1_107' title='bbox 351 1174 472 1213; x_wconf 85' lang='lat'>1076.</span> 
     </span>
    </p>
   </div>
   <div class='ocr_carea' id='block_1_16' title="bbox 21 1247 732 2421">
    <p class='ocr_par' dir='ltr' id='par_1_16' title="bbox 21 1247 732 2421">
     <span class='ocr_line' id='line_1_21' title="bbox 126 1247 729 1303; baseline 0 -13"><span class='ocrx_word' id='word_1_108' title='bbox 126 1254 203 1290; x_wconf 80' lang='grc' dir='ltr'>νῦν</span> <span class='ocrx_word' id='word_1_109' title='bbox 219 1247 496 1302; x_wconf 75' lang='grc' dir='ltr'><strong><em>πειρησόμεθά</em></strong></span> <span class='ocrx_word' id='word_1_110' title='bbox 512 1264 636 1301; x_wconf 80' lang='grc' dir='ltr'><strong><em>σφεας</em></strong></span> <span class='ocrx_word' id='word_1_111' title='bbox 646 1247 729 1303; x_wconf 69' lang='grc' dir='ltr'>ἅμα</span> 
     </span>
     <span class='ocr_line' id='line_1_22' title="bbox 68 1303 727 1359; baseline -0.002 -13"><span class='ocrx_word' id='word_1_112' title='bbox 68 1305 167 1359; x_wconf 76' lang='grc' dir='ltr'>Ιὗμ,ῖν</span> <span class='ocrx_word' id='word_1_113' title='bbox 185 1303 398 1358; x_wconf 75' lang='grc' dir='ltr'><strong><em>οἷκεόμενοι</em></strong></span> <span class='ocrx_word' id='word_1_114' title='bbox 412 1309 622 1358; x_wconf 80' lang='grc' dir='ltr'>τίσασθαι]</span> <span class='ocrx_word' id='word_1_115' title='bbox 644 1310 672 1346; x_wconf 87' lang='lat' dir='ltr'>i.</span> <span class='ocrx_word' id='word_1_116' title='bbox 693 1323 727 1346; x_wconf 88' lang='lat' dir='ltr'>e.</span> 
     </span>
     <span class='ocr_line' id='line_1_23' title="bbox 21 1365 728 1415; baseline 0.003 -14"><span class='ocrx_word' id='word_1_117' title='bbox 21 1370 28 1375; x_wconf 75' lang='lat'><strong><em>‘</em></strong></span> <span class='ocrx_word' id='word_1_118' title='bbox 67 1377 161 1401; x_wconf 80' lang='lat' dir='ltr'>nunc</span> <span class='ocrx_word' id='word_1_119' title='bbox 201 1379 338 1415; x_wconf 77' lang='lat' dir='ltr'>operam</span> <span class='ocrx_word' id='word_1_120' title='bbox 372 1365 534 1402; x_wconf 75' lang='lat' dir='ltr'>(labimus</span> <span class='ocrx_word' id='word_1_121' title='bbox 547 1394 564 1411; x_wconf 73' lang='lat'><em>,</em></span> <span class='ocrx_word' id='word_1_122' title='bbox 604 1369 645 1403; x_wconf 84' lang='lat' dir='ltr'>ut</span> <span class='ocrx_word' id='word_1_123' title='bbox 674 1380 728 1404; x_wconf 83' lang='lat' dir='ltr'>eos</span> 
     </span>
     <span class='ocr_line' id='line_1_24' title="bbox 69 1419 730 1471; baseline 0 -11"><span class='ocrx_word' id='word_1_124' title='bbox 69 1419 346 1470; x_wconf 66' lang='grc' dir='ltr'>(σφέας-ΑΗ]</span> <span class='ocrx_word' id='word_1_125' title='bbox 353 1424 520 1459; x_wconf 82' lang='lat' dir='ltr'>enienses</span> <span class='ocrx_word' id='word_1_126' title='bbox 530 1424 642 1471; x_wconf 71' lang='lat' dir='ltr'>scih),</span> <span class='ocrx_word' id='word_1_127' title='bbox 654 1423 730 1461; x_wconf 68' lang='lat' dir='ltr'>und</span> 
     </span>
     <span class='ocr_line' id='line_1_25' title="bbox 66 1479 731 1528; baseline 0.002 -13"><span class='ocrx_word' id='word_1_128' title='bbox 66 1479 243 1515; x_wconf 79' lang='lat' dir='ltr'>vobiscum</span> <span class='ocrx_word' id='word_1_129' title='bbox 276 1479 358 1516; x_wconf 76' lang='lat' dir='ltr'>huic</span> <span class='ocrx_word' id='word_1_130' title='bbox 392 1479 482 1516; x_wconf 79' lang='lat' dir='ltr'>malo</span> <span class='ocrx_word' id='word_1_131' title='bbox 501 1480 549 1528; x_wconf 88' lang='lat' dir='ltr'>(s.</span> <span class='ocrx_word' id='word_1_132' title='bbox 571 1481 688 1516; x_wconf 89' lang='lat' dir='ltr'>errori</span> <span class='ocrx_word' id='word_1_133' title='bbox 709 1493 731 1516; x_wconf 90' lang='lat' dir='ltr'>a</span> 
     </span>
     <span class='ocr_line' id='line_1_26' title="bbox 65 1535 730 1585; baseline 0.005 -14"><span class='ocrx_word' id='word_1_134' title='bbox 65 1535 176 1572; x_wconf 87' lang='lat' dir='ltr'>nobis</span> <span class='ocrx_word' id='word_1_135' title='bbox 207 1536 428 1585; x_wconf 81' lang='lat' dir='ltr'>commisso)</span> <span class='ocrx_word' id='word_1_136' title='bbox 460 1537 654 1583; x_wconf 77' lang='lat' dir='ltr'>medentes,</span> <span class='ocrx_word' id='word_1_137' title='bbox 674 1537 730 1574; x_wconf 81' lang='lat' dir='ltr'>ul-</span> 
     </span>
     <span class='ocr_line' id='line_1_27' title="bbox 21 1593 732 1642; baseline 0.004 -14"><span class='ocrx_word' id='word_1_138' title='bbox 21 1601 23 1603; x_wconf 87' lang='grc'><em>“</em></span> <span class='ocrx_word' id='word_1_139' title='bbox 67 1594 240 1629; x_wconf 77' lang='lat' dir='ltr'>ciscamur</span> <span class='ocrx_word' id='word_1_140' title='bbox 257 1606 286 1631; x_wconf 89' lang='lat' dir='ltr'>s.</span> <span class='ocrx_word' id='word_1_141' title='bbox 303 1594 505 1642; x_wconf 77' lang='lat' dir='ltr'>puniamus,</span> <span class='ocrx_word' id='word_1_142' title='bbox 563 1593 626 1630; x_wconf 86' lang='lat' dir='ltr'>Ad</span> <span class='ocrx_word' id='word_1_143' title='bbox 642 1607 732 1631; x_wconf 68' lang='lat' dir='ltr'>ver-</span> 
     </span>
     <span class='ocr_line' id='line_1_28' title="bbox 66 1642 725 1701; baseline 0.005 -17"><span class='ocrx_word' id='word_1_144' title='bbox 66 1648 162 1684; x_wconf 91' lang='lat' dir='ltr'>bum</span> <span class='ocrx_word' id='word_1_145' title='bbox 172 1642 443 1699; x_wconf 74' lang='grc' dir='ltr'><strong><em>οἷκεόμενοι,ᾶε</em></strong></span> <span class='ocrx_word' id='word_1_146' title='bbox 455 1663 531 1701; x_wconf 91' lang='lat' dir='ltr'>quo</span> <span class='ocrx_word' id='word_1_147' title='bbox 548 1650 579 1687; x_wconf 87' lang='lat' dir='ltr'>C</span> <span class='ocrx_word' id='word_1_148' title='bbox 588 1664 615 1688; x_wconf 84' lang='lat' dir='ltr'>r.</span> <span class='ocrx_word' id='word_1_149' title='bbox 629 1664 725 1687; x_wconf 87' lang='lat' dir='ltr'>con-</span> 
     </span>
     <span class='ocr_line' id='line_1_29' title="bbox 66 1705 727 1744; baseline 0.005 -3"><span class='ocrx_word' id='word_1_150' title='bbox 66 1705 139 1742; x_wconf 83' lang='lat' dir='ltr'>suli</span> <span class='ocrx_word' id='word_1_151' title='bbox 157 1707 239 1742; x_wconf 72' lang='lat' dir='ltr'>vult</span> <span class='ocrx_word' id='word_1_152' title='bbox 257 1707 340 1743; x_wconf 89' lang='lat' dir='ltr'>Ast.</span> <span class='ocrx_word' id='word_1_153' title='bbox 360 1705 409 1743; x_wconf 88' lang='lat' dir='ltr'>ad</span> <span class='ocrx_word' id='word_1_154' title='bbox 435 1708 586 1744; x_wconf 82' lang='lat' dir='ltr'>Platon.</span> <span class='ocrx_word' id='word_1_155' title='bbox 607 1709 727 1744; x_wconf 88' lang='lat' dir='ltr'>Rem-</span> 
     </span>
     <span class='ocr_line' id='line_1_30' title="bbox 66 1763 729 1813; baseline 0.005 -15"><span class='ocrx_word' id='word_1_156' title='bbox 66 1763 171 1812; x_wconf 86' lang='lat' dir='ltr'>publ.</span> <span class='ocrx_word' id='word_1_157' title='bbox 200 1764 248 1810; x_wconf 89' lang='lat' dir='ltr'>H,</span> <span class='ocrx_word' id='word_1_158' title='bbox 270 1766 296 1804; x_wconf 93' lang='lat'>7</span> <span class='ocrx_word' id='word_1_159' title='bbox 327 1775 415 1813; x_wconf 81' lang='lat' dir='ltr'>pag.</span> <span class='ocrx_word' id='word_1_160' title='bbox 436 1763 538 1809; x_wconf 83' lang='lat'>405,</span> <span class='ocrx_word' id='word_1_161' title='bbox 566 1766 729 1802; x_wconf 78' lang='lat' dir='ltr'>VVesse—</span> 
     </span>
     <span class='ocr_line' id='line_1_31' title="bbox 66 1819 728 1869; baseline 0.005 -15"><span class='ocrx_word' id='word_1_162' title='bbox 66 1819 162 1868; x_wconf 85' lang='lat' dir='ltr'>ling.</span> <span class='ocrx_word' id='word_1_163' title='bbox 198 1826 283 1869; x_wconf 84' lang='lat' dir='ltr'>apte</span> <span class='ocrx_word' id='word_1_164' title='bbox 309 1820 469 1856; x_wconf 83' lang='lat' dir='ltr'>contulit</span> <span class='ocrx_word' id='word_1_165' title='bbox 503 1822 661 1857; x_wconf 86' lang='lat' dir='ltr'>Homer.</span> <span class='ocrx_word' id='word_1_166' title='bbox 682 1822 728 1858; x_wconf 92' lang='lat' dir='ltr'>Il.</span> 
     </span>
     <span class='ocr_line' id='line_1_32' title="bbox 66 1875 729 1924; baseline 0.009 -14"><span class='ocrx_word' id='word_1_167' title='bbox 66 1875 172 1921; x_wconf 85' lang='lat' dir='ltr'>XIII,</span> <span class='ocrx_word' id='word_1_168' title='bbox 207 1875 285 1915; x_wconf 84' lang='lat'>115</span> <span class='ocrx_word' id='word_1_169' title='bbox 311 1883 348 1912; x_wconf 85' lang='lat' dir='ltr'>et</span> <span class='ocrx_word' id='word_1_170' title='bbox 379 1875 563 1913; x_wconf 85' lang='lat' dir='ltr'>Herodot.</span> <span class='ocrx_word' id='word_1_171' title='bbox 582 1879 613 1924; x_wconf 91' lang='grc' dir='ltr'>Ι,</span> <span class='ocrx_word' id='word_1_172' title='bbox 636 1879 729 1918; x_wconf 85' lang='grc'>167.</span> 
     </span>
     <span class='ocr_line' id='line_1_33' title="bbox 66 1929 731 1984; baseline 0.006 -18"><span class='ocrx_word' id='word_1_173' title='bbox 66 1931 134 1978; x_wconf 91' lang='grc' dir='ltr'>ΠΙ,</span> <span class='ocrx_word' id='word_1_174' title='bbox 155 1929 230 1978; x_wconf 81' lang='grc'>40,</span> <span class='ocrx_word' id='word_1_175' title='bbox 260 1931 327 1967; x_wconf 91' lang='lat' dir='ltr'>ubi</span> <span class='ocrx_word' id='word_1_176' title='bbox 351 1931 392 1968; x_wconf 88' lang='lat' dir='ltr'>in</span> <span class='ocrx_word' id='word_1_177' title='bbox 419 1935 665 1970; x_wconf 84' lang='lat' dir='ltr'>annotatione</span> <span class='ocrx_word' id='word_1_178' title='bbox 691 1947 731 1984; x_wconf 91' lang='lat' dir='ltr'>p.</span> 
     </span>
     <span class='ocr_line' id='line_1_34' title="bbox 68 1988 732 2038; baseline 0.009 -18"><span class='ocrx_word' id='word_1_179' title='bbox 68 1990 121 2027; x_wconf 86' lang='lat'>77</span> <span class='ocrx_word' id='word_1_180' title='bbox 143 1999 211 2036; x_wconf 89' lang='lat' dir='ltr'>pro</span> <span class='ocrx_word' id='word_1_181' title='bbox 230 1988 296 2034; x_wconf 88' lang='lat' dir='ltr'>III,</span> <span class='ocrx_word' id='word_1_182' title='bbox 321 1991 339 2027; x_wconf 88' lang='lat'>1</span> <span class='ocrx_word' id='word_1_183' title='bbox 356 1991 380 2028; x_wconf 93' lang='lat'>7</span> <span class='ocrx_word' id='word_1_184' title='bbox 401 1989 477 2038; x_wconf 86' lang='lat' dir='ltr'>leg.</span> <span class='ocrx_word' id='word_1_185' title='bbox 497 1990 563 2037; x_wconf 89' lang='lat'>111,</span> <span class='ocrx_word' id='word_1_186' title='bbox 588 1993 607 2029; x_wconf 88' lang='lat'>1</span> <span class='ocrx_word' id='word_1_187' title='bbox 622 1992 659 2037; x_wconf 83' lang='grc'>6,</span> <span class='ocrx_word' id='word_1_188' title='bbox 689 1997 732 2026; x_wconf 87' lang='lat' dir='ltr'>ut</span> 
     </span>
     <span class='ocr_line' id='line_1_35' title="bbox 67 2042 730 2084; baseline 0.005 -5"><span class='ocrx_word' id='word_1_189' title='bbox 67 2044 107 2079; x_wconf 89' lang='lat' dir='ltr'>in</span> <span class='ocrx_word' id='word_1_190' title='bbox 137 2042 335 2080; x_wconf 73' lang='lat' dir='ltr'>Addendis</span> <span class='ocrx_word' id='word_1_191' title='bbox 366 2046 482 2084; x_wconf 87' lang='lat' dir='ltr'>Tom.</span> <span class='ocrx_word' id='word_1_192' title='bbox 508 2047 543 2082; x_wconf 92' lang='lat' dir='ltr'>II</span> <span class='ocrx_word' id='word_1_193' title='bbox 572 2047 730 2083; x_wconf 88' lang='lat' dir='ltr'>monui-</span> 
     </span>
     <span class='ocr_line' id='line_1_36' title="bbox 66 2101 725 2153; baseline 0.006 -18"><span class='ocrx_word' id='word_1_194' title='bbox 66 2112 166 2135; x_wconf 88' lang='lat' dir='ltr'><strong>mus.</strong></span> <span class='ocrx_word' id='word_1_195' title='bbox 188 2121 241 2126; x_wconf 92' lang='lat'><strong>—</strong></span> <span class='ocrx_word' id='word_1_196' title='bbox 272 2102 366 2136; x_wconf 80' lang='lat' dir='ltr'>Mox</span> <span class='ocrx_word' id='word_1_197' title='bbox 393 2115 482 2138; x_wconf 85' lang='lat' dir='ltr'>cum</span> <span class='ocrx_word' id='word_1_198' title='bbox 503 2101 725 2153; x_wconf 79' lang='lat' dir='ltr'>Schweigh.</span> 
     </span>
     <span class='ocr_line' id='line_1_37' title="bbox 68 2156 725 2226; baseline 0.009 -35"><span class='ocrx_word' id='word_1_199' title='bbox 68 2163 105 2193; x_wconf 87' lang='lat' dir='ltr'>et</span> <span class='ocrx_word' id='word_1_200' title='bbox 143 2156 260 2192; x_wconf 78' lang='lat' dir='ltr'>Gaisf.</span> <span class='ocrx_word' id='word_1_201' title='bbox 299 2158 572 2226; x_wconf 85' lang='lat' dir='ltr'>plerorumque</span> <span class='ocrx_word' id='word_1_202' title='bbox 612 2159 725 2199; x_wconf 89' lang='lat' dir='ltr'>codd.</span> 
     </span>
     <span class='ocr_line' id='line_1_38' title="bbox 67 2211 727 2269; baseline 0.011 -20"><span class='ocrx_word' id='word_1_203' title='bbox 67 2226 252 2250; x_wconf 83' lang='lat' dir='ltr'>consensu</span> <span class='ocrx_word' id='word_1_204' title='bbox 287 2213 443 2251; x_wconf 74' lang='lat' dir='ltr'>exhibui</span> <span class='ocrx_word' id='word_1_205' title='bbox 484 2211 612 2255; x_wconf 71' lang='grc' dir='ltr'><strong><em>αὐτοῦ</em></strong></span> <span class='ocrx_word' id='word_1_206' title='bbox 651 2232 727 2269; x_wconf 80' lang='grc' dir='ltr'>γαο</span> 
     </span>
     <span class='ocr_line' id='line_1_39' title="bbox 65 2265 726 2326; baseline 0.008 -19"><span class='ocrx_word' id='word_1_207' title='bbox 65 2265 211 2309; x_wconf 78' lang='grc' dir='ltr'><strong><em>τούτου</em></strong></span> <span class='ocrx_word' id='word_1_208' title='bbox 237 2270 386 2310; x_wconf 74' lang='grc' dir='ltr'><strong><em>εἵνεκεν</em></strong></span> <span class='ocrx_word' id='word_1_209' title='bbox 405 2286 474 2323; x_wconf 88' lang='lat' dir='ltr'>pro</span> <span class='ocrx_word' id='word_1_210' title='bbox 504 2270 630 2312; x_wconf 68' lang='grc' dir='ltr'><strong><em>αὐτοῦ</em></strong></span> <span class='ocrx_word' id='word_1_211' title='bbox 651 2289 726 2326; x_wconf 81' lang='grc' dir='ltr'>γαρ</span> 
     </span>
     <span class='ocr_line' id='line_1_40' title="bbox 66 2323 727 2382; baseline 0.005 -18"><span class='ocrx_word' id='word_1_212' title='bbox 66 2323 118 2377; x_wconf 75' lang='grc' dir='ltr'>δη</span> <span class='ocrx_word' id='word_1_213' title='bbox 147 2328 261 2365; x_wconf 81' lang='grc' dir='ltr'><strong><em>τοῦδε</em></strong></span> <span class='ocrx_word' id='word_1_214' title='bbox 291 2327 437 2378; x_wconf 80' lang='grc' dir='ltr'><strong><em>εἵνεκε,</em></strong></span> <span class='ocrx_word' id='word_1_215' title='bbox 468 2329 573 2382; x_wconf 88' lang='lat' dir='ltr'>quod</span> <span class='ocrx_word' id='word_1_216' title='bbox 601 2331 727 2381; x_wconf 85' lang='lat' dir='ltr'>ipsum</span> 
     </span>
     <span class='ocr_line' id='line_1_41' title="bbox 66 2383 340 2421; baseline 0.008 -2"><span class='ocrx_word' id='word_1_217' title='bbox 66 2384 187 2420; x_wconf 74' lang='lat' dir='ltr'>tenuit</span> <span class='ocrx_word' id='word_1_218' title='bbox 205 2383 340 2421; x_wconf 83' lang='lat' dir='ltr'>Matth.</span> 
     </span>
    </p>
   </div>
   <div class='ocr_carea' id='block_1_17' title="bbox 67 2469 730 2867">
    <p class='ocr_par' dir='ltr' id='par_1_17' title="bbox 67 2469 730 2867">
     <span class='ocr_line' id='line_1_42' title="bbox 123 2469 727 2527; baseline 0.007 -16"><span class='ocrx_word' id='word_1_219' title='bbox 123 2469 338 2523; x_wconf 68' lang='grc' dir='ltr'><strong><em>ἀποδῶμεν</em></strong></span> <span class='ocrx_word' id='word_1_220' title='bbox 364 2472 412 2512; x_wconf 72' lang='grc' dir='ltr'>τοὶ</span> <span class='ocrx_word' id='word_1_221' title='bbox 443 2474 510 2514; x_wconf 76' lang='grc' dir='ltr'>καὶ</span> <span class='ocrx_word' id='word_1_222' title='bbox 535 2470 727 2527; x_wconf 81' lang='grc' dir='ltr'><strong><em>οἷπελὸμε-</em></strong></span> 
     </span>
     <span class='ocr_line' id='line_1_43' title="bbox 67 2530 729 2583; baseline 0.003 -15"><span class='ocrx_word' id='word_1_223' title='bbox 67 2530 153 2577; x_wconf 83' lang='grc' dir='ltr'>θα]</span> <span class='ocrx_word' id='word_1_224' title='bbox 185 2531 211 2566; x_wconf 90' lang='lat' dir='ltr'>i.</span> <span class='ocrx_word' id='word_1_225' title='bbox 233 2543 266 2567; x_wconf 84' lang='lat' dir='ltr'>e.</span> <span class='ocrx_word' id='word_1_226' title='bbox 283 2534 323 2567; x_wconf 82' lang='lat' dir='ltr'>ut</span> <span class='ocrx_word' id='word_1_227' title='bbox 344 2531 402 2568; x_wconf 76' lang='lat' dir='ltr'>illi</span> <span class='ocrx_word' id='word_1_228' title='bbox 418 2532 619 2581; x_wconf 79' lang='lat' dir='ltr'><em>reddamus,</em></span> <span class='ocrx_word' id='word_1_229' title='bbox 640 2546 729 2583; x_wconf 81' lang='lat' dir='ltr'>quae</span> 
     </span>
     <span class='ocr_line' id='line_1_44' title="bbox 68 2583 730 2639; baseline 0.005 -17"><span class='ocrx_word' id='word_1_230' title='bbox 68 2585 270 2623; x_wconf 77' lang='lat' dir='ltr'><em>ademimus.</em></span> <span class='ocrx_word' id='word_1_231' title='bbox 307 2589 381 2624; x_wconf 91' lang='lat' dir='ltr'>Pro</span> <span class='ocrx_word' id='word_1_232' title='bbox 393 2583 624 2639; x_wconf 77' lang='grc' dir='ltr'><strong><em>οἷπελόμεθα</em></strong></span> <span class='ocrx_word' id='word_1_233' title='bbox 644 2590 730 2626; x_wconf 80' lang='lat' dir='ltr'>Me—</span> 
     </span>
     <span class='ocr_line' id='line_1_45' title="bbox 69 2640 729 2683; baseline 0.008 -5"><span class='ocrx_word' id='word_1_234' title='bbox 69 2640 198 2680; x_wconf 75' lang='lat' dir='ltr'>diceus</span> <span class='ocrx_word' id='word_1_235' title='bbox 217 2644 312 2680; x_wconf 84' lang='lat' dir='ltr'>liber</span> <span class='ocrx_word' id='word_1_236' title='bbox 334 2657 378 2681; x_wconf 88' lang='lat' dir='ltr'>ac</span> <span class='ocrx_word' id='word_1_237' title='bbox 391 2644 581 2682; x_wconf 80' lang='lat' dir='ltr'>Sancrofti</span> <span class='ocrx_word' id='word_1_238' title='bbox 605 2645 729 2683; x_wconf 85' lang='lat' dir='ltr'>codex</span> 
     </span>
     <span class='ocr_line' id='line_1_46' title="bbox 69 2696 728 2754; baseline 0.006 -19"><span class='ocrx_word' id='word_1_239' title='bbox 69 2711 158 2736; x_wconf 88' lang='lat' dir='ltr'>cum</span> <span class='ocrx_word' id='word_1_240' title='bbox 199 2700 277 2738; x_wconf 82' lang='lat' dir='ltr'>aliis</span> <span class='ocrx_word' id='word_1_241' title='bbox 315 2696 586 2751; x_wconf 76' lang='grc' dir='ltr'>οἷπεῖλόμεθα,</span> <span class='ocrx_word' id='word_1_242' title='bbox 624 2702 728 2754; x_wconf 85' lang='lat' dir='ltr'>quod</span> 
     </span>
     <span class='ocr_line' id='line_1_47' title="bbox 68 2756 727 2796; baseline 0.008 -5"><span class='ocrx_word' id='word_1_243' title='bbox 68 2756 149 2792; x_wconf 84' lang='lat' dir='ltr'>sine</span> <span class='ocrx_word' id='word_1_244' title='bbox 207 2757 282 2793; x_wconf 88' lang='lat' dir='ltr'>ulla</span> <span class='ocrx_word' id='word_1_245' title='bbox 332 2758 502 2794; x_wconf 79' lang='lat' dir='ltr'>lectionis</span> <span class='ocrx_word' id='word_1_246' title='bbox 549 2759 727 2796; x_wconf 80' lang='lat' dir='ltr'>van‘etate</span> 
     </span>
     <span class='ocr_line' id='line_1_48' title="bbox 71 2814 727 2867; baseline 0.006 -19"><span class='ocrx_word' id='word_1_247' title='bbox 71 2819 190 2849; x_wconf 74' lang='lat' dir='ltr'>exstat</span> <span class='ocrx_word' id='word_1_248' title='bbox 219 2814 317 2861; x_wconf 84' lang='lat' dir='ltr'>vm,</span> <span class='ocrx_word' id='word_1_249' title='bbox 339 2817 378 2861; x_wconf 85' lang='lat'>3,</span> <span class='ocrx_word' id='word_1_250' title='bbox 409 2814 591 2867; x_wconf 88' lang='lat' dir='ltr'>quodque</span> <span class='ocrx_word' id='word_1_251' title='bbox 613 2817 727 2853; x_wconf 78' lang='lat' dir='ltr'>etiam</span> 
     </span>
    </p>
   </div>
   <div class='ocr_carea' id='block_1_18' title="bbox 783 1058 1452 2699">
    <p class='ocr_par' dir='ltr' id='par_1_18' title="bbox 784 1058 1451 1224">
     <span class='ocr_line' id='line_1_49' title="bbox 785 1058 1451 1110; baseline -0.002 -14"><span class='ocrx_word' id='word_1_252' title='bbox 785 1058 864 1097; x_wconf 84' lang='lat' dir='ltr'>h.l.</span> <span class='ocrx_word' id='word_1_253' title='bbox 890 1060 1107 1097; x_wconf 83' lang='lat' dir='ltr'>restitutum</span> <span class='ocrx_word' id='word_1_254' title='bbox 1134 1060 1215 1095; x_wconf 77' lang='lat' dir='ltr'>vult</span> <span class='ocrx_word' id='word_1_255' title='bbox 1234 1059 1371 1110; x_wconf 79' lang='lat' dir='ltr'>Apetz.</span> <span class='ocrx_word' id='word_1_256' title='bbox 1394 1060 1451 1095; x_wconf 83' lang='lat' dir='ltr'>ci-</span> 
     </span>
     <span class='ocr_line' id='line_1_50' title="bbox 784 1115 1215 1165; baseline 0.005 -12"><span class='ocrx_word' id='word_1_257' title='bbox 784 1123 869 1153; x_wconf 89' lang='lat' dir='ltr'>tans</span> <span class='ocrx_word' id='word_1_258' title='bbox 887 1118 917 1165; x_wconf 86' lang='grc' dir='ltr'>Ι,</span> <span class='ocrx_word' id='word_1_259' title='bbox 943 1119 1007 1158; x_wconf 81' lang='lat'>16.</span> <span class='ocrx_word' id='word_1_260' title='bbox 1029 1118 1097 1157; x_wconf 87' lang='lat'>76.</span> <span class='ocrx_word' id='word_1_261' title='bbox 1123 1115 1215 1156; x_wconf 78' lang='lat'>114.</span> 
     </span>
     <span class='ocr_line' id='line_1_51' title="bbox 927 1173 1309 1224; baseline -0.003 -15"><span class='ocrx_word' id='word_1_262' title='bbox 927 1173 1020 1224; x_wconf 85' lang='lat' dir='ltr'>Cap.</span> <span class='ocrx_word' id='word_1_263' title='bbox 1051 1173 1171 1219; x_wconf 85' lang='lat' dir='ltr'>XCII,</span> <span class='ocrx_word' id='word_1_264' title='bbox 1202 1173 1239 1218; x_wconf 66' lang='grc' dir='ltr'>ξ.</span> <span class='ocrx_word' id='word_1_265' title='bbox 1274 1173 1309 1211; x_wconf 89' lang='grc'>1.</span> 
     </span>
    </p>

    <p class='ocr_par' dir='ltr' id='par_1_19' title="bbox 783 1226 1452 2587">
     <span class='ocr_line' id='line_1_52' title="bbox 843 1226 1448 1280; baseline 0 -12"><span class='ocrx_word' id='word_1_266' title='bbox 843 1230 1067 1280; x_wconf 77' lang='grc' dir='ltr'><strong><em>Κορίνθιος</em></strong></span> <span class='ocrx_word' id='word_1_267' title='bbox 1111 1226 1153 1268; x_wconf 80' lang='grc' dir='ltr'>ὁὲ</span> <span class='ocrx_word' id='word_1_268' title='bbox 1193 1227 1448 1279; x_wconf 79' lang='grc' dir='ltr'><strong><em>Σωσικλέης]</em></strong></span> 
     </span>
     <span class='ocr_line' id='line_1_53' title="bbox 787 1285 1452 1337; baseline 0.002 -14"><span class='ocrx_word' id='word_1_269' title='bbox 787 1287 864 1323; x_wconf 92' lang='lat' dir='ltr'>Pro</span> <span class='ocrx_word' id='word_1_270' title='bbox 877 1285 1103 1337; x_wconf 73' lang='grc' dir='ltr'><em>Σωσικλέης</em></span> <span class='ocrx_word' id='word_1_271' title='bbox 1114 1287 1154 1323; x_wconf 93' lang='lat' dir='ltr'>in</span> <span class='ocrx_word' id='word_1_272' title='bbox 1174 1285 1348 1322; x_wconf 74' lang='lat' dir='ltr'>Medic-eo</span> <span class='ocrx_word' id='word_1_273' title='bbox 1361 1290 1452 1324; x_wconf 86' lang='grc' dir='ltr'>Σω-</span> 
     </span>
     <span class='ocr_line' id='line_1_54' title="bbox 785 1342 1451 1394; baseline -0.002 -12"><span class='ocrx_word' id='word_1_274' title='bbox 785 1346 884 1394; x_wconf 80' lang='grc' dir='ltr'><strong><em>κλῆς</em></strong></span> <span class='ocrx_word' id='word_1_275' title='bbox 899 1373 909 1391; x_wconf 93' lang='grc'>,</span> <span class='ocrx_word' id='word_1_276' title='bbox 939 1345 979 1379; x_wconf 82' lang='lat' dir='ltr'>in</span> <span class='ocrx_word' id='word_1_277' title='bbox 999 1344 1169 1381; x_wconf 87' lang='lat' dir='ltr'>Florent.</span> <span class='ocrx_word' id='word_1_278' title='bbox 1193 1343 1273 1379; x_wconf 87' lang='lat' dir='ltr'>aliis</span> <span class='ocrx_word' id='word_1_279' title='bbox 1293 1342 1451 1381; x_wconf 74' lang='grc' dir='ltr'><strong><em>Σωκλέ-</em></strong></span> 
     </span>
     <span class='ocr_line' id='line_1_55' title="bbox 787 1398 1451 1450; baseline -0.002 -14"><span class='ocrx_word' id='word_1_280' title='bbox 787 1416 836 1450; x_wconf 82' lang='grc' dir='ltr'>ης</span> <span class='ocrx_word' id='word_1_281' title='bbox 864 1401 952 1437; x_wconf 85' lang='lat' dir='ltr'>coll.</span> <span class='ocrx_word' id='word_1_282' title='bbox 981 1398 1177 1437; x_wconf 79' lang='lat' dir='ltr'>Plutarch.</span> <span class='ocrx_word' id='word_1_283' title='bbox 1202 1401 1239 1436; x_wconf 91' lang='grc' dir='ltr'>Π</span> <span class='ocrx_word' id='word_1_284' title='bbox 1258 1412 1347 1450; x_wconf 82' lang='lat' dir='ltr'>pag.</span> <span class='ocrx_word' id='word_1_285' title='bbox 1369 1401 1451 1440; x_wconf 85' lang='lat'>860</span> 
     </span>
     <span class='ocr_line' id='line_1_56' title="bbox 786 1457 1452 1502; baseline -0.002 -8"><span class='ocrx_word' id='word_1_286' title='bbox 786 1459 830 1494; x_wconf 91' lang='lat' dir='ltr'>F.</span> <span class='ocrx_word' id='word_1_287' title='bbox 863 1458 968 1502; x_wconf 80' lang='lat' dir='ltr'>Quae</span> <span class='ocrx_word' id='word_1_288' title='bbox 997 1470 1088 1494; x_wconf 89' lang='lat' dir='ltr'>sane</span> <span class='ocrx_word' id='word_1_289' title='bbox 1117 1457 1360 1494; x_wconf 84' lang='lat' dir='ltr'>librariorum</span> <span class='ocrx_word' id='word_1_290' title='bbox 1387 1470 1452 1493; x_wconf 87' lang='lat' dir='ltr'>so-</span> 
     </span>
     <span class='ocr_line' id='line_1_57' title="bbox 788 1513 1450 1565; baseline -0.002 -15"><span class='ocrx_word' id='word_1_291' title='bbox 788 1513 918 1551; x_wconf 82' lang='lat' dir='ltr'>cordia</span> <span class='ocrx_word' id='word_1_292' title='bbox 937 1516 1127 1565; x_wconf 77' lang='lat' dir='ltr'>peperisse</span> <span class='ocrx_word' id='word_1_293' title='bbox 1142 1513 1293 1550; x_wconf 71' lang='lat' dir='ltr'>videtur</span> <span class='ocrx_word' id='word_1_294' title='bbox 1305 1544 1315 1561; x_wconf 88' lang='grc'>,</span> <span class='ocrx_word' id='word_1_295' title='bbox 1360 1527 1450 1550; x_wconf 89' lang='lat' dir='ltr'>cum</span> 
     </span>
     <span class='ocr_line' id='line_1_58' title="bbox 791 1570 1448 1609; baseline -0.002 0"><span class='ocrx_word' id='word_1_296' title='bbox 791 1571 945 1609; x_wconf 82' lang='lat' dir='ltr'>Sosicles</span> <span class='ocrx_word' id='word_1_297' title='bbox 976 1578 1013 1608; x_wconf 79' lang='lat' dir='ltr'>et</span> <span class='ocrx_word' id='word_1_298' title='bbox 1046 1570 1167 1608; x_wconf 75' lang='lat' dir='ltr'>Socles</span> <span class='ocrx_word' id='word_1_299' title='bbox 1189 1570 1336 1607; x_wconf 73' lang='lat' dir='ltr'>diversa</span> <span class='ocrx_word' id='word_1_300' title='bbox 1373 1572 1448 1608; x_wconf 84' lang='lat' dir='ltr'>sint</span> 
     </span>
     <span class='ocr_line' id='line_1_59' title="bbox 787 1626 1451 1676; baseline -0.003 -11"><span class='ocrx_word' id='word_1_301' title='bbox 787 1629 965 1676; x_wconf 75' lang='lat' dir='ltr'>nomina,</span> <span class='ocrx_word' id='word_1_302' title='bbox 1006 1635 1049 1665; x_wconf 86' lang='lat' dir='ltr'>ut</span> <span class='ocrx_word' id='word_1_303' title='bbox 1079 1627 1243 1665; x_wconf 82' lang='lat' dir='ltr'>Socrates</span> <span class='ocrx_word' id='word_1_304' title='bbox 1281 1634 1318 1664; x_wconf 89' lang='lat' dir='ltr'>et</span> <span class='ocrx_word' id='word_1_305' title='bbox 1349 1626 1451 1664; x_wconf 79' lang='lat' dir='ltr'>Sosi-</span> 
     </span>
     <span class='ocr_line' id='line_1_60' title="bbox 788 1684 1448 1735; baseline -0.003 -13"><span class='ocrx_word' id='word_1_306' title='bbox 788 1689 904 1722; x_wconf 77' lang='lat' dir='ltr'>crates</span> <span class='ocrx_word' id='word_1_307' title='bbox 921 1715 930 1732; x_wconf 89' lang='lat'>,</span> <span class='ocrx_word' id='word_1_308' title='bbox 963 1684 1146 1735; x_wconf 74' lang='lat' dir='ltr'>Sophanes</span> <span class='ocrx_word' id='word_1_309' title='bbox 1165 1692 1202 1721; x_wconf 88' lang='lat' dir='ltr'>et</span> <span class='ocrx_word' id='word_1_310' title='bbox 1220 1684 1448 1734; x_wconf 64' lang='lat' dir='ltr'>Sosipkanes,</span> 
     </span>
     <span class='ocr_line' id='line_1_61' title="bbox 787 1741 1450 1793; baseline -0.003 -15"><span class='ocrx_word' id='word_1_311' title='bbox 787 1741 973 1792; x_wconf 81' lang='lat' dir='ltr'>Sosipater</span> <span class='ocrx_word' id='word_1_312' title='bbox 1002 1748 1039 1778; x_wconf 85' lang='lat' dir='ltr'>et</span> <span class='ocrx_word' id='word_1_313' title='bbox 1062 1741 1240 1793; x_wconf 80' lang='lat' dir='ltr'>Sopater,</span> <span class='ocrx_word' id='word_1_314' title='bbox 1268 1754 1341 1777; x_wconf 87' lang='lat' dir='ltr'>nec</span> <span class='ocrx_word' id='word_1_315' title='bbox 1360 1754 1450 1776; x_wconf 85' lang='lat' dir='ltr'>um—</span> 
     </span>
     <span class='ocr_line' id='line_1_62' title="bbox 787 1798 1452 1850; baseline -0.002 -15"><span class='ocrx_word' id='word_1_316' title='bbox 787 1812 904 1850; x_wconf 84' lang='lat' dir='ltr'>quam</span> <span class='ocrx_word' id='word_1_317' title='bbox 923 1799 1035 1846; x_wconf 82' lang='lat' dir='ltr'>talia,</span> <span class='ocrx_word' id='word_1_318' title='bbox 1065 1805 1109 1835; x_wconf 85' lang='lat' dir='ltr'>ut</span> <span class='ocrx_word' id='word_1_319' title='bbox 1139 1798 1287 1835; x_wconf 86' lang='lat' dir='ltr'>dudum</span> <span class='ocrx_word' id='word_1_320' title='bbox 1305 1799 1452 1834; x_wconf 75' lang='lat' dir='ltr'>notavit</span> 
     </span>
     <span class='ocr_line' id='line_1_63' title="bbox 788 1854 1452 1905; baseline -0.002 -14"><span class='ocrx_word' id='word_1_321' title='bbox 788 1854 988 1902; x_wconf 67' lang='lat' dir='ltr'>Valcken„</span> <span class='ocrx_word' id='word_1_322' title='bbox 1006 1854 1109 1905; x_wconf 82' lang='lat' dir='ltr'>apud</span> <span class='ocrx_word' id='word_1_323' title='bbox 1120 1856 1285 1891; x_wconf 87' lang='lat' dir='ltr'>Graecos</span> <span class='ocrx_word' id='word_1_324' title='bbox 1298 1861 1452 1890; x_wconf 82' lang='lat' dir='ltr'>contra-</span> 
     </span>
     <span class='ocr_line' id='line_1_64' title="bbox 786 1910 1451 1955; baseline 0 -8"><span class='ocrx_word' id='word_1_325' title='bbox 786 1910 940 1948; x_wconf 85' lang='lat' dir='ltr'>hantur.</span> <span class='ocrx_word' id='word_1_326' title='bbox 998 1912 1056 1947; x_wconf 89' lang='lat' dir='ltr'>Ac</span> <span class='ocrx_word' id='word_1_327' title='bbox 1076 1924 1126 1947; x_wconf 87' lang='lat' dir='ltr'>ne</span> <span class='ocrx_word' id='word_1_328' title='bbox 1146 1912 1305 1955; x_wconf 87' lang='lat' dir='ltr'>mireris,</span> <span class='ocrx_word' id='word_1_329' title='bbox 1326 1912 1366 1947; x_wconf 91' lang='lat' dir='ltr'>in</span> <span class='ocrx_word' id='word_1_330' title='bbox 1386 1924 1451 1947; x_wconf 88' lang='lat' dir='ltr'>so-</span> 
     </span>
     <span class='ocr_line' id='line_1_65' title="bbox 789 1968 1451 2005; baseline -0.002 -1"><span class='ocrx_word' id='word_1_331' title='bbox 789 1969 937 2004; x_wconf 86' lang='lat' dir='ltr'>ciorum</span> <span class='ocrx_word' id='word_1_332' title='bbox 957 1980 1134 2005; x_wconf 89' lang='lat' dir='ltr'>consessu</span> <span class='ocrx_word' id='word_1_333' title='bbox 1163 1968 1351 2005; x_wconf 86' lang='lat' dir='ltr'>Sosiclem</span> <span class='ocrx_word' id='word_1_334' title='bbox 1373 1968 1451 2004; x_wconf 90' lang='lat' dir='ltr'>Co-</span> 
     </span>
     <span class='ocr_line' id='line_1_66' title="bbox 788 2023 1451 2076; baseline 0 -16"><span class='ocrx_word' id='word_1_335' title='bbox 788 2023 973 2061; x_wconf 88' lang='lat' dir='ltr'>rinthium</span> <span class='ocrx_word' id='word_1_336' title='bbox 983 2026 1152 2075; x_wconf 86' lang='lat' dir='ltr'>primum</span> <span class='ocrx_word' id='word_1_337' title='bbox 1172 2024 1352 2076; x_wconf 82' lang='lat' dir='ltr'>progredi</span> <span class='ocrx_word' id='word_1_338' title='bbox 1362 2038 1451 2062; x_wconf 81' lang='lat' dir='ltr'>ver-</span> 
     </span>
     <span class='ocr_line' id='line_1_67' title="bbox 786 2081 1450 2118; baseline 0.002 -1"><span class='ocrx_word' id='word_1_339' title='bbox 786 2082 836 2118; x_wconf 91' lang='lat' dir='ltr'>ba</span> <span class='ocrx_word' id='word_1_340' title='bbox 855 2081 1068 2118; x_wconf 85' lang='lat' dir='ltr'>facturum:</span> <span class='ocrx_word' id='word_1_341' title='bbox 1099 2083 1140 2117; x_wconf 88' lang='lat' dir='ltr'>in</span> <span class='ocrx_word' id='word_1_342' title='bbox 1162 2083 1269 2118; x_wconf 88' lang='lat' dir='ltr'>omni</span> <span class='ocrx_word' id='word_1_343' title='bbox 1301 2083 1450 2118; x_wconf 87' lang='lat' dir='ltr'>Dorum</span> 
     </span>
     <span class='ocr_line' id='line_1_68' title="bbox 786 2137 1449 2189; baseline 0.002 -15"><span class='ocrx_word' id='word_1_344' title='bbox 786 2139 1157 2189; x_wconf 86' lang='lat' dir='ltr'>Peloponnesiorum</span> <span class='ocrx_word' id='word_1_345' title='bbox 1177 2137 1331 2175; x_wconf 82' lang='lat' dir='ltr'>foedere</span> <span class='ocrx_word' id='word_1_346' title='bbox 1346 2170 1355 2187; x_wconf 90' lang='grc'>,</span> <span class='ocrx_word' id='word_1_347' title='bbox 1387 2140 1449 2176; x_wconf 84' lang='lat' dir='ltr'>cui</span> 
     </span>
     <span class='ocr_line' id='line_1_69' title="bbox 787 2195 1449 2246; baseline 0 -14"><span class='ocrx_word' id='word_1_348' title='bbox 787 2195 925 2245; x_wconf 79' lang='lat' dir='ltr'>Sparta</span> <span class='ocrx_word' id='word_1_349' title='bbox 944 2195 1109 2246; x_wconf 79' lang='lat' dir='ltr'>praefuit</span> <span class='ocrx_word' id='word_1_350' title='bbox 1123 2226 1132 2243; x_wconf 89' lang='grc'>,</span> <span class='ocrx_word' id='word_1_351' title='bbox 1154 2197 1326 2246; x_wconf 86' lang='lat' dir='ltr'>primum</span> <span class='ocrx_word' id='word_1_352' title='bbox 1347 2202 1449 2232; x_wconf 88' lang='lat' dir='ltr'>certe</span> 
     </span>
     <span class='ocr_line' id='line_1_70' title="bbox 785 2253 1449 2303; baseline 0 -15"><span class='ocrx_word' id='word_1_353' title='bbox 785 2253 915 2295; x_wconf 79' lang='lat' dir='ltr'>locum</span> <span class='ocrx_word' id='word_1_354' title='bbox 929 2281 938 2299; x_wconf 85' lang='lat'>‚</span> <span class='ocrx_word' id='word_1_355' title='bbox 978 2254 1009 2289; x_wconf 88' lang='lat' dir='ltr'>si</span> <span class='ocrx_word' id='word_1_356' title='bbox 1044 2253 1091 2289; x_wconf 89' lang='lat' dir='ltr'>ab</span> <span class='ocrx_word' id='word_1_357' title='bbox 1130 2254 1219 2303; x_wconf 77' lang='lat' dir='ltr'>ipsIs</span> <span class='ocrx_word' id='word_1_358' title='bbox 1251 2253 1449 2303; x_wconf 84' lang='lat' dir='ltr'>Spartanis</span> 
     </span>
     <span class='ocr_line' id='line_1_71' title="bbox 787 2308 1449 2355; baseline 0 -9"><span class='ocrx_word' id='word_1_359' title='bbox 787 2308 996 2346; x_wconf 83' lang='lat' dir='ltr'>discesseris</span> <span class='ocrx_word' id='word_1_360' title='bbox 1010 2340 1018 2355; x_wconf 84' lang='lat'>,</span> <span class='ocrx_word' id='word_1_361' title='bbox 1051 2309 1215 2346; x_wconf 87' lang='lat' dir='ltr'>obtinuit</span> <span class='ocrx_word' id='word_1_362' title='bbox 1232 2308 1449 2346; x_wconf 82' lang='lat' dir='ltr'>Corinthus.</span> 
     </span>
     <span class='ocr_line' id='line_1_72' title="bbox 786 2364 1448 2419; baseline 0 -17"><span class='ocrx_word' id='word_1_363' title='bbox 786 2367 851 2402; x_wconf 88' lang='lat' dir='ltr'>Tu</span> <span class='ocrx_word' id='word_1_364' title='bbox 862 2366 965 2407; x_wconf 82' lang='lat' dir='ltr'>conf,</span> <span class='ocrx_word' id='word_1_365' title='bbox 987 2364 1210 2417; x_wconf 85' lang='lat' dir='ltr'>Thucydid.</span> <span class='ocrx_word' id='word_1_366' title='bbox 1231 2368 1261 2414; x_wconf 89' lang='grc' dir='ltr'>Ι,</span> <span class='ocrx_word' id='word_1_367' title='bbox 1283 2369 1349 2414; x_wconf 87' lang='grc'>67,</span> <span class='ocrx_word' id='word_1_368' title='bbox 1372 2380 1448 2419; x_wconf 83' lang='lat' dir='ltr'>quo</span> 
     </span>
     <span class='ocr_line' id='line_1_73' title="bbox 784 2423 1449 2473; baseline 0 -14"><span class='ocrx_word' id='word_1_369' title='bbox 784 2423 870 2459; x_wconf 91' lang='lat' dir='ltr'>loco</span> <span class='ocrx_word' id='word_1_370' title='bbox 902 2435 1016 2473; x_wconf 83' lang='lat' dir='ltr'>supra</span> <span class='ocrx_word' id='word_1_371' title='bbox 1042 2424 1121 2459; x_wconf 90' lang='lat' dir='ltr'>iam</span> <span class='ocrx_word' id='word_1_372' title='bbox 1150 2436 1282 2460; x_wconf 86' lang='lat' dir='ltr'><strong>sumus</strong></span> <span class='ocrx_word' id='word_1_373' title='bbox 1302 2425 1360 2460; x_wconf 84' lang='lat' dir='ltr'>usi</span> <span class='ocrx_word' id='word_1_374' title='bbox 1374 2451 1390 2468; x_wconf 82' lang='lat'><em>,</em></span> <span class='ocrx_word' id='word_1_375' title='bbox 1413 2431 1449 2460; x_wconf 82' lang='lat' dir='ltr'>et</span> 
     </span>
     <span class='ocr_line' id='line_1_74' title="bbox 783 2478 1448 2517; baseline 0.002 -1"><span class='ocrx_word' id='word_1_376' title='bbox 783 2478 1058 2517; x_wconf 78' lang='lat' dir='ltr'>Wachsmuth.</span> <span class='ocrx_word' id='word_1_377' title='bbox 1099 2481 1249 2517; x_wconf 85' lang='lat' dir='ltr'>Hellen.</span> <span class='ocrx_word' id='word_1_378' title='bbox 1285 2479 1448 2517; x_wconf 70' lang='lat' dir='ltr'>Alterth.</span> 
     </span>
     <span class='ocr_line' id='line_1_75' title="bbox 784 2537 1092 2587; baseline 0 -11"><span class='ocrx_word' id='word_1_379' title='bbox 784 2537 813 2584; x_wconf 84' lang='grc' dir='ltr'>Ι,</span> <span class='ocrx_word' id='word_1_380' title='bbox 835 2538 862 2576; x_wconf 81' lang='lat'>2</span> <span class='ocrx_word' id='word_1_381' title='bbox 886 2538 1092 2587; x_wconf 77' lang='lat' dir='ltr'>pag-129</span> 
     </span>
    </p>

    <p class='ocr_par' dir='ltr' id='par_1_20' title="bbox 785 2586 1446 2699">
     <span class='ocr_line' id='line_1_76' title="bbox 837 2586 1446 2644; baseline 0 -14"><span class='ocrx_word' id='word_1_382' title='bbox 837 2586 901 2630; x_wconf 69' lang='grc' dir='ltr'>ἰΗ</span> <span class='ocrx_word' id='word_1_383' title='bbox 916 2588 1006 2643; x_wconf 69' lang='grc' dir='ltr'>δή”’</span> <span class='ocrx_word' id='word_1_384' title='bbox 987 2608 1007 2631; x_wconf 92' lang='grc' dir='ltr'><strong><em>ο</em></strong></span> <span class='ocrx_word' id='word_1_385' title='bbox 1027 2607 1068 2631; x_wconf 83' lang='grc' dir='ltr'>τε</span> <span class='ocrx_word' id='word_1_386' title='bbox 1090 2589 1263 2644; x_wconf 80' lang='grc' dir='ltr'><strong><em>ου’ρανός</em></strong></span> <span class='ocrx_word' id='word_1_387' title='bbox 1286 2592 1390 2631; x_wconf 80' lang='grc' dir='ltr'><em>ἔσται</em></span> <span class='ocrx_word' id='word_1_388' title='bbox 1411 2608 1446 2629; x_wconf 78' lang='grc' dir='ltr'>κ.</span> 
     </span>
     <span class='ocr_line' id='line_1_77' title="bbox 785 2648 1446 2699; baseline -0.002 -13"><span class='ocrx_word' id='word_1_389' title='bbox 785 2664 818 2686; x_wconf 81' lang='grc' dir='ltr'>τ.</span> <span class='ocrx_word' id='word_1_390' title='bbox 837 2651 871 2687; x_wconf 82' lang='grc' dir='ltr'>λ.</span> <span class='ocrx_word' id='word_1_391' title='bbox 884 2650 901 2699; x_wconf 88' lang='grc'>]</span> <span class='ocrx_word' id='word_1_392' title='bbox 940 2649 1027 2687; x_wconf 87' lang='lat' dir='ltr'>Vid.</span> <span class='ocrx_word' id='word_1_393' title='bbox 1055 2648 1230 2687; x_wconf 82' lang='lat' dir='ltr'>Eustath.</span> <span class='ocrx_word' id='word_1_394' title='bbox 1262 2649 1310 2685; x_wconf 88' lang='lat' dir='ltr'>ad</span> <span class='ocrx_word' id='word_1_395' title='bbox 1338 2649 1446 2686; x_wconf 88' lang='lat' dir='ltr'>Iliad.</span> 
     </span>
    </p>
   </div>
   <div class='ocr_carea' id='block_1_19' title="bbox 784 2704 1448 2870">
    <p class='ocr_par' dir='ltr' id='par_1_21' title="bbox 784 2704 1448 2870">
     <span class='ocr_line' id='line_1_78' title="bbox 784 2704 1444 2756; baseline -0.003 -10"><span class='ocrx_word' id='word_1_396' title='bbox 784 2718 873 2756; x_wconf 80' lang='lat' dir='ltr'>pag.</span> <span class='ocrx_word' id='word_1_397' title='bbox 904 2706 1000 2753; x_wconf 87' lang='grc'>695,</span> <span class='ocrx_word' id='word_1_398' title='bbox 1034 2709 1088 2747; x_wconf 77' lang='grc'>20</span> <span class='ocrx_word' id='word_1_399' title='bbox 1120 2720 1150 2743; x_wconf 88' lang='lat' dir='ltr'>s.</span> <span class='ocrx_word' id='word_1_400' title='bbox 1181 2706 1273 2753; x_wconf 82' lang='lat'><strong><em>575,</em></strong></span> <span class='ocrx_word' id='word_1_401' title='bbox 1311 2704 1350 2744; x_wconf 79' lang='lat'>4.</span> <span class='ocrx_word' id='word_1_402' title='bbox 1394 2729 1444 2734; x_wconf 81' lang='lat'>—-</span> 
     </span>
     <span class='ocr_line' id='line_1_79' title="bbox 785 2761 1447 2810; baseline 0.003 -12"><span class='ocrx_word' id='word_1_403' title='bbox 785 2762 942 2810; x_wconf 86' lang='lat' dir='ltr'>„Prima</span> <span class='ocrx_word' id='word_1_404' title='bbox 961 2761 1057 2799; x_wconf 81' lang='lat' dir='ltr'>haec</span> <span class='ocrx_word' id='word_1_405' title='bbox 1078 2763 1232 2799; x_wconf 83' lang='lat' dir='ltr'>Sosiclis</span> <span class='ocrx_word' id='word_1_406' title='bbox 1248 2764 1367 2799; x_wconf 86' lang='lat' dir='ltr'>oratio</span> <span class='ocrx_word' id='word_1_407' title='bbox 1386 2763 1447 2800; x_wconf 87' lang='lat' dir='ltr'>lo-</span> 
     </span>
     <span class='ocr_line' id='line_1_80' title="bbox 785 2819 1448 2870; baseline 0.002 -15"><span class='ocrx_word' id='word_1_408' title='bbox 785 2819 1000 2856; x_wconf 83' lang='lat' dir='ltr'>cutionibus</span> <span class='ocrx_word' id='word_1_409' title='bbox 1038 2819 1102 2855; x_wconf 80' lang='lat' dir='ltr'>illa</span> <span class='ocrx_word' id='word_1_410' title='bbox 1123 2825 1269 2856; x_wconf 80' lang='lat' dir='ltr'>constat</span> <span class='ocrx_word' id='word_1_411' title='bbox 1289 2831 1448 2870; x_wconf 82' lang='lat' dir='ltr'>prover-</span> 
     </span>
    </p>
   </div>
   <div class='ocr_carea' id='block_1_20' title="bbox 1456 846 1727 917">
    <p class='ocr_par' dir='ltr' id='par_1_22' title="bbox 1456 846 1713 917">
     <span class='ocr_line' id='line_1_81' title="bbox 1456 846 1709 879; baseline 0.004 -6"><span class='ocrx_word' id='word_1_412' title='bbox 1456 854 1610 879; x_wconf 76' lang='lat' dir='ltr'>suasurus</span> <span class='ocrx_word' id='word_1_413' title='bbox 1632 846 1709 874; x_wconf 78' lang='lat' dir='ltr'>acri-</span> 
     </span>
     <span class='ocr_line' id='line_1_82' title="bbox 1457 881 1727 917; baseline 0.004 -10"><span class='ocrx_word' id='word_1_414' title='bbox 1457 885 1505 907; x_wconf 86' lang='lat' dir='ltr'>ter</span> <span class='ocrx_word' id='word_1_415' title='bbox 1516 881 1665 917; x_wconf 77' lang='lat' dir='ltr'>increpat</span> <span class='ocrx_word' id='word_1_416' title='bbox 1682 882 1727 908; x_wconf 87' lang='lat' dir='ltr'>in-</span> 
     </span>
    </p>
   </div>
   <div class='ocr_carea' id='block_1_21' title="bbox 1583 926 1595 952">
    <p class='ocr_par' dir='ltr' id='par_1_23' title="bbox 1583 926 1595 952">
     <span class='ocr_line' id='line_1_83' title="bbox 1583 926 1595 952; baseline 0 0"><span class='ocrx_word' id='word_1_417' title='bbox 1583 926 1595 952; x_wconf 88' lang='lat'><em>1</em></span> 
     </span>
    </p>
   </div>
  </div>
 </body>
</html>
