1834 3258
559 225 866 262 ERATO.
926 225 998 262 VI.
1332 227 1413 266 361

153 337 225 390 „fix
265 332 462 391 βασιλέος
500 328 583 378 ὦδε
627 334 895 377 ἐπέσταλται·
947 333 994 377 ἐν
1033 328 1060 390 ᾗ
1102 332 1220 389 χώρῃ
1260 336 1304 376 οἱ
1333 333 1414 377 δύο

153 404 274 457 ,,θεοὶ
305 401 526 456 ἐγένοντο,
567 401 729 458 ταύτην
771 402 905 458 μηδὲν
934 404 1154 449 σίνεσθαι,
1191 402 1296 458 μήτε
1335 401 1415 445 αὐ-

124 470 261 527 4,,τὴν
290 469 368 525 τὴν
397 467 566 526 χώρην,
597 468 701 526 μήτε
730 470 834 521 τοὺς
864 469 1096 525 οἰκήτορας
1126 468 1272 526 αὐτῆς.
1321 474 1437 514 νῦνΙ

152 536 241 592 ,,ὦν
268 538 341 581 καὶ
371 535 493 581 ἄπιτε
523 537 663 592 ἐπὶρτόι
690 537 876 592 ὑμέτερα
906 537 1065 589 αὐτῶν,
1088 538 1161 581 καὶ
1181 538 1260 594 τήν
1280 541 1417 594 νῆσον

153 606 403 662 ,,νε’μεσθε.“
441 609 591 649 Ταῦτα
609 605 688 661 μὲν
709 604 1080 661 ἐπεκηρυκεύσατο
1103 611 1216 649 τοῖσι
1238 607 1417 662 Δηλίοι-

154 684 216 716 σι·
239 672 343 728 μετοὶ
366 674 424 723 δὲ,
447 676 696 729 λιβανωτοῦ
716 672 945 731 τριηκόσια
963 673 1153 717 τάλαντα
1168 671 1417 729 κατανήσας
1474 682 1556 728 483

152 741 221 785 ἐπὶ
233 745 313 784 τοῦ
332 745 486 797 βωμοῦ
508 742 726 798 ἐθυμίησε.
746 747 878 794 Δᾶτις
894 741 973 798 μὲν
997 741 1049 798 δη
1066 745 1200 794 ταῦτα
1213 741 1410 797 ποιήσας,
1423 749 1442 783 5
1472 736 1748 797 ξιοιξίῡξῖξζᾞρῗῖή·

154 809 274 853 ἔπλεε
305 808 394 865 ἅμα
424 814 485 869 τῷ
516 815 683 869 στρατῷ
714 811 781 853 ἐπὶ
801 811 880 868 τήν
903 810 1125 864 Ἐρέτριαν
1145 813 1308 863 πρῶτα,
1332 809 1420 865 ἅμα
1476 809 1748 832 ¹³⁶¹¹¹⁰t¹¹⁰⁰⁰tse‘

154 876 367 935 ἀγόμενος
395 878 469 921 καὶ
485 876 639 929 Ἴωνας
675 878 748 921 καὶ
778 878 970 930 Αἰολέας.
1030 878 1154 922 Μετὰ
1185 879 1230 922 oze.
1259 882 1417 921 τοῦτον

30 739 95 785 98

1477 838 1594 866 miscit:
1632 837 1710 873 quod

1474 881 1540 900 cum
1565 880 1622 900 nec
1640 876 1732 899 antea

1474 914 1531 934 uec
1549 910 1620 942 post
1638 906 1715 933 acci-

153 1086 196 1127 ἒν
221 1085 251 1143 ᾗ
271 1083 380 1141 χώρῃ
402 1087 444 1126 οἱ
465 1082 538 1126 δύο
558 1084 649 1126 θεοὶ
670 1083 755 1138 ἐγέ-

95 1145 241 1192 νοντο]
282 1144 433 1181 Eodem
459 1142 576 1180 modo
607 1143 755 1179 locutus

93 1200 276 1240 Aeschin.
307 1202 348 1238 in
375 1198 540 1238 Axioch.
583 1200 652 1249 [§.
676 1199 755 1248 12]

94 1272 134 1310 p.
157 1261 236 1300 160
273 1259 339 1309 [p.
360 1260 437 1299 371
453 1258 522 1306 A.]
557 1269 675 1310 quem
696 1255 756 1292 af-

95 1317 167 1353 fert
193 1314 378 1353 Valcken.
410 1316 529 1351 citans
562 1320 756 1366 praeterea

36 1377 41 1381 ’
95 1371 196 1410 hanc
214 1373 255 1408 in
275 1385 358 1409 rem
377 1370 576 1423 Spanhem
607 1372 648 1407 in
669 1370 758 1407 Cal-

95 1427 248 1468 limach.
280 1431 331 1467 H.
360 1430 400 1465 in
421 1429 505 1467 Del.
527 1427 622 1469 255.
653 1428 759 1464 Bris-

96 1499 179 1524 son.
199 1488 258 1523 De
278 1499 358 1537 reg.
379 1487 485 1523 Pers.
505 1485 634 1522 Priuc.
654 1485 690 1520 Π
718 1497 757 1534 p.

96 1545 191 1584 218.
248 1542 400 1580 Eodem
433 1544 625 1594 pertinent
654 1542 760 1578 testi-

95 1601 226 1637 monia
246 1601 370 1637 Valer.
392 1601 554 1637 Maximi
582 1600 612 1646 I,
637 1601 654 1637 1
681 1605 759 1635 ext.

95 1658 134 1699 6.
169 1658 332 1694 Pausan.
361 1657 412 1706 X,
433 1659 487 1698 28
510 1657 547 1702 ξ.
568 1658 606 1696 3.
638 1655 758 1692 Cicer.

93 1715 134 1751 in
153 1714 260 1751 verr.
280 1715 329 1761 Π,
354 1719 390 1762 1,
414 1715 479 1754 18.
511 1714 574 1750 Ex
593 1711 667 1749 hoc
688 1725 760 1748 au-

94 1777 176 1808 tem
195 1770 382 1808 Herodoti
399 1771 486 1808 loco
500 1800 509 1818 ,
532 1770 757 1807 observante

96 1828 233 1865 Creuz.
254 1828 430 1879 Symbol.
462 1829 498 1863 Π
516 1840 556 1878 p.
581 1825 674 1874 146,
695 1838 758 1863 sa-

95 1886 141 1922 tis
160 1885 321 1934 intelligi
340 1885 489 1934 poterit,
511 1884 575 1935 qui
588 1884 682 1919 olim
694 1883 757 1918 in-

95 1948 154 1977 ter
183 1942 443 1992 antiquissima
483 1940 666 1977 Graeciae
697 1946 756 1976 at-

98 2010 173 2049 que
191 1997 305 2034 Asiae
323 1998 513 2034 interioris
535 2003 571 2032 et
581 1997 754 2046 superio-

95 2056 144 2091 ris
162 2055 323 2091 numina
342 2054 455 2091 fuerit
475 2066 672 2091 connexus
687 2082 697 2100 ,
725 2053 758 2089 si

97 2110 254 2163 quidem
292 2111 478 2161 Apollinis
529 2123 572 2147 ac
610 2110 756 2146 Dianae

96 2167 215 2216 (Solis
236 2180 279 2204 ac
299 2167 454 2218 Lunae)
484 2167 569 2204 loca
603 2167 756 2212 natalia,

96 2237 194 2277 quae
209 2225 441 2272 ferebantur,
461 2223 536 2261 hoc
555 2222 672 2260 modo
686 2223 763 2260 coli

95 2282 300 2319 voluerunt
331 2283 470 2318 Persae
500 2287 536 2318 et
564 2282 636 2331 ipsi
665 2293 756 2317 coe-

96 2338 248 2375 testium
256 2339 449 2375 luminum
469 2338 644 2375 cultores.
655 2339 756 2374 Hinc

96 2407 247 2431 summa
255 2396 340 2431 Deli
349 2396 538 2441 sanctitas,
561 2407 678 2446 quam
691 2407 757 2432 ce-

98 2451 219 2488 lebrat
239 2451 494 2489 Callimachus
519 2452 559 2488 in
579 2452 664 2488 Del.
686 2453 756 2493 23.

99 2508 282 2546 Observat
321 2507 370 2545 ad
406 2507 592 2546 Herodoti
625 2509 755 2545 locum

96 2563 346 2602 Broendsted.
387 2564 521 2614 (Reis.
552 2577 592 2602 u.
615 2566 756 2603 Unter-

97 2620 204 2660 such.
234 2622 252 2659 1
284 2634 371 2673 pag.
402 2625 456 2662 70
476 2621 563 2659 coll.
592 2634 681 2673 pag.
702 2623 756 2662 60

97 2685 178 2718 not.
212 2678 266 2728 6)
308 2691 329 2714 a
350 2678 415 2718 Cr.
445 2679 602 2726 citatus,
639 2679 756 2732 plane

99 2734 245 2773 diverso
265 2733 383 2772 modo
404 2748 447 2772 ac
468 2736 612 2782 Persas,
633 2732 758 2772 Athe-

98 2793 246 2830 nienses
280 2794 320 2828 in
340 2793 480 2828 Delum
508 2792 626 2842 egisse
646 2805 758 2828 sexa-

99 2849 203 2899 ginta
223 2862 290 2887 sex
311 2850 419 2887 annis
438 2856 580 2901 postea,
602 2848 757 2900 Olymp.

813 1087 878 1134 89,
896 1089 922 1126 2
943 1100 973 1124 s·
992 1086 1074 1128 423
1096 1100 1132 1124 a.
1155 1085 1245 1126 Chr.
1264 1100 1305 1124 n.
1325 1107 1380 1113 —
1410 1085 1473 1125 Ad

812 1144 929 1180 Verba
958 1142 1023 1183 ἐπὶ
1051 1140 1098 1182 τοὶ
1127 1141 1298 1195 ὑμέτερα
1340 1139 1475 1184 αὐτῶν

813 1198 884 1248 (ita
905 1198 992 1237 dedi
1027 1213 1096 1252 pro
1128 1195 1309 1251 αὐτέων)
1328 1201 1474 1238 consul.

812 1255 947 1296 Matth.
971 1258 1037 1295 Gr.
1069 1258 1136 1294 Gr.
1156 1270 1244 1308 pag.
1265 1255 1360 1298 864.

869 1316 996 1353 ταῦτα
1019 1311 1361 1365 ἐπεκηρυκεύσατο
1371 1317 1475 1353 τοῖσι

815 1371 1029 1422 Δηλίοισι]
1070 1373 1096 1408 i.
1129 1384 1163 1411 e.
1201 1371 1285 1409 haec
1308 1384 1476 1422 praecone

815 1429 918 1465 misso
945 1429 1060 1466 educit
1089 1427 1217 1466 Deliis.
1274 1429 1332 1464 De
1351 1429 1476 1478 ‚verbo

815 1481 1177 1538 ἐπικηρυκεύεσθαι
1197 1485 1308 1536 plu'ra
1327 1484 1476 1523 Duker.

816 1548 853 1578 et
871 1543 1001 1583 wass,
1037 1541 1085 1579 ad
1106 1541 1288 1594 Thucyd.
1308 1542 1390 1590 Vn,
1410 1542 1478 1583 48.

814 1599 915 1648 Vm,
947 1601 1015 1641 80.
1045 1599 1205 1636 Siebelis
1237 1599 1285 1636 ad
1314 1600 1477 1636 Pausan.

813 1657 896 1705 VII,
921 1659 940 1696 1
965 1657 1002 1701 §.
1020 1657 1044 1696 3
1065 1669 1153 1707 pag.
1180 1656 1270 1704 105,
1292 1656 1358 1693 ubi
1378 1657 1476 1693 bene

815 1714 868 1751 sic
888 1711 1015 1750 reddit
1025 1714 1132 1750 verbi
1146 1713 1251 1750 vim:
1274 1726 1340 1763 per
1360 1713 1475 1750 cada-

815 1773 983 1808 ceatorcm
998 1772 1139 1808 missum
1150 1772 1319 1820 imperare
1337 1770 1477 1819 aliquid

813 1828 877 1865 vel
897 1840 1003 1876 agere
1021 1826 1062 1866 de
1080 1840 1117 1864 re
1135 1827 1273 1876 aliqua,
1293 1826 1347 1864 vel
1361 1830 1477 1878 petere

814 1883 965 1934 aliquid.

869 1934 1098 1990 κατανήσας
1128 1936 1195 1977 ε’πὶ
1226 1939 1299 1977 τοῦ
1334 1938 1476 1990 βωμοῦ

811 1995 1034 2047 ἐθυμίησε]
1067 1996 1194 2032 Citant
1213 1992 1309 2032 haec
1341 1996 1475 2033 Tzetz.

813 2051 913 2093 Chil.
933 2055 963 2101 Ι,
985 2050 1068 2094 864
1090 2051 1139 2089 ad
1157 2050 1351 2103 Lycophr.
1368 2052 1476 2093 1430

814 2111 899 2148 coll.
927 2107 1102 2148 Eustath.
1140 2107 1189 2145 ad
1214 2109 1373 2160 Dionys.
1400 2110 1477 2145 Pe-

813 2168 907 2217 rieg.
929 2166 1024 2207 526.
1053 2166 1387 2203 Commemoratur
1406 2179 1477 2202 au-

814 2231 906 2272 tem,
925 2230 968 2260 ut
981 2223 1154 2260 observat
1164 2221 1364 2271 Valcken„
1376 2236 1477 2260 unus

814 2281 1043 2332 plerumque
1064 2281 1169 2317 Datis
1183 2309 1193 2328 ‚
1213 2278 1476 2331 Artaphernis‚

814 2338 965 2375 alterius
987 2336 1105 2384 ducis,
1117 2338 1237 2374 rarior
1255 2336 1297 2374 fit
1316 2339 1475 2374 mentio.

812 2395 913 2432 Hinc
945 2393 1048 2446 apud
1077 2392 1232 2431 Aristid.
1256 2393 1297 2430 iu
1314 2393 1474 2431 Miltiad.

813 2451 864 2489 T.
884 2452 938 2488 111
958 2465 997 2503 p.
1018 2453 1114 2492 269.
1151 2452 1258 2488 Datis
1277 2457 1437 2488 vocatur
1456 2448 1476 2490 ὁ

812 2511 886 2548 τοῦ
926 2505 1192 2560 στρατοπέδου
1230 2503 1368 2559 κύριος
1409 2506 1476 2546 καὶ

813 2561 986 2617 ἡγεμών.
1047 2562 1110 2601 Ad
1148 2563 1343 2615 ἐθυμίησε
1372 2565 1473 2600 conf.

814 2621 949 2660 Matth.
971 2622 1036 2660 Gr.
1059 2621 1126 2658 Gr.
1146 2633 1235 2673 pag.
1257 2623 1352 2662 322.

994 2724 1087 2775 Cap.
1117 2722 1289 2759 xcvm.

874 2787 991 2831 Μετσὶ
1025 2789 1068 2830 δὲ
1105 2793 1246 2829 τοῦτον
1286 2788 1476 2830 ἐντεῦθεν

817 2846 1109 2899 ἐξαναχθέντα]
1141 2847 1166 2883 i.
1189 2859 1223 2884 e.
1258 2846 1338 2889 Qun·
1349 2848 1412 2884 ubi
1438 2849 1474 2884 in
