1851 3181
106 357 202 383 tatae.
237 355 337 389 Quam

107 389 235 416 deorum
253 391 332 417 iram
350 393 384 419 ut

108 432 147 451 ax
151 432 211 450 erru
214 428 364 463 mearent,
413 433 435 466 2
446 429 538 468 τοῦ

107 465 126 484 a
131 457 185 496 Ρ)
195 457 260 484 thia
276 457 368 485 Athe-

109 490 261 517 aiensibus
280 499 354 532 poe-

106 532 172 558 nas,
201 533 277 564 quas
292 525 340 552 1111

130 566 206 593 opos
211 559 336 593 cissent,

129 600 182 618 are
199 578 354 619 iubentur.

106 625 162 653 His
177 624 274 660 ipsam
294 627 354 653 Le-

106 667 209 686 mnum
227 660 360 699 petenti-

106 693 182 732 bus,
212 703 269 729 quo
289 693 388 721 artifi-

108 726 154 753 cio
183 729 339 755 oraculum

107 763 180 788 tunc
199 762 357 790 eluserint,

289 1439 388 1484 140
445 1442 609 1486 πολλὸν
648 1446 726 1499 τῆς
755 1441 955 1500 Λήμνου.

110 1502 218 1531 Multis
239 1506 307 1537 post
335 1512 389 1531 an-

110 1538 156 1565 nis
175 1537 333 1564 Miltiades
351 1545 368 1566 e

111 1571 302 1599 Chenoneso

110 1605 258 1632 Lemnum
281 1604 384 1639 profe-

110 1643 186 1669 ctus,
206 1639 329 1666 oraculo
348 1639 385 1666 il-

111 1673 141 1700 lo
167 1676 255 1700 utens
280 1672 387 1701 Pelas-

439 249 524 290 422

842 246 1310 284 HERODOTI

443 354 647 413 γυναῖκές
681 369 726 398 τε
761 354 835 398 καὶ
872 358 1059 410 ποῖμναι
1100 354 1263 411 ὁμοίως
1300 354 1469 399 ἔτικτον
1507 355 1580 400 καὶ
1620 355 1706 409 πρὸ

593 422 840 477 πιεζόμενοι
880 423 927 466 δὲ
963 426 1076 480 λιμῷ
1113 439 1158 466 τε
1186 422 1260 467 καὶ
1289 421 1494 479 ἀπαιδίῃ,
1529 423 1572 475 ἐς
1599 428 1708 468 Δελυ

446 491 562 548 ‹poos-
591 491 802 546 ἔπεμπον,
831 489 960 534 λύσιν
978 489 1077 534 τινά
1107 488 1385 547 αἰτησόμενοι
1411 495 1500 534 τῶν
1522 492 1706 547 παρεόν·
1719 499 1765 535 75

446 575 534 604 των
562 563 725 603 κακῶν.
758 556 818 601 Ἡ
833 558 878 602 δὲ
905 561 1057 615 Πυθίη
1087 559 1222 614 σφέας
1243 558 1410 602 ἐκέλευε
1436 559 1707 616 Ἀθηναίοισι

419 630 575 679 Βδίκας
602 629 775 671 διδοναι
804 626 965 680 ταύτας
994 626 1070 678 τὰς
1100 627 1156 670 ἂν
1187 626 1314 670 αὐτοὶ
1339 625 1563 684 Ἀθηναῖοι
1593 628 1711 673 δικά-

446 707 564 740 σῶσι.

625 691 768 752 ἦλθόν
804 712 849 739 τε
881 697 934 753 δὴ
973 696 1016 748 ἐς
1053 695 1130 747 τοὶς
1161 693 1350 751 Ἀθήνας
1394 697 1437 739 οἱ
1476 698 1712 753 Πελασγοὶ,

446 765 521 808 καὶ
551 765 673 815 δίκας
702 763 1014 819 ἐπαγγέλλοντο
1054 762 1317 821 βουλόμενοι
1347 761 1520 807 διδόναι
1547 764 1713 816 παντὸς

406 836 429 873 4
444 836 526 877 τοῦ
570 830 848 887 ἀδικήματος.

921 831 1148 889 Ἀθηναῖοι
1194 831 1240 875 δὲ
1277 830 1324 875 ἐν
1362 835 1424 890 τῷ
1461 835 1711 890 πρυτανηίῳ
1725 841 1769 875 80

441 903 595 957 κλίνην
623 898 893 954 στρώσαντες
921 898 981 952 ὥς
1011 898 1127 956 εἶχον
1147 897 1376 954 κάλλιστα,
1398 901 1472 944 καὶ
1499 899 1714 956 τράπεζαν

443 968 646 1025 ἐπιπλέην
664 968 848 1024 ἀγαθῶν
863 969 1044 1012 πάντων
1064 966 1356 1023 παραθέντες,
1386 967 1586 1012 ἐκέλευον
1607 969 1713 1021 τούς

446 1035 708 1092 Πελασγοὺς
757 1037 836 1093 τὴν
881 1036 1030 1093 χώρην
1075 1037 1200 1091 σφίσι
1251 1035 1548 1090 παραδιδόναι
1597 1037 1713 1081 οὕτω

416 1105 647 1161 ὄέχουσαν.
739 1107 782 1149 οἱ
842 1105 888 1150 δὲ

942 1103 1164 1159 Πελασγοὶ
1210 1102 1506 1160 ὑπολαβόντες
1561 1102 1713 1148 εἶπαν·

443 1170 623 1224 ,,Ἐπεάν
663 1172 798 1230 βορέῃ
849 1171 993 1231 ἀνέμῳ
1035 1171 1277 1229 αὐτημερὸν
1313 1176 1423 1253 νηῦς
1451 1172 1638 1230 ἐξανύσῃ
1668 1172 1715 1216 ἐκ

446 1243 548 1296 »τῆς
590 1237 800 1297 ὑμετέρης
839 1241 881 1292 ἐς
919 1240 999 1298 τὴν
1037 1239 1266 1296 ημετέρην,
1317 1239 1412 1284 τότε
1455 1239 1713 1295 παραδώσο-
1726 1246 1770 1281 85

414 1311 595 1363 6“,,.μ81)

654 1312 786 1351 τοῦτο
818 1306 966 1363 Εἶπαν,
997 1307 1273 1363 ἓπίσῖαμδνοι
1301 1311 1431 1351 τοῦτο
1462 1306 1575 1351 εἶναι
1605 1305 1713 1351 αδυ-

441 1391 578 1418 νατον
610 1375 831 1431 γενέσθαι·
879 1374 907 1433 ἦ
938 1376 1021 1432 γὰρ
1056 1373 1224 1430 Ἀττικὴ
1263 1375 1375 1429 πρὸς
1412 1373 1546 1419 νότον
1574 1375 1716 1419 κέεται

389 1842 511 1892 μναι]
545 1841 693 1879 Similia
714 1842 829 1880 simili
839 1843 879 1879 in
900 1856 941 1880 re
961 1844 1053 1881 iun-

388 1905 531 1949 guntur
555 1900 621 1947 111,
646 1899 712 1940 65.
761 1902 861 1936 Nam
880 1901 933 1937 ita
943 1914 1053 1938 more

387 1962 587 2006 receptum
606 1956 721 1993 fuisse
741 1955 904 1994 videtur.
927 1959 1053 2004 Quare

387 2012 533 2048 nollem
554 2012 814 2050 Hoffmeister.
835 2014 862 2053 l.
888 2014 915 2051 l.
935 2029 975 2067 p.
996 2017 1052 2055 79

388 2068 586 2106 Herodoto
628 2070 875 2107 obtrectasset
888 2099 898 2119 ,
948 2070 1054 2124 quod

379 2124 536 2176 feminas
575 2133 613 2163 et
645 2139 772 2176 greges
800 2139 877 2163 una
905 2129 1053 2165 iunctas

386 2182 566 2232 posuerit,
595 2185 756 2219 minime
775 2182 828 2232 id,
859 2184 963 2235 quod
983 2184 1054 2222 de-

388 2239 478 2284 cuit,
500 2241 720 2290 respiciens.
764 2241 814 2277 At
834 2242 950 2278 talem
971 2242 1052 2278 ele-

387 2295 561 2345 gantiam
599 2296 779 2347 nuspiam
816 2297 952 2335 Noster
989 2311 1052 2335 se·-

388 2358 526 2389 ctatur.

441 2402 585 2446 Ἑπεαν
596 2405 716 2462 βορέῃ
729 2429 786 2435 -
797 2405 836 2454 ἐς
856 2404 931 2459 τὴν
951 2422 1052 2459 ημε-

390 2461 538 2514 τέρην]
578 2464 603 2503 i.
637 2477 671 2501 e.
701 2466 735 2502 si
760 2468 859 2502 vento
889 2465 1052 2514 aquilone

392 2520 507 2558 eodem
526 2523 601 2571 ipso
614 2520 671 2558 die
686 2523 789 2558 navis
809 2533 826 2558 e
844 2524 962 2558 aestra
982 2525 1052 2558 ter-

390 2590 434 2614 ra
448 2579 485 2614 in
499 2581 654 2614 nostram
670 2579 876 2628 pervenerit.
908 2573 1052 2625 ἐξανύ-

391 2648 462 2681 ειν,
482 2641 525 2670 ut
545 2635 626 2681 VII,
652 2635 729 2675 183
757 2634 942 2681 absolvere,
965 2648 1051 2672 con-

382 2692 492 2741 ficere
520 2693 615 2728 viam
641 2690 788 2741 indeque
815 2693 994 2740 pervenire
1014 2693 1052 2729 in

392 2747 552 2797 aliquam
584 2751 725 2784 terram.
792 2747 876 2792 Quo
914 2746 1052 2784 eodem

391 2802 471 2840 fere
489 2803 599 2840 redit
627 2804 698 2854 νηῒ
717 2799 940 2850 κατανύσας
969 2817 1053 2855 cap.

391 2872 484 2912 seq„
507 2867 549 2897 ut
571 2861 688 2898 eloco
708 2861 865 2911 gemino
888 2861 988 2910 V111,
998 2863 1052 2903 98

1024 1442 1133 1487 Τότε
1171 1442 1250 1499 μὲν
1284 1446 1488 1487 τοσαῦτα.
1531 1442 1641 1486 ἔτεσι
1668 1442 1716 1487 δὲ

446 1509 586 1564 κάρτα
615 1515 816 1555 πολλοῖσι
844 1511 1032 1565 ὕστερον
1060 1510 1256 1564 τούτων,
1296 1510 1356 1564 ὥς
1385 1510 1412 1568 ἡ
1442 1510 1772 1567 Χερσόνησος9ο

440 1577 468 1634 ἡ
499 1578 544 1622 ἐν
568 1578 868 1640 Ἑλλησπόντῳ
897 1580 1066 1636 ἐγένετο
1096 1579 1176 1624 ὑπ’
1202 1578 1494 1635 Ἀθηναίοισι,
1533 1579 1718 1624 Μιλτιά-

445 1648 522 1703 δης
564 1645 588 1690 ὁ
627 1649 857 1704 Κίμωνος,
906 1647 1108 1706 ἐτησιέων
1154 1645 1327 1703 ἀνέμων
1373 1647 1715 1704 κατεστηκότων,

1108 1843 1356 1880 manifestum
1376 1841 1431 1880 fit.
1488 1841 1593 1881 Add.
1612 1841 1772 1881 Diodor-

1108 1902 1212 1950 XIV,
1236 1903 1330 1941 103.

1326 1956 1420 2007 Cap.
1441 1954 1559 1995 CXL.

1173 2008 1264 2053 Τότε
1303 2009 1376 2064 μὲν
1412 2012 1619 2062 τοσαῦτα]
1658 2011 1770 2050 Conf.

1109 2068 1246 2108 Matth.
1268 2070 1334 2107 Gr.
1357 2070 1422 2106 Gr.
1442 2082 1531 2120 pag.
1552 2071 1648 2110 871.
1677 2070 1772 2106 Mox

1109 2123 1263 2167 τούτων
1284 2125 1372 2163 dedi
1381 2124 1642 2177 Ρτοτουτέων.
1665 2126 1771 2172 Quae

1109 2190 1343 2248 sequuntur:
1394 2181 1581 2233 ἐτησιέων
1608 2177 1770 2233 ἀνέμων

1108 2235 1422 2290 κατεστηκότων,
1463 2240 1597 2288 Lange
1630 2239 1769 2276 vertit:

1107 2299 1173 2334 wie
1190 2295 1324 2345 gerade
1355 2295 1412 2332 die
1434 2295 1615 2333 stehenden
1647 2294 1772 2333 Winde

1107 2355 1321 2402 eingetreten
1339 2363 1465 2389 waren.
1495 2353 1595 2388 Nam
1615 2350 1663 2388 de
1673 2365 1770 2390 ven-

1107 2410 1166 2456 tis,
1197 2409 1264 2461 qui
1283 2415 1386 2445 certo
1408 2407 1578 2460 quodam
1596 2415 1770 2460 tempore

1107 2465 1214 2514 flant,
1253 2477 1399 2513 sermo3
1436 2466 1502 2517 qui
1521 2466 1552 2502 si
1581 2466 1768 2513 obtinent,

1108 2529 1200 2559 tunc
1219 2521 1338 2559 facilis
1359 2534 1381 2558 a
1396 2523 1494 2558 mari
1505 2520 1627 2559 aditus
1647 2521 1696 2559 ad
1706 2523 1770 2558 in-

1108 2580 1245 2616 sulam.
1302 2580 1360 2615 De
1388 2578 1581 2615 locutione
1609 2579 1690 2630 ipsa
1716 2577 1765 2616 cf.

1108 2633 1331 2687 Thucydid.
1377 2635 1438 2682 VI,
1474 2637 1567 2676 103.
1647 2634 1766 2671 Paulo

1108 2693 1215 2729 aliter
1228 2690 1330 2742 apud
1341 2689 1534 2742 Aristoph.
1548 2693 1643 2728 Rau.
1660 2692 1766 2731 1003

1108 2750 1267 2798 πνεῦμα
1286 2750 1392 2786 λεῖον
1413 2746 1481 2786 καὶ
1500 2743 1767 2796 καθεστηκός;

1109 2803 1214 2856 quod
1257 2805 1417 2841 illustrat
1447 2804 1674 2842 Stallbaum.
1715 2801 1765 2841 ad

1108 2863 1260 2900 Platon.
1281 2859 1429 2899 Phileb.
1448 2872 1536 2911 pag.
1560 2861 1652 2902 163.
