1834 3258
499 222 800 261 ERATO.
859 223 933 261 VI.

1262 225 1346 265 293

63 342 246 378 50⁴0th
274 337 335 391 τῷ
353 331 584 389 πρήγματι.
615 331 695 388 τήν
716 331 761 375 δὲ
788 333 967 389 Πυθίην
993 331 1181 377 κελεύειν
1209 333 1345 390 σφέας

92 403 316 458 ἀμφότερα
345 401 397 443 τα
427 401 581 444 παιδία
611 398 857 457 ἡγήσασθαι
886 401 1106 457 βασιλέας,
1139 406 1269 459 τιμᾶν
1299 403 1347 445 δὲ

62 479 85 513 6
95 473 260 526 μᾶλλον
288 469 366 512 τὸν
392 469 657 525 γεραίτερον.
700 467 780 523 τήν
807 467 887 523 μὲν
917 469 969 524 δή
1002 470 1179 525 Πυθίην
1211 468 1347 512 ταῦτά

88 550 168 593 σφι
196 536 383 579 ἀνελεῖν·
425 541 538 579 τοῖσι
578 534 625 578 δὲ
664 536 1067 590 Λακεδαιμονίοισι,
1105 535 1345 591 ἀπορέουσι

86 603 216 649 οὐδὲν
236 598 374 660 ἧσσον
391 603 502 654 ὅκως
533 601 736 656 ἐξεύρωσι
766 600 912 646 αὐτῶν
940 602 1018 646 τόν
1037 604 1344 660 πρεσβύτερον,
1356 611 1401 646 95

82 672 333 717 ὑποθέσθαι
355 670 495 726 ἄνδρα
510 670 787 727 Μεσσήνιον,
808 673 870 727 τῷ
890 668 1063 725 οὔνομα
1084 670 1194 715 εἶναι
1207 674 1346 715 Πανί-

83 755 183 796 την·
204 739 456 784 ὑποθέσθαι
477 738 521 782 δὲ
541 742 699 783 τοῦτον
709 738 788 782 τόν
806 739 1004 794 Πανίτην
1015 737 1117 781 τάδε
1130 745 1245 783 τοῖσι
1256 742 1342 781 Λα-
1399 753 1476 796 451

81 810 410 864 κεδαιμονίοισι,
431 807 623 863 φυλάξαι
642 807 720 864 τήν
738 805 1010 862 γειναμένην,
1033 804 1239 862 ὁκότερον
1257 810 1346 849 τῶν

83 867 253 920 παίδων
300 876 517 930 πρότερον
563 873 685 918 λούει
735 874 810 917 καὶ
847 874 1013 926 σιτίζει·
1063 874 1137 919 καὶ
1175 874 1231 930 ἢν
1269 875 1348 930 μὲν

80 943 191 988 κατὰ
232 942 284 987 τοὶ
314 943 424 987 αὐτοὶ
456 944 663 998 φαίνηται
694 941 776 984 αἰεὶ
805 944 1013 993 ποιεῦσα,
1051 941 1154 993 τούς
1184 942 1229 986 δὲ
1257 947 1347 989 πᾶν

84 1011 194 1062 ἕξειν
222 1010 331 1055 ὅσον
359 1028 400 1054 τι
425 1011 499 1054 καὶ
530 1012 719 1066 δίζηνται
747 1009 821 1052 καὶ
841 1010 1021 1052 θέλουσι
1050 1008 1257 1064 ἐξευρεῖν·
1286 1009 1373 1066 ἢνι

81 1079 129 1122 δὲ
164 1083 380 1122 πλανᾶται
419 1078 493 1121 καὶ
542 1077 706 1132 ἐκείνη,

759 1076 941 1128 ἐναλλάξ
977 1081 1163 1119 ποιεῦσα
1176 1109 1186 1126 ,
1237 1078 1262 1120 δ
1266 1078 1346 1133 ῆλά

81 1157 162 1202 σφι
191 1147 369 1190 ἔσεσθαι
398 1143 456 1197 ὦς
486 1142 591 1189 οὐδὲ
621 1145 761 1200 ἐκείνη
790 1144 923 1187 πλέον
960 1142 1089 1187 οὐδὲν
1119 1143 1232 1188 οἶδε·
1273 1144 1343 1188 ἐπ’

54 1214 227 1271 Ίᾶλλην
274 1213 319 1257 τέ
365 1225 501 1270 σφεας
547 1212 808 1271 τραπέσθαι,
837 1209 959 1255 ὁδόν.

1024 1210 1243 1258 Ἐνθαῦτα
1294 1213 1319 1255 δ
1323 1212 1348 1268 ἡ

84 1283 189 1334 τοὺς
227 1281 528 1338 Σπαρτιήτας,
566 1279 677 1324 κατὰ
710 1279 786 1330 τὰς
822 1282 903 1322 τοῦ
941 1281 1200 1335 Μεσσηνίου
1240 1277 1346 1323 ὑπο-

36 1384 42 1388 (
84 1347 248 1405 θήκας,
285 1350 561 1407 φυλάξαντας
597 1348 675 1404 τὴν
711 1346 874 1404 μητέρα
907 1348 1004 1390 ’τῶν
1032 1345 1376 1404 Ἀριστοδήμου5

86 1419 281 1471 παίδων,
322 1421 470 1474 λαβεῖν
499 1416 608 1460 κατὰ
643 1414 696 1458 τὰ
729 1413 840 1458 αὐτὰ
871 1419 1066 1470 τιμῶσαν
1091 1415 1171 1459 τόν
1199 1415 1350 1470 πρότε-

87 1486 273 1541 ρον-καὶ
303 1487 459 1529 σίτοισι
486 1485 558 1528 καὶ
588 1488 837 1538 λουτροῖσι,
868 1481 951 1526 οὐκ
982 1485 1149 1526 εἰδυῖαν
1178 1488 1267 1527 τῶν
1291 1485 1349 1527 εἴ·

58 1559 212 1598 8νεκεν
228 1552 509 1609 ἐφυλάσσετο.
549 1549 763 1608 λαβόντας
784 1550 829 1594 δὲ
859 1549 908 1594 τὸ
938 1552 1117 1594 παιδίον
1144 1551 1194 1594 τὸ
1224 1550 1349 1608 τιμώ-

86 1637 221 1676 μενον
251 1621 362 1678 πρὸς
389 1625 465 1677 τῆς
484 1620 756 1676 γειναμένης,
794 1616 854 1669 ὥς
884 1617 958 1662 ἐὸν
987 1618 1221 1674 πρότερον,
1259 1617 1348 1673 τρέ-

88 1705 190 1746 φειν
217 1689 267 1733 ἐν
291 1694 353 1748 τῷ
379 1691 593 1747 δημοσίῳ·
621 1690 694 1735 καί
723 1689 767 1734 οἱ
796 1685 968 1743 οὕνομα
995 1690 1179 1746 τεθῆναι
1206 1684 1349 1744 Εὐρυ-
1362 1692 1406 1732 10

31 1870 250 1928 ἀμφότεροι
296 1875 476 1927 γενοίατο
515 1872 691 1925 βασιλέες

30 1932 195 1968 breviter
228 1931 373 1968 dictum
401 1944 469 1982 pro
500 1930 693 1982 βουλομέ-

32 2001 110 2037 νην
131 1983 380 2039 εἷμφοτέρους
404 1985 592 2040 γενέσθαι
621 1987 691 2038 βα-

34 2041 177 2092 σιλέας,
199 2044 237 2083 εἴ
251 2060 337 2092 πως
354 2047 471 2083 τοῦτο
484 2044 691 2096 γίγνεσθαι

32 2095 211 2139 δύναιτο.
229 2100 257 2127 “
323 2100 423 2138 Add.
455 2099 622 2137 eundem
649 2101 692 2136 in

33 2157 101 2195 Gr.
126 2158 190 2194 Gr.
206 2170 295 2208 pag.
322 2160 443 2198 1037.
499 2155 563 2193 Ad
580 2157 691 2193 locu-

21 2214 178 2250 'tionem
207 2211 252 2253 τό
292 2210 416 2264 κάρτα
446 2213 506 2251 vel
540 2215 692 2250 maxime

22 2269 252 2321 Schweigh.
263 2270 371 2307 affert
388 2271 418 2319 I,
429 2273 496 2311 71.
516 2271 582 2319 ΠΙ,
597 2268 689 2310 104-

34 2327 115 2375 VII,
132 2329 196 2368 16.
211 2349 258 2354 —
282 2326 345 2365 Ad
364 2327 480 2364 verba
498 2322 521 2367 ὅ
539 2342 576 2366 τι
593 2321 691 2377 χρή-

35 2394 171 2422 σονται
229 2385 286 2438 τῷ
338 2379 538 2437 πρήγματι
589 2383 694 2426 conf,

36 2439 81 2489 v,
104 2442 169 2480 12.

91 2498 213 2546 τιμᾶν
241 2492 285 2534 δὲ
304 2496 454 2546 μᾶλλον
473 2491 540 2536 τὸν
558 2495 693 2547 γεραί-

22 2553 175 2604 τερον]
220 2553 265 2587 In
304 2553 456 2589 oraculo
484 2553 693 2602 suspicatur

38 2609 82 2645 C.
102 2610 146 2646 Ο.
165 2609 315 2647 Miiller.
340 2608 368 2646 l.
394 2609 421 2645 l.
440 2610 458 2645 I
477 2622 517 2659 p.
538 2611 592 2649 90
611 2609 693 2659 pri-

34 2666 147 2703 mitus
159 2666 289 2703 fuisse:
308 2666 456 2715 μᾶλλον
468 2662 511 2704 δὲ
520 2665 694 2716 γεραίτε-

37 2736 108 2769 ρον
131 2722 210 2762 ἔστι
231 2722 436 2774 γεραίρειν.
449 2743 496 2749 -
514 2722 560 2757 In
580 2734 688 2772 seqq.

25 2780 186 2830 ·rep0sui
199 2772 324 2829 ἧσσον
350 2790 420 2829 pro
450 2776 566 2816 ἕσσον
587 2775 694 2826 (vid.

23 2834 84 2883 «Ὺ,
103 2838 157 2876 72
177 2836 269 2889 ibiq.
285 2834 402 2886 nott.)
425 2840 462 2872 et
481 2829 613 2874 αὑτοῖν
623 2846 693 2885 pro

745 1870 912 1913 αὐτέων.
960 1874 1018 1910 De
1037 1873 1153 1910 verbo
1173 1867 1408 1911 ὑποθέσθαι

746 1930 849 1968 conf.
869 1936 965 1966 nott.
986 1928 1035 1965 ad
1053 1930 1099 1976 V,
1121 1931 1175 1969 92
1204 1929 1241 1973 ξ.
1264 1929 1303 1966 6.

803 1983 898 2032 τούς
910 1983 952 2024 δὲ
969 1988 1050 2024 πᾶν
1062 1984 1188 2033 ἕξειν]
1220 1983 1280 2020 Ad
1293 1995 1405 2019 usum

747 2043 906 2080 voculae
918 2039 960 2080 δὲ
973 2042 1074 2079 conf.
1088 2042 1149 2090 Vl,
1164 2044 1230 2081 50.
1245 2043 1281 2080 3.
1302 2038 1406 2076 Add.

747 2100 973 2136 Buttmann.
1000 2100 1163 2134 Excurs.
1192 2096 1240 2133 ad
1258 2098 1406 2133 Demo-,-

747 2154 870 2193 sthen.
890 2154 984 2193 Mid.
1018 2167 1106 2206 pag.
1129 2152 1209 2194 155
1240 2152 1299 2190 ed.
1329 2166 1404 2192 sec.

745 2210 810 2249 Ad
837 2225 975 2252 vocem
1003 2207 1168 2258 ἐναλλὰξ
1201 2209 1302 2254 confi
1339 2210 1405 2258 ΙΙΙ,

802 2325 940 2377 λαβεῖν
962 2320 1063 2364 zotto}
1084 2317 1208 2362 ταὺτοέ
1236 2337 1273 2361 κ.
1295 2321 1407 2372 τ,·λ.]

747 2383 885 2432 λαβεῖν
907 2380 970 2418 hic
993 2380 1061 2430 (ut
1080 2392 1175 2417 mox
1193 2374 1404 2430 λαβόντας)

746 2440 850 2477 valet
886 2437 1170 2488 deprehendisse,
1215 2437 1404 2483 2'nvenisse3

748 2502 791 2532 ut
810 2496 858 2542 Π,
879 2497 948 2536 89.
1014 2494 1099 2539 Quo
1130 2491 1269 2529 eodem
1296 2504 1407 2529 sensu

747 2545 1069 2603 καταλαμβάνειν
1097 2550 1318 2602 frequenter
1351 2547 1407 2591 di-

747 2611 860 2648 citur.

807 2664 852 2706 ἕν
871 2665 928 2718 τῷ
946 2662 1154 2715 δημοσίῳ]
1179 2661 1251 2709 „In
1263 2660 1421 2711 locum-⁸

750 2721 868 2759 Μαι-οι(
896 2721 1014 2770 vulgo
1038 2717 1216 2757 reddunt.
1284 2717 1407 2768 Equi-

751 2777 841 2817 dem
859 2778 1014 2824 malim,
1044 2778 1081 2813 in
1102 2775 1201 2812 domo
1215 2773 1358 2823 publica
1376 2786 1407 2811 s.

752 2836 865 2883 curia,
894 2839 1024 2874 mente
1043 2830 1271 2870 subaudiens
1292 2825 1408 2881 οἰκή-
