1851 3181
81 324 140 352 Die
158 325 285 361 septimo

82 358 199 386 Persae
225 359 252 386 in
272 366 322 385 ur·

81 392 150 420 bem
176 401 232 432 per
257 392 359 428 prodi-

82 426 196 454 tionem
219 435 326 453 lrrum—

81 466 167 496 punt.
211 460 345 496 Templa.

82 495 218 530 spoliata
241 495 342 522 incen-

82 536 180 568 gaque
195 538 201 555 :
221 529 341 556 incolae

82 570 115 588 ιιι
136 563 320 591 servitutem

83 595 213 631 abrepti.

414 218 498 260 368

412 325 520 369 κατὰ
568 322 772 379 Ταμύνας
821 324 895 367 καὶ
946 324 1134 378 Χοιρέας
1180 326 1256 369 καὶ
1304 326 1490 381 Αἰγίλια.
1549 341 1677 368 κατα·
1735 332 1814 373 485

417 392 588 450 σχόντες
618 391 663 434 δὲ
692 394 829 434 ταῦτα
858 391 912 434 τοὶ
943 395 1101 449 χωρία,
1144 392 1300 437 αὐτίκα
1329 395 1490 443 ἵππους
1519 410 1562 436 τε
1603 393 1681 444 ἐξε-
1696 400 1739 434 56

775 215 1282 255 -HERODOT1

419 461 655 517 βάλλοντο,
711 459 783 502 καὶ
831 459 1204 513 παρεσκευάζοντο
1247 460 1305 512 ὥς
1343 460 1683 516 προσοισόμενοι

391 534 536 572 Ξτοῖσι
567 526 779 583 ἐχθροῖσι.
824 529 867 570 οἱ
898 527 942 571 δὲ
970 526 1196 582 Ἐρετριέες
1225 529 1468 581 ἐπεξελθεῖν
1504 529 1582 584 μὲν
1611 530 1682 573 καὶ

421 595 634 652 μα’χεσθαι
668 593 750 637 οὐκ
782 594 1008 639 ἐποιεῦντο
1040 596 1229 653 βουλήν·
1275 599 1315 640 εἴ
1340 614 1429 648 κως
1457 597 1501 640 δὲ
1528 600 1684 652 διαφυ-

417 663 591 716 λάξαιεν
612 661 663 705 τοὶ
694 664 860 719 τείχεα,
905 663 1065 707 τούτου
1098 677 1176 719 σφι
1206 666 1323 720 ἔμελε
1351 666 1475 718 πέρι,
1520 665 1611 708 ἐπεί
1639 680 1683 707 τε

387 733 539 775 δένίκα
570 731 627 786 μὴ
659 730 848 774 ἐκλιπεῖν
886 731 966 787 τὴν
1001 732 1143 776 πόλιν.
1199 736 1445 790 προσβολῆς
1481 731 1526 774 δὲ
1561 739 1739 787 ymo—60

414 803 546 857 μένης
577 802 788 855 καρτερῆς
806 798 917 853 πρὸς
945 799 995 843 τὸ
1024 804 1180 855 τεῖχος,
1209 801 1389 844 ἔπιπτον
1418 799 1487 842 ἐπὶ
1513 800 1558 850 ἓξ
1586 797 1683 854 ἡμέ-

417 885 497 922 ρας
525 867 682 911 πολλοὶ
711 867 789 922 μὲν
818 865 1099 923 ἀμφοτέρων·
1139 872 1190 925 τῇ
1223 868 1268 911 δὲ
1300 867 1463 925 ἑβδόμῃ
1497 865 1683 922 Εὔφορ-

414 936 495 993 βός
524 951 568 978 τε
600 933 624 978 ὁ
652 933 932 991 Ἀλκιμάχου,
970 936 1045 980 καὶ
1078 937 1298 991 Φίλαργος
1327 934 1350 979 ὁ
1381 934 1581 985 Κυνέου,
1612 933 1683 977 ἅν-

385 1005 517 1058 4δρες
556 1006 646 1046 τῶν
683 1001 827 1047 ἀστῶν
867 1001 1063 1061 δόκιμοι,
1112 1005 1375 1059 προδιδοῦσι
1412 1008 1525 1046 τοῖσι
1566 1001 1737 1056 Πέρ-65

416 1083 531 1129 σῃσι.
588 1072 630 1114 οἱ
658 1071 728 1124 δὲ,
766 1070 1018 1124 ἐσελθόντες
1052 1072 1095 1124 ἐς
1124 1073 1201 1129 τὴν
1230 1071 1382 1123 πόλιν,
1419 1074 1551 1114 τοῦτο
1591 1069 1683 1125 μὲν,

412 1140 466 1183 τοὶ
507 1138 579 1193 ἱροὶ
611 1139 873 1195 συλήσαντες
912 1139 1174 1198 ἐνέπρησαν,
1214 1138 1554 1195 ἄποτιννύμενοι
1592 1141 1681 1180 τῶν

388 1207 464 1251 ’ἐν
498 1205 691 1262 Σάρδισι
731 1207 1099 1251 κατακαυθέντων
1138 1209 1264 1263 ἷρῶν·
1303 1210 1431 1252 τοῦτο
1471 1205 1538 1256 δὲ,
1577 1205 1681 1257 τούς

416 1273 686 1329 ἀνθρώπους
736 1273 1140 1332 ἠνδραποδίσαντο,
1204 1274 1314 1320 κατὰ
1360 1274 1438 1326 τὰς
1487 1275 1681 1329 Δαρείου

411 1342 602 1395 ἐντολάς.

358 1531 396 1576 §.
426 1528 452 1570 4
490 1529 566 1568 loci
604 1529 923 1581 significationem
956 1543 1018 1568 as-

358 1588 485 1624 sumit.

415 1661 676 1717 κατασχόντες
690 1664 732 1705 δὲ
751 1668 874 1705 ταῦτα
885 1662 932 1704 τοὶ
943 1681 1019 1716 χω-

360 1722 454 1775 ρία]
495 1724 518 1760 i.
552 1736 585 1760 e.
617 1723 700 1760 haec
731 1735 809 1760 vero
838 1722 915 1760 loca
944 1735 1020 1760 cum

359 1783 594 1830 occupassent.
628 1781 769 1817 Moneo
781 1780 829 1816 ob
840 1780 1019 1817 voculam

358 1836 398 1884 ἐς
423 1837 524 1872 male
546 1837 638 1873 olim
664 1837 788 1874 verbis
817 1838 940 1875 ταῦτα
970 1833 1017 1875 τοὶ

357 1909 390 1944 χ.
411 1894 678 1944 praepositam,
698 1892 766 1930 sed
787 1906 807 1929 a
833 1891 1017 1943 Schwgh.

359 1957 395 1986 et
408 1950 522 1987 Gajsf.
535 1952 669 1986 merito
685 1950 884 1989 abiectam.
907 1948 1019 2003 Quod

359 2008 528 2058 sequitur
549 2006 744 2053 ἳ’ππουςτε
762 2002 1018 2058 ἐξεβάλλοντο

360 2064 404 2113 (ἰ.
426 2077 459 2100 e.
488 2076 592 2112 equos
618 2077 635 2100 e
660 2063 810 2100 navibus
836 2065 1019 2100 interram

359 2120 617 2170 exposuerunt)
652 2132 831 2171 comparo
854 2133 943 2156 oum
953 2121 1017 2167 VI,

359 2177 433 2223 95,
469 2177 558 2212 ubi:
617 2174 871 2227 ἐσβαλόμενοι
923 2173 1019 2224 τούς

361 2231 547 2278 ἱ’ππουςί.
571 2245 604 2269 e.
621 2237 806 2283 postquam
826 2245 928 2283 equos
949 2235 1016 2269 im-

356 2291 560 2338 posuerunt.

420 2377 461 2417 οἷ
486 2375 528 2417 δὲ
558 2373 768 2428 Ἐρετριέες
794 2376 1017 2424 ἐπεξελθεῖν

363 2433 435 2486 μὲν
457 2449 494 2473 κ.
513 2449 547 2474 τ.
572 2435 625 2483 λ.]
655 2435 680 2470 i.
711 2447 742 2470 e.
780 2433 921 2470 Eretrz'i
951 2447 1018 2470 non

363 2492 564 2540 cogitabant
572 2490 690 2539 egredi
691 2502 919 2540 pugnamque
930 2502 1018 2526 com-

360 2551 515 2594 mittere,
545 2548 604 2585 sed
622 2550 805 2597 postquam
825 2560 864 2583 ea
885 2548 1016 2583 vicerat

360 2607 543 2652 sententia,
577 2603 650 2654 qud
669 2604 783 2641 urbem
802 2616 868 2640 non
885 2603 1016 2640 ‹lesere-

359 2665 452 2708 rent,
483 2661 523 2699 id
550 2662 667 2711 potius
689 2661 776 2710 ipsis
796 2672 899 2696 curae
921 2659 1015 2709 fuit,

360 2722 400 2754 ut
419 2718 468 2767 (si
486 2730 560 2769 quo
573 2716 707 2767 modo)
729 2718 859 2753 moenia
880 2719 1017 2752 tueren-

362 2778 420 2810 tur
453 2774 572 2821 (tueri
598 2774 787 2824 possent).
856 2774 912 2809 De
945 2785 1017 2808 usu

362 2832 566 2880 particulae
590 2831 624 2870 εἰ
644 2832 793 2867 monuit
805 2827 939 2866 matth.
952 2830 1017 2866 Gr.

1075 1531 1143 1572 Gr,
1166 1533 1286 1579 1023,
1326 1532 1392 1584 qui
1416 1529 1522 1568 idem
1550 1543 1639 1581 pag.
1656 1530 1738 1572 658

1075 1586 1123 1624 de
1155 1594 1342 1624 structura
1371 1589 1478 1625 verbi
1498 1585 1615 1639 μέλει.
1674 1585 1737 1624 Ad

1075 1642 1186 1683 ἐνίκα
1206 1643 1372 1681 subaud.
1393 1643 1422 1696 ἦ
1440 1640 1593 1696 γνώμη.
1625 1643 1737 1681 Cous.

1075 1701 1105 1747 I,
1129 1703 1197 1741 61.
1217 1701 1282 1749 VI,
1314 1703 1408 1741 109.
1427 1702 1621 1738 Lambert.
1640 1701 1730 1737 Bos.

1074 1758 1133 1793 De
1155 1757 1291 1807 ellipss.
1313 1771 1352 1808 p.
1365 1755 1432 1798 84.
1453 1778 1506 1786 —
1533 1758 1628 1794 Mox
1647 1769 1737 1794 cum

1075 1812 1294 1864 Schweigh.
1317 1821 1354 1850 et
1374 1813 1488 1851 Gaisf.
1511 1812 1599 1850 dedi
1623 1828 1736 1865 γινο-

1077 1869 1197 1921 μένης
1228 1884 1248 1906 e
1278 1871 1486 1908 Florentin.
1526 1883 1596 1922 pro
1621 1884 1738 1923 γενο-

1077 1925 1209 1978 μένης.

1133 2034 1433 2090 Εὕφορβος-(Ξ
1448 2036 1622 2087 Κυνέου]
1635 2039 1735 2075 Eos-

1077 2094 1166 2132 dem
1194 2096 1364 2132 Eretriae
1394 2095 1605 2146 proditores
1624 2101 1735 2132 vocat

1074 2153 1238 2189 Pausan.
1268 2153 1350 2199 VH,
1385 2155 1435 2192 10
1463 2153 1499 2197 §.
1530 2155 1549 2191 1
1575 2158 1612 2188 et
1638 2152 1734 2187 Plu-

1073 2207 1193 2246 tarch.
1215 2210 1251 2244 II
1269 2222 1307 2258 p.
1324 2208 1405 2248 510
1421 2209 1478 2255 B.,
1509 2220 1603 2260 quos
1627 2208 1733 2244 exci-

1074 2271 1128 2301 tat
1146 2265 1377 2314 VVesseling.
1400 2264 1629 2301 Strabonem
1658 2276 1733 2301 no-

1075 2327 1158 2357 tans
1170 2320 1356 2357 memori&
1368 2321 1505 2357 falsum
1513 2333 1733 2372 esse,quan-

1074 2375 1123 2413 do
1145 2378 1183 2413 X
1202 2390 1241 2427 p.
1263 2375 1342 2418 448
1363 2377 1408 2415 A.
1430 2390 1459 2413 s.
1482 2379 1562 2419 687
1579 2376 1732 2414 deEre-

1074 2434 1144 2469 tria
1165 2434 1216 2470 sic
1237 2435 1385 2470 scribit:
1419 2430 1494 2485 τήν
1518 2430 1636 2473 πόλιν
1658 2448 1731 2473 κα-

1072 2488 1277 2539 τέσκαψαν
1315 2488 1489 2539 Πέρσαι,
1537 2485 1731 2541 σαγηνεύ-

1075 2557 1210 2592 σαντες
1224 2577 1232 2593 ,
1284 2542 1338 2593 ὥς
1367 2559 1493 2597 φησιν
1510 2543 1728 2598 Ἡρόδοτος,

1072 2600 1166 2649 τούς
1193 2598 1441 2655 ἀνθρώπους
1472 2605 1528 2656 τῷ
1567 2599 1729 2654 πλήθει.

1072 2658 1170 2696 Add.
1192 2660 1289 2698 Plat.
1308 2661 1366 2696 De
1385 2661 1505 2709 Legg.
1521 2661 1575 2695 III
1594 2673 1633 2710 p.
1647 2659 1728 2699 698

1073 2717 1120 2752 D.
1151 2717 1268 2753 Tom.
1297 2717 1345 2753 ΙΙ.
1375 2738 1427 2744 --
1456 2714 1519 2752 Ad
1549 2716 1662 2753 verba
1681 2709 1727 2752 τὰ

1076 2769 1141 2823 ἱρὰ
1167 2769 1406 2823 συλήσαντες
1428 2772 1527 2811 cons.
1555 2777 1652 2810 nott.
1680 2767 1728 2806 ad

1073 2829 1117 2876 V,
1148 2832 1239 2870 102.
