1806 3181
80 484 196 513 auxilio
215 484 321 512 venire

82 521 234 553 recusant,
254 518 321 545 sive

78 552 157 591 quoq
175 551 328 579 Lacedae-

77 593 244 613 momorum
268 594 352 613 arro-

78 620 186 655 gantia
204 619 311 647 offensi

79 657 193 688 essent,

407 110 490 149 (566

803 109 1263 145 HERODOTI

409 216 544 269 ,,κατὰ
573 234 622 259 το
651 215 787 272 ἥμισυ
813 216 953 271 πάσης
973 219 1046 270 τῆς
1065 218 1324 273 συμμαχίης·
1355 219 1428 260 καί
1456 235 1524 260 τοι
1556 218 1665 261 κατά

408 302 481 341 „ys
508 284 558 328 τὸ
587 285 760 327 δίκαιοιν
787 285 987 339 γίνεσθαι
1016 282 1094 339 τὴν
1109 283 1345 340 ἡγεμονίην
1365 285 1552 337 ἑωυτῶν,
1578 283 1664 328 ἀλλ’

409 353 554 408 „timos
591 362 670 407 σφι
714 351 908 408 ἀποχρᾶν
947 352 1058 395 κατὰ
1093 352 1142 394 τὸ
1191 351 1324 408 ἥμισυ
1352 351 1667 409 ἦγεομένοισι.“

411 424 558 464 Ταῦτα
594 420 672 475 μὲν
710 421 887 476 λέγουσι
915 419 996 476 τὴν
1026 419 1191 475 βουλὴν
1218 418 1569 476 ὑποκρίνασθαι,
1597 421 1671 463 καί

413 505 492 545 περ
530 487 886 544 ἀπαγορεύοντός
925 501 1004 544 σφι
1033 491 1113 531 τοῦ
1155 490 1419 544 χρηστηρίου
1449 487 1507 543 μὴ
1536 486 1671 531 ποιέε-

412 562 518 601 σθαι
546 556 626 613 τήν
658 556 770 612 πρός
798 555 1129 611 τοῦςἝλληνας
1167 558 1433 612 συμμαχίην·
1476 556 1729 612 σπουδὴν40

412 626 457 670 δὲ
478 626 587 682 ἔχειν
617 626 809 676 σπονδὰς
838 624 1044 681 γενέσθαι
1072 625 1459 680 τριηκονταέτιδας,
1490 625 1564 667 καί
1592 639 1674 677 περ

410 693 459 737 τό
499 693 760 750 χρηστήριον
798 692 1119 749 φοβεομένοισι,
1165 694 1239 735 ἵνα
1268 691 1322 749 δή
1352 703 1431 748 σφι
1462 693 1506 734 οἷ
1523 693 1674 743 παῖδες

413 761 696 817 ἀνδρωθέωσι
735 761 781 804 ἐν
817 759 1012 805 τούτοισι
1055 764 1167 803 τοῖσι
1198 759 1329 803 ἔτεσι·
1371 758 1429 816 μή
1463 759 1509 803 δὲ
1539 771 1672 802 σπον-

413 831 524 874 δέων
552 830 754 882 ἐουσέων,
788 829 1072 885 ἐπιλέγεσθαι,
1102 826 1158 884 ἦν
1188 827 1272 882 ἄρα
1294 827 1431 883 σφέας
1449 827 1672 884 καταλάβῃ

413 898 524 951 πρὸς
563 902 624 955 τῷ
663 896 862 954 γεγονότι
901 901 1022 954 κακῷ
1063 895 1168 940 ἄλλο
1209 901 1399 951 πταῖσμα
1436 894 1547 951 πρὸς
1599 896 1676 938 τόν

417 964 616 1022 Πέρσην,
666 965 724 1022 μὴ
764 966 813 1009 vo*
857 965 1014 1009 λοιπὸν
1053 965 1153 1008 ἔωσι
1182 965 1542 1018 Λακεδαιμονίων
1569 963 1732 1020 ὑπή-45

385 1041 407 1074 2
417 1050 530 1078 κοοι.

362 1311 769 1364 Schweighaeuserus:
803 1312 887 1360 „Ob
913 1317 1022 1349 vete-

362 1384 445 1407 rem
473 1371 728 1420 Argivorinn‚
756 1369 1024 1419 Agamemno-

362 1429 419 1465 nis
450 1434 593 1475 aetate,
635 1427 883 1462 eminentiam
912 1438 1024 1475 super

363 1491 530 1522 caeteros
551 1496 683 1520 omnes
696 1483 877 1519 Graeciae
896 1495 1024 1533 popu—

361 1543 441 1589 los,
472 1553 640 1592 aequum
668 1553 746 1576 esse
768 1546 945 1587 censent,
981 1545 1024 1574 ut

364 1599 454 1649 ipsis
483 1598 569 1635 solis
598 1609 795 1634 summum
819 1597 859 1632 in
887 1608 1025 1632 conso-

365 1656 480 1692 ciatas
509 1661 662 1691 cunctas
693 1655 928 1689 Graecorum
958 1665 1026 1688 co-

363 1713 445 1763 pias
461 1712 667 1762 imperium
683 1709 912 1747 deferatur.“
963 1707 1026 1745 Ad

362 1766 527 1808 verbuin
558 1763 739 1820 ἀποχρᾶν
755 1766 849 1803 conf
862 1772 959 1803 nott.
977 1763 1025 1802 ad

363 1828 392 1875 Ι,
415 1828 482 1867 66.

557 1915 651 1966 cap.
672 1914 845 1951 CXLIX.

425 1989 746 2047 ἀπαγορεύοντός
765 1992 855 2043 σφι]
877 1992 933 2027 De
950 1989 1026 2027 hu-

368 2054 426 2089 ius
441 2052 547 2089 verbi
571 2058 756 2089 structura
785 2049 885 2086 conf.
916 2048 1027 2085 allata

370 2107 420 2146 ad
437 2109 504 2156 ΠΙ,
528 2110 607 2149 128
643 2115 679 2144 et
702 2106 751 2144 ad
769 2119 881 2144 voces
903 2118 1028 2144 σπον-

370 2162 442 2212 δοῖς
487 2163 830 2216 τριηκονταετίδας
887 2160 1024 2200 Matth.

370 2224 439 2260 Gr.
471 2222 537 2258 Gr.
570 2221 607 2266 ξ.
641 2222 720 2259 113
758 2226 839 2256 not.
874 2222 898 2260 3
937 2230 1025 2269 pag.

372 2280 466 2321 230.

428 2330 702 2384 ἐπιλέγεσθαι,
732 2327 786 2381 ἢν
810 2327 886 2382 ἄρα
904 2328 1027 2378 σφέας

374 2407 412 2430 κ.
438 2406 471 2429 τ.
501 2391 554 2439 λ.]
586 2388 824 2437 „Infinitivus
857 2385 1028 2438 ἐπιλέγε-

376 2451 486 2495 σθαι,
505 2448 615 2485 sicuti
633 2444 900 2497 praecedentes
923 2441 1028 2482 ‘iino-

374 2504 593 2557 κρίνασθαι
617 2510 653 2539 et
686 2498 866 2553 σπουδὴν
887 2499 987 2552 ἔχειν
1006 2512 1027 2535 a

375 2562 568 2612 superiore
595 2561 712 2597 verbo
748 2558 903 2612 λέγουσι
931 2557 1028 2606 legi-

376 2619 468 2656 time
486 2615 650 2669 pendet:
700 2617 863 2668 satisque
883 2614 1029 2665 perspi-

378 2689 447 2713 cua
468 2683 521 2713 est
529 2674 708 2711 naturalis
719 2674 923 2712 verborum
931 2677 1031 2708 stru-

379 2739 482 2770 ctura
519 2729 758 2779 huiusmodi,
811 2722 1031 2780 ἐπιλεγόμε-

594 1037 693 1077 Τῶν
723 1034 769 1078 δὲ
799 1033 991 1090 ἀγγέλων
1008 1034 1113 1084 τούς
1136 1031 1220 1076 ἀπὸ
1241 1037 1317 1088 τῆς
1342 1030 1551 1089 Σπάρτης
1567 1031 1677 1086 πρὸς

412 1103 466 1146 τὰ
504 1102 694 1159 ῥηθέντα
743 1102 791 1146 ἐκ
828 1106 905 1158 τῆς
950 1104 1117 1158 βουλῆς
1179 1099 1448 1157 ἀμείψασθαι
1503 1102 1671 1144 τοῖσδε·

1079 1323 1144 1348 νοι
1176 1306 1244 1357 δὲ,
1276 1306 1343 1361 μὴ,
1375 1306 1580 1349 σπονδέων
1604 1304 1660 1360 μή
1695 1306 1735 1348 ἒ-

1081 1364 1254 1414 ονσέων,
1298 1363 1340 1406 τὸ
1371 1363 1508 1407 λοιπὸν
1528 1364 1619 1405 ἔωσι
1646 1368 1735 1403 Λα-

1080 1422 1346 1474 κεδαιμονίων
1366 1420 1564 1474 ν’πήκοοι,
1593 1418 1647 1473 ἢν
1659 1419 1736 1473 ἄρα

1083 1478 1206 1529 σφέας
1235 1487 1306 1517 etc.
1339 1481 1393 1528 [i.
1423 1495 1457 1522 e.
1490 1479 1579 1530 quod
1607 1478 1736 1529 foedus

1081 1538 1115 1573 si
1140 1549 1207 1573 non
1231 1537 1359 1587 fieret,
1391 1551 1425 1575 se
1451 1538 1585 1584 vereri,
1622 1548 1681 1582 ne,
1706 1536 1740 1572 si

1083 1592 1132 1629 ad
1155 1594 1257 1642 prius
1285 1594 1415 1630 malum
1444 1593 1521 1630 alia
1540 1593 1738 1630 accessisset

1084 1649 1271 1686 calamitas
1288 1663 1304 1687 e
1323 1650 1409 1686 bello
1430 1649 1591 1696 Persico,
1610 1650 1683 1698 ipsi
1701 1650 1738 1685 in

1077 1709 1251 1757 posterum
1284 1707 1486 1744 Laconibus
1520 1705 1655 1743 subditi
1682 1718 1738 1742 ea-

1084 1764 1244 1811 sent.]“
1295 1762 1737 1812 Schweighaeuser.

1080 1821 1175 1857 Loci
1204 1826 1348 1856 rectam
1391 1819 1739 1870 interpunctionem

1082 1877 1275 1914 constituit
1295 1875 1486 1914 Schaefer.
1499 1874 1678 1927 Append.
1690 1873 1739 1912 ad

1082 1935 1183 1972 Bast.
1219 1935 1292 1984 Ep.
1323 1935 1405 1971 crit.
1430 1945 1519 1984 pag.
1546 1935 1600 1973 29
1621 1945 1643 1968 a
1667 1932 1737 1971 Cr.

1084 1991 1278 2029 excitatus.
1327 1993 1386 2028 De
1418 1991 1534 2028 verbo
1565 1986 1739 2040 ἐπιλέγε-

1084 2051 1183 2087 σθαι
1205 2046 1308 2100 quod
1328 2052 1438 2085 metus
1456 2045 1519 2083 hic
1539 2046 1653 2083 simul
1668 2058 1739 2082 no-

1081 2106 1228 2141 tionem
1256 2105 1431 2152 assumit),
1460 2101 1539 2141 vid.
1566 2108 1662 2139 nott.
1690 2100 1739 2138 ad

1082 2163 1148 2208 ΙΙΙ,
1190 2160 1256 2201 65.
1322 2162 1397 2198 Vix
1434 2160 1538 2195 enim
1570 2159 1738 2194 multum

1085 2217 1212 2255 dIffert
1230 2216 1269 2255 h.
1289 2217 1315 2253 l.
1336 2211 1606 2267 ἐπιλεγόμενοι
1626 2221 1739 2267 atque

1086 2270 1344 2324 φοβεόμενοι.
1420 2274 1495 2309 1)Γο
1540 2267 1641 2323 πρός
1672 2267 1740 2311 τόν

1086 2329 1250 2381 Πέρσην
1285 2327 1635 2380 Schweighaeuser.
1669 2340 1739 2365 ex-

1085 2387 1277 2436 spectabat
1310 2383 1411 2438 πρός
1446 2387 1521 2425 τοῦ
1560 2382 1738 2436 Πέρσεω,

1084 2450 1127 2479 ut
1146 2441 1356 2480 Larcherus
1376 2441 1516 2479 reddit:
1548 2441 1641 2478 dela
1655 2444 1741 2492 part

1086 2499 1144 2537 des
1155 2499 1286 2537 Perses.
1316 2501 1419 2537 Libri
1439 2497 1646 2535 Herodotei
1660 2510 1739 2534 non

1085 2555 1279 2594 addicunt.
1311 2579 1367 2584 -
1406 2556 1621 2593 Articulum
1661 2555 1741 2593 τῶν

1086 2620 1172 2650 ante
1200 2613 1532 2664 Λακεδαιμονίων
1563 2623 1652 2648 culn
1679 2622 1742 2647 re-

1088 2677 1200 2707 centt.
1231 2669 1318 2708 edd.
1349 2669 1472 2707 delevi
1494 2669 1741 2720 probatorum

1090 2727 1273 2765 librorum
1293 2728 1525 2765 auctoritate.

1732 1109 1806 1150 573
