1815 3181
277 716 343 760 72}

71 779 197 808 Cleome
200 789 313 807 nnnnn
317 789 345 807 m

146 814 322 841 citul‘lo-

174 849 227 882 io,

156 882 217 909 B
222 883 263 909 t

72 915 240 943 Ghacilden

71 950 221 977 Atticam
212 924 299 978 mveas-

70 983 155 1011 dun&

69 823 149 914 {mnu

244 848 347 875 simul-

402 201 484 242 134

798 199 1271 236 HERODOTI

402 326 448 353 τε
480 309 554 352 καὶ
583 307 727 360 ὕδωρ,
768 305 792 350 ὁ
834 306 880 351 δὲ
920 308 1167 363 συμμαχίην
1208 319 1288 362 σφι
1319 307 1596 351 συνετίθετο·
1638 309 1673 350 εἰ

404 377 449 420 δὲ
480 375 537 431 μὴ
569 378 763 424 διδοῦσι,
795 374 1152 420 ἀπαλλάσσεσθαι
1186 375 1350 427 αὐτούς
1381 376 1557 419 ἐκέλευε.
1620 377 1676 419 Οἱ

374 444 452 487 4635
493 442 668 498 ἄγγελοι
707 443 776 486 ἐπὶ
818 444 967 499 σφέων
1013 442 1162 487 αὐτῶν
1201 443 1459 500 βαλόμενοι,
1501 442 1673 488 διδόναι

405 512 596 567 ἔφασαν,
649 511 918 567 βουλόμενοι
973 512 1052 567 τὴν
1102 515 1348 568 συμμαχίην
1394 511 1673 568 ποιήσασθαι.

405 574 531 623 οὗτοι
572 579 652 635 μὲν
688 580 741 635 δή
786 577 1053 630 ἀπελθόντες
1092 579 1136 631 ἐς
1172 580 1253 636 τὴν
1297 580 1496 634 ἑωυτῶν,
1538 582 1733 632 αἰτίας65

406 645 597 702 μεγάλας
627 644 756 703 εἶχον.

490 714 742 771 Κλεομένης
773 715 842 763 δὲ,
884 714 1170 771 ἐπιστάμενος
1206 718 1516 773 περιϋβρίσθαι
1557 715 1676 759 ἔπεσι
1731 704 1813 748 409

404 784 475 828 καὶ
505 784 669 839 ἔργοισι
697 783 781 828 ὑπ’
805 783 1074 840 Ἀθηναίων,
1120 783 1319 839 συνέλεγε
1349 783 1395 826 ἐκ
1425 783 1565 840 πάσης
1596 787 1676 827 Πε-

405 851 688 908 λοποννήσου
734 852 946 906 στρατόν,
989 850 1042 894 οὗ
1083 851 1264 907 φράζων
1294 850 1337 902 ἐς
1373 850 1422 894 τό
1455 850 1676 907 συλλέγει·

408 923 616 965 τίσασθαί
646 937 691 965 τε
722 920 888 965 ἐθέλων
915 919 993 963 τὸν
1025 921 1167 976 δῆμον
1195 923 1284 962 τῶν
1311 917 1575 975 Ἀθηναίων,
1605 918 1678 962 καὶ

405 988 628 1046 Ἰσαγόρεα
657 989 925 1046 βουλόμενος
953 987 1176 1043 τύραννον
1204 990 1494 1044 καταστῆσαι·
1535 988 1678 1039 συνεξ
1689 994 1735 1027 70

377 1062 519 1114 Ζῆλθε
547 1057 632 1114 γάρ
663 1059 707 1101 οἱ
735 1054 863 1109 οὗτος
893 1057 940 1101 ἐκ
984 1060 1060 1112 τῆς
1099 1053 1380 1109 ἀκροπόλιος.

1431 1055 1715 1112 Κλεομένης,

407 1142 452 1169 τε
481 1125 534 1182 δὴ
565 1123 705 1184 στόλῳ
735 1125 906 1183 μεγάλῳ
937 1124 1113 1180 ἐσέβαλε
1142 1123 1184 1174 ἐς
1219 1123 1301 1179 τήν
1325 1122 1574 1175 Ἐλευσῖνα,
1606 1122 1680 1166 καὶ

407 1195 450 1237 οἱ
480 1194 670 1238 Βοιωτοὶ
723 1192 811 1237 ἀπὸ
852 1193 1133 1250 συνθήματος
1176 1189 1339 1247 Οἰνόην
1379 1191 1576 1247 αἱρέουσι
1610 1191 1685 1235 καὶ

350 1381 422 1415 σας
452 1366 500 1406 de
519 1368 737 1406 narratione
766 1366 945 1404 nondum
964 1367 1012 1403 fi-

348 1427 451 1474 nita,
483 1439 574 1463 cum
594 1424 709 1476 paulo
739 1431 852 1461 antea
871 1423 1014 1472 ἐκπλη-

350 1485 478 1534 ρῶσαι
495 1479 569 1533 τήν
592 1477 780 1533 διήγησιν
812 1480 861 1518 de
880 1494 1017 1518 narra-

349 1541 454 1576 tione
474 1541 626 1590 penitus
641 1538 848 1586 absoluta].
877 1539 1018 1575 Portus

351 1597 564 1634 contulerat
602 1594 759 1633 Hesiod.
801 1596 900 1646 Opp.
938 1597 1017 1636 106

351 1652 487 1703 (93):
520 1648 642 1703 λόγον
664 1647 952 1705 ἐκκορυφώσω.

410 1721 446 1759 εἰ
467 1718 540 1772 μὲν
563 1721 786 1760 διδοῦσι-
804 1722 884 1773 γῆν
899 1733 939 1759 τε
951 1717 1019 1758 καὶ

349 1772 460 1828 ὕδωρ
482 1793 519 1816 κ.
531 1792 564 1816 τ.
577 1778 630 1826 λ.]
662 1779 722 1813 De
742 1776 800 1814 his
821 1776 897 1814 vid.
918 1783 1017 1814 nott.

351 1833 400 1870 ad
420 1835 484 1881 IV,
508 1837 602 1875 126.
623 1847 712 1885 pag.
734 1834 830 1875 503.
852 1835 947 1881 678,
981 1840 1019 1870 et

351 1890 399 1927 de
420 1893 567 1928 ratione
588 1891 867 1942 particularum
888 1887 959 1940 μὲν
978 1896 1016 1927 et

351 1945 395 1986 δὲ
415 1955 512 1985 nott.
533 1947 583 1984 ad
603 1948 668 1996 IV,
680 1949 749 1988 65.
765 1969 823 1975 -—
836 1948 932 1983 Mox
948 1946 1018 1984 de·-

352 2003 392 2041 di
412 2003 477 2043 ἐπὶ
503 2003 640 2054 σφέων
662 2000 797 2043 αὐτῶν
823 2002 922 2055 (pro
945 1999 1020 2043 αὕ-

350 2058 444 2100 τέω
458 2060 500 2110 ν)
534 2058 766 2112 βαλόμενοι,
794 2059 842 2097 de
863 2073 941 2112 qua
959 2062 1021 2098 lo-

352 2118 506 2154 cutione
533 2117 612 2155 vid.
645 2124 744 2154 nott.
775 2116 824 2154 ad
851 2118 918 2165 III,
951 2120 1020 2158 71.

351 2173 455 2211 Add.
476 2174 522 2222 V,
550 2176 641 2214 106.

410 2241 539 2288 αἰτίας
559 2239 732 2292 μεγάλας
757 2236 881 2292 εἶχον]
913 2236 1020 2290 εἶχον

353 2311 422 2349 pro
437 2298 542 2348 vulg.
557 2296 645 2347 ἕχον
656 2310 746 2334 cum
756 2303 915 2334 recentt.
931 2295 1018 2336 edd.

355 2353 443 2392 dedi
475 2368 496 2391 e
526 2355 718 2392 Sancrofti
736 2354 832 2391 libro
865 2366 909 2389 ac
927 2354 1020 2390 Flo-

355 2412 519 2448 rentino.
578 2412 636 2447 De
681 2411 876 2448 locutione
915 2410 1017 2446 conf.

355 2475 452 2509 nott.
474 2466 523 2505 ad
543 2469 588 2516 V,
616 2470 684 2508 70.

545 2570 637 2619 Cap.
658 2568 835 2605 Lxxlv.

394 2644 672 2700 ἐπιστάμενος]
687 2647 804 2683 Recte
817 2644 1020 2696 Schweig-

356 2705 487 2743 haeus.
501 2718 605 2757 quum
618 2724 666 2731 —
680 2705 912 2741 existimaret.
936 2703 1020 2747 Quo

357 2762 495 2799 eodem
525 2773 639 2799 sensu
668 2761 697 2807 Ι,
725 2762 816 2800 122.
842 2758 933 2800 156.
955 2760 1021 2806 ΠῙ,

358 2821 424 2865 66,
447 2819 548 2856 alibi.
594 2816 655 2855 Ad
673 2818 906 2853 locutionem
923 2815 962 2863 ἐς
983 2813 1025 2855 τὸ

1070 1367 1172 1404 conf.
1212 1367 1267 1414 II,
1302 1368 1382 1406 116
1411 1365 1542 1417 ibique
1572 1371 1669 1402 nott.
1701 1371 1739 1402 et

1073 1424 1213 1462 struve
1235 1423 1349 1473 Spec.
1369 1424 1386 1458 Ι
1404 1435 1493 1473 pag.
1514 1420 1583 1462 41.

1130 1490 1291 1543 ἐσέβαλε
1324 1489 1363 1537 ἐς
1397 1486 1474 1540 τήν
1513 1485 1736 1538 Ἐλευσῖνα]

1074 1550 1101 1587 i.
1125 1563 1159 1586 e.
1180 1550 1217 1586 in
1237 1560 1366 1597 agrum
1392 1547 1617 1584 Eleusiniam
1637 1550 1740 1584 inva-

1076 1608 1146 1652 sit5
1184 1606 1253 1642 ubi
1284 1604 1487 1640 articulum
1512 1601 1587 1654 τήν
1615 1605 1742 1655 plures

1076 1662 1190 1700 codd.
1212 1662 1415 1709 omittunt,
1445 1667 1490 1697 ut
1504 1661 1550 1707 V,
1569 1663 1637 1701 76.
1658 1661 1742 1708 VH,

1075 1720 1144 1760 75.
1188 1717 1251 1755 Ad
1270 1719 1393 1768 ipsam
1412 1718 1673 1754 narrationem
1692 1717 1741 1754 cf.

1075 1777 1240 1812 Pausan.
1257 1776 1321 1821 III,
1342 1773 1368 1814 4
1391 1775 1428 1820 ξ.
1445 1777 1472 1815 2
1491 1786 1579 1825 pag.
1601 1776 1684 1814 212
1706 1781 1744 1810 et

1076 1831 1208 1870 Schol.
1221 1830 1270 1868 ad
1282 1829 1476 1882 Aristoph.
1489 1831 1645 1882 Lysistr.
1659 1833 1741 1871 273

1077 1891 1178 1938 [267
1189 1887 1339 1936 Both.].
1353 1910 1408 1914 ——-
1430 1882 1510 1927 ἀπὸ
1531 1883 1740 1937 συνθήμα-

1074 1961 1141 1994 τος
1160 1947 1274 1997 plane
1295 1945 1504 1993 utVI,121
1528 1942 1570 1983 ἐκ
1586 1939 1742 1994 συνθή-

1077 2019 1200 2054 ματος
1219 2015 1263 2040 ex
1284 2003 1485 2052 composito.
1515 2000 1603 2039 Vid.
1625 1999 1742 2038 Thu-

1077 2059 1166 2112 cyd.
1187 2060 1288 2108 VIII,
1310 2061 1378 2100 99·

1137 2133 1288 2188 Οἰνόην
1309 2134 1490 2189 αἱρέουσι
1501 2133 1569 2174 καὶ
1586 2132 1741 2183 ““Τσιας,

1079 2190 1233 2245 δήμους
1286 2190 1381 2239 τοὺς
1434 2188 1624 2243 ἒσχατονς
1669 2194 1742 2242 τῆς

1074 2246 1327 2299 Ἀττικῆς],
1332 2250 1504 2300 ‚Duplex
1525 2255 1604 2285 erat
1626 2249 1743 2286 Oenoe

1075 2308 1115 2343 in
1142 2307 1268 2343 Attica
1306 2308 1485 2357 regione,
1544 2306 1661 2342 altera
1692 2304 1742 2342 ad

1076 2362 1328 2412 Eleutheros,
1377 2361 1426 2400 ad
1472 2360 1742 2399 Marathonem

1076 2415 1192 2456 altera
1221 2418 1288 2468 [de
1310 2419 1386 2471 qu&
1405 2419 1482 2458 vid.
1506 2421 1627 2456 Kruse
1647 2419 1744 2455 Hela-

1075 2478 1129 2513 las
1150 2478 1196 2523 11,
1220 2479 1238 2516 1
1264 2489 1352 2527 pag.
1375 2479 1456 2517 273
1472 2476 1612 2528 εεςᾳη]
1640 2477 1741 2512 Har-

1076 2539 1220 2584 pocrat.
1245 2529 1373 2583 Οἰνόη
1398 2531 1496 2584 ἡμῖν
1525 2533 1652 2583 δῆμος
1669 2534 1741 2582 τῆς

1074 2588 1420 2637 Ιπποθοωντίδος
1439 2586 1537 2641 πρὸς
1554 2585 1741 2627 Ἐλευθέ-

1078 2661 1179 2698 ραις,
1210 2663 1235 2697 η
1259 2644 1301 2685 δὲ
1323 2649 1394 2698 τῆς
1411 2644 1626 2692 Αἰαντίδος
1642 2660 1672 2683 π
1674 2641 1741 2697 ρός

1081 2705 1331 2753 Μαραθῶνι.
1390 2703 1501 2739 Prior
1537 2699 1600 2738 hic
1638 2700 1742 2738 desi-

1079 2761 1189 2807 gnari
1231 2759 1402 2807 videtur,
1448 2770 1546 2811 quae
1580 2759 1620 2794 in
1651 2757 1741 2809 ipsis

1079 2817 1261 2853 Boeotiae
1306 2816 1444 2853 finibus
1487 2813 1642 2852 Thebas
1692 2825 1742 2850 ex
