1806 3181
59 507 120 536 Bor
142 515 174 535 as
193 509 225 535 et
243 508 310 534 ori-

59 542 123 576 thyi
162 542 198 569 ab
210 541 300 568 Athe-

83 576 213 603 ’eusibus
231 576 262 602 in
281 584 298 602 a

90 610 132 636 liu
180 609 280 637 vocat·

84 652 119 670 ac
167 652 215 670 um
238 643 261 670 B
302 651 318 671 e

187 677 197 703 l
211 685 260 704 ssu

386 121 470 162 736

788 122 1250 161 HERODOTI

389 229 563 287 Πηλίῳ,
607 229 686 280 τοὶς
714 229 761 273 δὲ
789 229 832 281 ἐς
850 228 930 273 τόν
963 229 1183 286 αἰγιαλόν·
1222 234 1266 275 αἱ
1296 233 1342 277 δὲ
1371 233 1470 288 περὶ
1507 232 1644 290 αὐτὴν

389 297 468 353 τὴν
498 296 707 353 Σηπιάδα
735 299 1037 353 περιέπιπτον·
1079 301 1125 342 αἱ
1153 299 1198 343 δὲ
1227 300 1270 351 ἐς
1298 304 1542 356 Μελίβοιαν
1570 300 1649 345 πό-

389 369 471 416 λιν,
504 367 549 408 αἱ
575 367 620 409 δὲ
649 365 691 417 ἐς
711 368 1002 423 Κασθαναίην
1031 366 1353 424 ἐξεβράσσοντο.
1409 363 1466 425 ἦν
1494 384 1539 411 τε
1567 371 1648 412 τοῦ

389 436 600 487 χειμῶνος
639 438 785 491 χρῆμα
826 433 1064 491 ἀφόρητον.
1122 437 1302 491 Λέγεται
1332 437 1378 480 δὲ
1407 436 1564 490 λόγος,
1589 435 1648 487 ὥς

388 498 613 555 Ἀθηναῖοι
652 502 731 545 τὸν
758 506 907 558 Βορῆν
946 504 994 547 ἐκ
1022 505 1295 559 θεοπροπίου
1324 503 1648 555 ἐπεκαλέσαντο,
1663 510 1704 545 15

336 751 477 789 camini
506 765 535 791 s.
566 752 667 790 furni
697 752 834 806 (Oefen
851 756 889 805 ),
921 757 988 808 qui

335 807 449 845 hodie
470 817 666 858 vocantur,
688 812 728 847 in
750 811 892 849 ditione
913 814 988 850 Sa-

334 865 571 915 lisburgensi,
592 868 657 904 ubi
676 869 836 906 Iovavus
854 869 990 907 fluvius

334 935 403 973 per
422 935 534 972 rupes
555 925 701 961 exitum
719 926 790 961 sibi
809 928 989 977 perrupit,

336 979 502 1015 multum
521 981 654 1032 utique
679 982 816 1019 visitati
837 995 857 1019 a
877 997 990 1034 pere-

335 1036 583 1085 grinantibus.

394 1091 439 1130 αἱ
468 1090 511 1131 δὲ
538 1092 630 1146 περὶ
654 1089 782 1146 αὐτην
810 1091 885 1146 τη“ν
905 1097 991 1145 Ση-

336 1145 461 1187 πιάδα
481 1149 764 1202 περιέπιπτον]
794 1151 820 1188 i.
842 1165 875 1189 e.
897 1151 993 1189 aliae

336 1205 387 1242 ad
412 1207 525 1256 ipsum
554 1206 716 1257 Sepiada
754 1207 884 1245 allisae
906 1212 989 1245 sunt

336 1275 366 1298 s.
391 1264 430 1299 ιή
449 1266 578 1300 terram
597 1267 827 1314 impegerunt.
877 1264 989 1309 Quod

334 1318 518 1356 Valckeu.
540 1315 666 1371 αὐτήν
681 1328 829 1357 mutare
848 1322 931 1358 vult
952 1322 992 1356 in

335 1370 461 1425 οἷκτήν
481 1389 510 1412 s.
537 1373 685 1426 ἄκρην,
708 1390 752 1413 eo
773 1375 869 1413 nihil
890 1384 991 1414 certe

336 1444 444 1482 opus.
501 1431 563 1468 Ad
594 1440 865 1483 argumentum
894 1434 992 1470 bene

335 1488 438 1525 idem
478 1489 624 1526 confert
659 1490 846 1526 clement.
878 1491 991 1528 Alex.

337 1545 518 1582 Stromat.
539 1546 590 1582 VI
600 1560 637 1595 p.
651 1546 745 1594 753,
757 1548 809 1586 36
833 1553 869 1582 et
882 1548 991 1583 Stra-

335 1603 426 1639 bon.
447 1603 504 1638 IX
524 1616 561 1652 p.
580 1604 660 1643 675
683 1602 725 1639 C.
746 1604 793 1642 D.
831 1604 890 1639 De
919 1603 989 1640 Se-

332 1659 445 1709 piade
477 1665 513 1695 et
552 1658 777 1697 Casthanaea
823 1658 904 1696 dixi
940 1658 989 1696 ad

336 1716 416 1762 VII,
441 1717 533 1756 183.

395 1771 434 1818 ἐς
455 1772 711 1823 Μελίβοιαν]
736 1771 946 1810 ῘΙΙεΖὶὂοεαιη
967 1785 988 1808 a

336 1829 590 1879 septentrione
604 1828 775 1880 Sepiadis
787 1836 823 1866 et
835 1828 994 1866 Casthaq

335 1897 454 1921 naeae
494 1885 606 1923 fuisse
646 1887 757 1923 sitam
801 1887 841 1922 in
879 1888 993 1923 maris

338 1941 506 1993 quodam
552 1944 638 1979 sinu
691 1944 884 1994 probabile
923 1949 989 1980 est.

336 1998 424 2035 Vid.
453 2000 537 2035 Liv.
567 2001 711 2047 XLIV,
745 2003 795 2040 13
826 2007 874 2046 et,
924 2000 991 2051 qui

337 2068 428 2091 cum
448 2055 642 2093 Herodoto
654 2057 851 2103 consentit,
864 2056 989 2094 Strab.

336 2112 393 2147 IX
413 2124 451 2161 Ρ.
474 2111 554 2151 305
575 2126 604 2149 s.
625 2111 718 2152 443.
779 2113 930 2163 Scylac.
951 2114 989 2158 ξ.

338 2169 392 2208 66
408 2181 445 2217 p.
465 2167 518 2208 25
546 2181 575 2204 S.
596 2181 634 2217 p.
663 2171 745 2208 277
776 2170 886 2217 Gail.,
925 2170 991 2205 ubi

338 2223 437 2260 inter
476 2224 701 2273 Magnetum
732 2225 842 2261 urbes
883 2232 989 2262 extra

338 2281 465 2317 sinum
501 2280 766 2330 Pagaseticum
814 2279 988 2318 Meliboea

337 2344 504 2383 vocatur,
554 2349 671 2388 quam
711 2334 873 2372 eandem
910 2350 988 2373 non

337 2394 444 2430 aliter
464 2400 577 2444 atque
609 2391 905 2439 Casthanaeam,
944 2400 987 2430 ut

336 2450 465 2486 notavi
476 2449 523 2486 ad
534 2450 613 2497 VII,
626 2452 718 2497 183,
730 2448 846 2486 modo
859 2447 986 2486 Thes-

337 2507 464 2553 saliae,
493 2505 609 2543 modo
640 2506 886 2543 Macedoniae
916 2505 987 2542 ad-

336 2563 517 2600 scribunt.
565 2563 674 2601 Conf.
697 2562 915 2601 Tzschuck.
937 2561 986 2599 ad

335 2620 426 2656 Mel.
461 2620 508 2666 11,
532 2622 556 2659 3
580 2621 614 2665 ξ.
638 2623 656 2659 1
682 2627 778 2657 nott.
800 2632 932 2670 exegg.
949 2633 986 2670 p.

339 2677 416 2715 169
438 2676 523 2714 coll.
544 2677 732 2714 Mannert.
753 2678 822 2714 VII
841 2676 988 2728 p.597.

337 2732 467 2781 Ipsum
505 2744 649 2770 nomen
680 2747 770 2771 vere
799 2734 989 2771 Graecum

300 585 332 603 u·
389 566 598 620 ἐλθόντος
626 580 707 626 σφι
737 569 871 615 ἄλλου
909 573 1173 629 χρηστηρίου
1219 571 1327 625 ,,τὸν
1346 571 1544 629 φαμβρόν
1562 571 1648 615 ἐπί-

1050 756 1148 794 melle
1178 755 1221 806 (i.
1236 770 1268 793 e.
1285 754 1401 804 dulce)
1417 758 1624 793 nutrientem
1642 755 1705 792 in-

1051 813 1176 850 dicare
1196 812 1365 862 w‘detur3
1399 827 1448 849 ex
1468 825 1543 864 quo
1564 825 1705 863 genere

1054 877 1142 907 sunt
1166 871 1381 922 Περίβοια,
1416 867 1584 921 Εὔβοια,
1607 864 1704 908 Ἀλ-

1052 927 1260 977 φεσίβοια,
1320 922 1547 977 Πολύβοια,
1605 938 1704 977 quae

1051 982 1213 1020 deorum
1242 996 1395 1035 quoque
1423 989 1511 1019 suut
1546 983 1705 1019 nomina

1050 1052 1130 1076 uon
1145 1040 1252 1076 aliter
1270 1040 1349 1076 fere
1369 1047 1482 1091 atque
1502 1038 1707 1090 Μελίβοια

1051 1095 1154 1147 apud
1190 1097 1353 1147 Argivos
1384 1095 1591 1134 vocabatur
1608 1097 1705 1132 Nio-

1051 1153 1115 1190 bes
1135 1152 1233 1201 filia,
1265 1166 1363 1204 quae
1384 1153 1463 1190 aliis
1485 1159 1564 1188 erat
1586 1153 1705 1190 Χλῶ-

1051 1225 1111 1260 ρις
1138 1210 1164 1246 i.
1186 1223 1220 1246 e.
1250 1211 1376 1246 Flora.
1432 1209 1570 1258 Attigit
1587 1209 1704 1245 wel.-

1050 1265 1155 1302 cker.
1179 1265 1226 1302 ad
1238 1263 1469 1303 Schwenck.
1485 1265 1705 1316 Etymolog.

1050 1321 1292 1373 mythologg.
1307 1321 1593 1372 Andeutungen
1612 1334 1703 1372 pag.

1053 1380 1133 1418 298
1162 1379 1292 1430 ibique
1323 1380 1485 1415 Pausan.
1512 1379 1560 1426 ΙΙ,
1589 1381 1641 1419 21
1665 1379 1704 1424 §.

1055 1437 1120 1474 10·
1151 1436 1196 1483 V,
1231 1438 1280 1476 16
1310 1437 1347 1481 §.
1380 1438 1419 1476 3.
1450 1458 1501 1462 —-
1534 1434 1704 1472 Verbum

1053 1487 1346 1541 ἐκβράσσεσθαι
1375 1491 1567 1529 iuvenitur
1605 1504 1706 1543 quo-

1050 1559 1125 1598 que
1146 1549 1228 1594 VII,
1258 1550 1336 1589 190
1361 1547 1408 1584 de
1440 1549 1509 1595 iis,
1551 1560 1649 1599 quae
1682 1560 1704 1584 a

1048 1604 1145 1639 mari
1186 1605 1326 1654 agitato
1357 1611 1470 1655 atque
1500 1604 1704 1640 ebulliente

1049 1658 1097 1696 ad
1114 1660 1201 1697 litus
1222 1661 1435 1697 eiiciuntur.
1482 1659 1569 1698 Vid.
1584 1662 1705 1698 Wes-

1047 1716 1183 1766 seling.
1212 1716 1260 1753 ad
1298 1716 1453 1754 Diodor.
1493 1716 1597 1764 XIV,
1638 1719 1705 1758 68.

1051 1774 1215 1810 Pausan.
1236 1774 1302 1821 III,
1324 1773 1377 1814 24
1394 1775 1430 1819 §.
1444 1776 1483 1814 3.
1504 1774 1634 1823 Toup.
1655 1771 1705 1810 ad

1050 1831 1217 1881 Longin.
1238 1832 1290 1870 43
1305 1832 1341 1876 ξ.
1364 1834 1382 1871 1
1398 1844 1437 1881 Ρ.
1457 1829 1539 1870 466
1550 1828 1705 1868 Weisk.

1705 298 1806 362 5941ἶ

1107 1888 1161 1936 ἡν
1194 1901 1234 1926 τε
1259 1889 1331 1926 τοῦ
1358 1888 1551 1937 χειμῶνος
1572 1888 1705 1939 χρῆμα
1779 1907 1786 1909 -

1051 1938 1285 1995 ἀφόρητον]
1315 1942 1437 1980 Affert
1459 1941 1596 1980 Suidas
1615 1956 1645 1980 s.
1665 1956 1704 1980 v.

1051 2002 1182 2052 χρῆμα
1201 2001 1255 2036 ΙΙΙ
1275 2013 1314 2050 Ρ.
1332 2002 1411 2041 683
1432 2000 1530 2036 bene
1539 1999 1705 2036 retinens

1050 2071 1101 2104 τε,
1125 2057 1232 2093 ouius
1260 2057 1344 2093 loco
1367 2069 1387 2092 e
1418 2055 1565 2093 duobus
1589 2054 1701 2094 codd.

1051 2112 1205 2150 Schaef.
1227 2119 1263 2150 et
1282 2110 1416 2150 Matth.
1440 2111 1626 2149 dederunt
1645 2109 1702 2151 δέ.

1048 2172 1182 2221 Neque
1211 2176 1342 2206 tamen
1372 2170 1411 2204 in
1431 2167 1489 2205 his
1509 2169 1624 2205 Musis
1643 2168 1703 2204 in-

1047 2222 1201 2263 solitum
1228 2239 1268 2264 τε
1297 2225 1472 2275 simplex,
1500 2231 1543 2261 ut
1572 2225 1702 2262 notavi

1049 2282 1097 2318 ad
1134 2283 1196 2328 IV,
1228 2283 1308 2320 203
1345 2288 1381 2317 et
1410 2281 1490 2327 VH,
1525 2283 1604 2322 167
1633 2280 1700 2318 fin.

1049 2337 1151 2374 Add.
1181 2337 1278 2385 VIII,
1309 2339 1349 2377 6.
1387 2339 1450 2376 10.
1474 2338 1538 2376 13.
1560 2337 1627 2377 56.
1648 2339 1702 2377 60

1048 2396 1082 2440 ξ.
1118 2396 1152 2433 1.
1182 2393 1249 2434 65.
1280 2396 1347 2434 70.
1391 2396 1483 2433 101.
1517 2395 1595 2434 106
1632 2392 1700 2434 fin.

1050 2452 1374 2490 111-109 116.
1396 2447 1609 2490 138-141.
1642 2450 1701 2486 De

1046 2519 1139 2542 voce
1169 2508 1300 2558 χρῆμα
1328 2503 1409 2544 vid.
1437 2511 1535 2542 nott.
1566 2504 1614 2543 ad
1633 2506 1698 2554 HI,

1049 2565 1142 2603 109.

1188 2652 1280 2704 Cap.
1309 2651 1559 2690 chxxlx.

1103 2729 1173 2772 τόν
1194 2727 1373 2784 γαμβρὸν
1394 2729 1606 2782 ἐπίκουρον
1628 2744 1699 2769 κα-
