1815 3181
307 660 373 707 95

101 739 236 778 inprimis
256 737 358 765 Alcaei

431 216 512 255 194

827 198 1289 241 HERODOTI

428 322 495 364 ἐπὶ
524 317 684 375 χρόνον
721 312 881 368 συχνὸν
921 308 1215 364 Μυτιληναῖοί
1252 320 1296 348 τε
1337 304 1411 347 καὶ
1446 301 1688 355 Ἀθηναῖοι·

428 389 472 432 οἱ
506 387 607 442 μὲν,
639 381 914 430 ἀπαιτέοντες
941 377 1021 434 τὴν
1049 373 1216 431 χώρην·
1247 371 1469 427 Ἀθηναῖοι
1499 368 1558 419 δὲ,
1590 366 1691 409 οὔτε

431 448 853 510 συγγινωσκόμενοι,
915 441 1249 490 ἀποδεικνύντες
1296 454 1340 482 τε
1394 436 1509 492 λόγῳ
1559 431 1746 478 οὐδὲνόο

428 526 593 579 μᾶλλον
623 518 828 562 Αἰολεῦσι
871 512 1025 570 μετεὸν
1060 514 1137 566 τῆς
1162 506 1345 556 Ἰλιάδος
1374 502 1540 561 χώρης,
1579 501 1607 558 ἢ
1636 498 1692 544 οὐ

431 590 503 634 καὶ
534 587 612 643 σφὶ
640 585 713 630 καὶ
731 587 846 627 τοῖσι
875 580 1067 630 ἄλλοισι,
1108 577 1207 620 ὅσοι
1232 573 1451 629 Ἑλλήνων
1480 565 1694 624 συνεπρή·

431 659 559 709 ξαντο
603 652 806 709 Μενέλεῳ
845 649 921 699 τὰς
961 645 1130 701 Ἑλένης
1159 640 1372 698 ἁρπαγάς.

1443 633 1694 693 Πολεμεόν·

431 740 519 768 των
547 722 594 766 δέ
624 732 795 776 σφεων,
823 719 1010 760 παντοῖα
1051 712 1125 757 καὶ
1165 710 1275 755 ἄλλοι
1304 709 1471 765 ἐγένετο
1503 706 1551 750 ἐν
1592 707 1691 763 τῇσι

372 901 490 938 ναῖοι.
548 896 599 932 Ηὶ
617 893 790 942 Sigeum,
810 885 1031 924 Achilleum

372 953 609 1006 Mitylenaei,
636 948 725 986 belli
750 944 881 983 sedem
908 942 1032 980 habe-

373 1012 464 1048 baut
494 1016 530 1045 et
567 1004 864 1057 receptaculum.
924 999 1031 1045 Quae

374 1067 449 1105 huc
468 1071 640 1117 spectant
661 1068 834 1100 veterum
855 1058 940 1094 loca
961 1054 1033 1092 de-

375 1123 508 1161 derant
528 1120 741 1158 Casaubon.
768 1115 817 1153 ad
839 1114 1031 1159 strabon„

375 1180 424 1218 ad
444 1177 621 1229 Aeschyl.
643 1174 813 1224 Stanley‚
833 1169 1034 1219 Menagius

377 1236 425 1274 ad
455 1237 617 1286 Diogen.
649 1234 774 1273 Laert‚
800 1236 838 1269 et
865 1228 1034 1265 Simson.

377 1295 418 1330 in
452 1291 594 1330 Chron.
622 1288 671 1326 ad
709 1288 758 1324 A.
797 1286 851 1323 M.
883 1283 1034 1326 3398.“

387 1350 468 1388 Val
481 1348 604 1386 cken.
661 1343 763 1383 Add.
782 1340 920 1379 Plehn.
941 1340 1037 1376 Les-

377 1407 495 1443 biaco.
517 1417 604 1456 pag.
625 1403 674 1444 51
697 1413 804 1452 seqq.
854 1399 912 1434 Ac
931 1408 1036 1442 sane,

377 1463 531 1500 testibus
561 1460 748 1498 Strabone
781 1462 819 1492 et
849 1455 1036 1503 Diogene,

379 1518 522 1570 duplex
542 1515 722 1566 distingui
759 1512 873 1550 debet
891 1510 1038 1548 bellum

382 1578 480 1612 inter
499 1574 747 1626 Mytilenaeos
777 1577 892 1621 atque
912 1565 1037 1603 Athe-

380 1633 531 1669 nienses
551 1630 597 1667 de
626 1627 823 1673 Achilleo,
859 1625 983 1676 prius,
1014 1635 1036 1657 e

381 1701 458 1741 quo
498 1688 664 1724 Pittacus
703 1684 873 1735 superior
920 1679 1038 1718 evasit

382 1747 483 1783 circa
511 1745 664 1795 Olymp.
685 1742 753 1788 43,
788 1747 826 1776 et
857 1736 907 1774 ad
935 1733 1040 1788 quod

383 1802 546 1853 pertinet
566 1799 695 1837 Alcaei
710 1798 813 1847 fuga,
840 1794 1041 1847 posterius,

384 1870 475 1900 cum
512 1859 611 1895 inter
645 1862 848 1905 utramque
884 1856 1042 1901 gentem

386 1913 512 1952 denuo
542 1919 696 1950 exortae
718 1916 841 1947 essent
870 1909 975 1945 rixae
996 1904 1044 1942 de

388 1970 524 2008 eodem
551 1981 664 2020 agro,
704 1979 822 2019 quem
849 1963 939 2002 dein
967 1964 1046 1999 Pe-

389 2025 559 2073 riander,
610 2024 659 2061 ad
697 2037 814 2075 quem
861 2021 1047 2059 arbitrum

390 2083 541 2133 utrique
562 2094 644 2117 rem
664 2079 889 2125 detulerant,
921 2075 1047 2113 Athe-

391 2138 581 2177 niensibus
594 2135 833 2177 adiudicavit.
854 2136 912 2171 De
924 2131 1048 2170 Achil-

393 2194 456 2240 leo,
496 2192 600 2245 quod
618 2205 697 2233 uon
723 2193 837 2242 longe
857 2196 1049 2228 remotum

395 2263 416 2287 a
446 2250 585 2299 Sigeo,
632 2261 677 2286 eo
704 2248 782 2285 fere
811 2249 915 2294 loco,
971 2257 1049 2297 quo

395 2305 552 2344 Achillis
566 2305 680 2354 vulgo
698 2311 845 2354 ponunt
858 2303 1051 2341 tumulum

396 2368 786 2411 monumentumque,
815 2361 924 2410 plura
943 2359 1052 2396 Stra·

396 2419 447 2456 bo
474 2419 500 2458 l.
526 2418 552 2454 l.
585 2417 670 2454 coll.
701 2415 906 2471 Plrokesch.
935 2416 1053 2452 Erin-

398 2486 585 2524 nerungg.
627 2485 692 2508 aus
732 2473 931 2523 Aegypten
972 2469 1054 2509 und

398 2532 563 2568 Kleinas.
592 2530 646 2564 111
677 2541 715 2578 p.
747 2530 800 2569 87
834 2541 939 2580 seqq.
996 2529 1054 2564 De

402 2586 511 2635 Sigeo
535 2584 612 2623 vid.
633 2590 760 2620 notata
781 2582 827 2620 ad
848 2585 891 2630 V,
914 2582 981 2624 64.
1002 2607 1052 2611 —

399 2644 493 2679 Mox
531 2654 622 2679 cum
660 2646 815 2678 recentt.
848 2639 931 2676 edd.
967 2638 1055 2675 dedi

403 2697 466 2738 ἐπὶ
485 2693 627 2749 χρόνον
648 2692 801 2746 συχνὸν,
841 2696 907 2731 ubi
926 2695 1054 2744 vulgo,

402 2755 546 2805 scriptis
585 2753 687 2790 libris
723 2751 868 2788 invitis:
916 2746 1056 2800 χρόνον

403 2810 467 2850 ἐπὶ
489 2805 649 2860 συχνόν.
663 2831 711 2837 ·-
737 2807 796 2844 Ad
818 2807 931 2844 verba
951 2819 1056 2858 seqq.

1087 882 1130 924 οἵ
1165 880 1282 934 μὲν,
1342 881 1478 932 quibus
1516 874 1749 929 respondent

1084 936 1297 990 Ἀθηναῖοι
1326 936 1369 976 δὲ
1405 938 1493 988 (pro
1515 935 1557 975 οἱ
1576 932 1652 984 δὲ),
1669 931 1749 971 vid.

1086 995 1223 1034 Matth.
1254 996 1320 1032 Gr.
1343 995 1409 1031 Gr.
1431 1005 1519 1044 pag.
1540 991 1636 1034 579.

1146 1050 1238 1093 οὔτε
1252 1046 1632 1103 συγγινωσκόμενοι,
1648 1040 1750 1085 oino-

1088 1106 1314 1155 δεικνύντες
1346 1122 1387 1147 τε
1417 1103 1516 1160 λόγῳ
1555 1119 1591 1143 κ.
1623 1117 1658 1144 τ.
1695 1101 1750 1150 λ.]

1089 1169 1115 1205 i.
1138 1181 1172 1204 e.
1198 1180 1269 1204 non
1303 1165 1412 1202 solum
1435 1176 1504 1200 non
1534 1160 1752 1201 concedentes

1091 1222 1347 1275 (Mytilenaeis
1367 1221 1449 1259 scil.
1475 1218 1754 1270 possessionem

1090 1281 1231 1330 terrae)
1252 1291 1371 1316 verum
1396 1279 1503 1316 etiam
1530 1276 1668 1312 ratione
1692 1283 1754 1310 ar-

1092 1338 1335 1388 gumentisque
1352 1333 1669 1377 commonstrantes,
1685 1340 1755 1365 non

1093 1396 1211 1443 magis
1240 1391 1459 1430 Aeolensium
1487 1401 1559 1428 esse
1599 1386 1755 1427 Iliacam

1094 1451 1284 1495 ditionem,
1316 1460 1421 1498 quam
1451 1447 1508 1483 sui
1529 1447 1682 1495 ipsorum
1702 1453 1756 1478 ce-

1095 1512 1334 1557 terarumque,
1383 1505 1445 1554 qai
1481 1505 1521 1539 in
1561 1497 1757 1539 ulciscendo

1093 1565 1250 1603 Helenae
1279 1565 1386 1612 raptu
1415 1557 1618 1598 Menelaum
1649 1555 1757 1594 adiu-

1092 1623 1216 1658 verint.
1283 1620 1385 1655 Nam
1422 1615 1671 1667 Mytilenaeos
1709 1608 1759 1649 ad

1093 1678 1260 1715 Aeolum
1275 1676 1439 1725 stirpem*
1448 1671 1672 1724 pertinuisse
1686 1680 1760 1705 ne-

1095 1748 1162 1775 mo
1193 1733 1325 1772 nescit,
1383 1728 1447 1766 Ad
1477 1728 1638 1766 verbum
1662 1737 1760 1776 συγ-

1096 1785 1386 1844 γινωσκόμενοι
1418 1784 1520 1827 oont'.
1547 1785 1614 1831 111,
1644 1783 1699 1825 99
1720 1786 1758 1821 et

1099 1847 1149 1887 ad
1186 1846 1424 1884 locutionem
1468 1833 1760 1881 ἀποδεικνύναι

1099 1901 1204 1958 λόγῳ
1223 1903 1270 1950 V,
1291 1900 1370 1948 843
1410 1898 1459 1936 de
1479 1896 1670 1949 particulis
1690 1890 1764 1935 οὔ·-

1099 1976 1142 2001 τε
1161 1982 1217 1990 --
1237 1973 1277 1999 τε
1304 1963 1401 1996 nott.
1427 1954 1478 1992 ad
1503 1954 1567 2001 VI,
1604 1954 1624 1992 1
1657 1957 1695 1988 et
1715 1949 1764 1989 de

1102 2017 1301 2069 participio
1319 2009 1457 2065 μετεόν
1476 2012 1542 2058 ΙΙΙ,
1563 2012 1589 2051 7
1593 2012 1631 2051 2.
1666 2007 1764 2045 Ver-

1101 2076 1152 2113 ba
1170 2070 1198 2125 ἢ
1216 2068 1265 2112 οὗ
1287 2068 1356 2111 καὶ
1383 2067 1458 2118 σφὶ
1486 2068 1610 2117 attigit
1627 2062 1763 2103 Matth.

1103 2132 1172 2169 Gr.
1198 2130 1265 2166 Gr.
1285 2139 1372 2178 pag.
1394 2125 1496 2168 851,
1516 2124 1583 2160 ubi
1601 2120 1680 2159 vid.

1161 2182 1251 2227 ὅσοι
1305 2178 1508 2231 Ἑλλήνων
1563 2171 1766 2228 συνεπρή-

1106 2244 1224 2292 ξαντο
1269 2237 1460 2291 Μενέλεῳ
1499 2232 1569 2282 τοὶς
1608 2232 1766 2282 Ἑλένης

1105 2293 1305 2350 ἁρπαγάς]
1327 2296 1354 2332 i.
1391 2307 1426 2331 e.
1455 2295 1620 2344 quotquot
1650 2290 1766 2328 Grae-

1108 2367 1224 2395 corum
1253 2351 1457 2390 Menelaum
1493 2351 1534 2387 in
1564 2345 1768 2385 ulciscenda

1107 2412 1245 2452 iniuria
1265 2410 1338 2460 ipsi
1367 2407 1499 2452 illata,
1535 2408 1642 2455 rapta
1660 2401 1768 2442 Hele-

1109 2483 1177 2516 na,
1208 2466 1432 2505 adiuverunt.
1460 2464 1548 2501 Non
1569 2462 1676 2499 aliter
1685 2459 1767 2506 VII,

1114 2526 1193 2567 169
1214 2516 1580 2574 σννεκπράτιεσθαι
1600 2517 1687 2557 coll.
1707 2514 1770 2556 ἐκ·

1109 2576 1357 2634 πράττεσθαι
1385 2577 1474 2622 VII,
1498 2574 1591 2617 158.

1317 2680 1409 2730 cap.
1431 2676 1548 2717 xcv.

1169 2748 1236 2788 καὶ
1266 2746 1364 2789 ἄλλα
1386 2744 1555 2798 ἐγένετο]
1596 2743 1654 2781 Ita
1682 2752 1771 2782 oum

1113 2812 1270 2844 recentt.
1292 2803 1380 2844 edd.
1409 2814 1478 2855 pro
1495 2801 1601 2852 vulg.
1631 2797 1772 2851 ἐγίνε-
