1834 3258
573 203 873 241 ERATO.
930 203 1006 240 VI.

1335 203 1420 242 303

163 318 267 368 τοὺς
294 314 496 371 βασιλέας
524 313 684 358 τοσοίδε
712 314 881 367 μοῦνα·
911 310 1162 368 πατρούχου
1189 327 1234 355 τε
1256 310 1421 366 παρθέ-

159 402 244 429 νου
274 383 390 437 πέρι,
435 383 477 434 ἐς
505 381 583 427 τόν
612 382 796 425 ἱκνέεται
833 381 958 437 ἔχειν,
1006 380 1061 438 ἢν
1090 380 1147 439 μή
1175 397 1254 436 περ
1283 380 1306 426 ὁ
1337 397 1419 425 πα-

159 453 238 508 τὴρ
300 449 435 507 αὐτὴν
484 449 691 507 ἐγγυήσῃ·

739 450 813 493 καὶ
855 449 973 493 ὁδῶν
1018 451 1262 507 δημοσιέων
1306 451 1420 504 πέρι.

133 520 236 564 5καὶ
266 518 321 575 ἥν
348 536 413 571 τις
444 519 576 563 θετὸν
605 520 741 563 παῖδα
766 518 993 562 ποιέεσθαι
1021 518 1166 576 ἐθέλῃ,
1207 519 1475 576 βασιλέωνῖο

157 588 358 632 ἐναντίον
386 587 624 631 ποιέεσθαι.

99 830 289 870 addidisse
318 827 493 882 μούνους
532 837 571 868 et
610 831 753 882 μοῦνα,

99 889 188 926 solos
212 902 318 939 reges
339 891 379 924 iu
399 888 481 925 solis
506 886 608 924 hisce
637 888 756 924 causis

97 947 155 983 ius
186 945 310 982 dicere
341 945 617 991 affirmaturus3
665 957 759 980 nam

98 1004 258 1054 Spartae
279 1009 316 1039 et
344 1003 493 1052 gerusia
514 1009 551 1038 et
581 1002 644 1037 alii
672 1014 760 1037 ma-

97 1062 272 1110 gistratus
298 1061 356 1095 ius
394 1058 569 1096 dicebaut
597 1059 758 1109 litesque

98 1116 357 1167 disceptabant
378 1115 425 1152 de
449 1116 492 1152 iis
511 1116 635 1162 rebus,
659 1127 757 1165 qua-

95 1186 184 1210 rum
216 1185 305 1209 cura
333 1173 483 1223 publice
511 1173 554 1208 iis
575 1172 757 1221 permissa

97 1237 188 1267 erat.
247 1230 351 1274 Quae
380 1241 470 1266 vero
496 1241 518 1265 a
547 1229 633 1265 solis
653 1229 756 1277 regi-

97 1286 168 1324 bus
189 1285 464 1323 dirimebantux·
495 1298 651 1331 causae,
681 1291 755 1321 tres

35 1371 43 1378 ,
97 1343 361 1394 proferuntur:
394 1342 441 1379 de
470 1343 546 1378 filia
581 1342 756 1379 omnium

98 1401 289 1437 bonorum
308 1406 553 1450 paternorum
578 1397 754 1446 haerede,

98 1459 252 1494 cuinam
266 1458 345 1493 scil.
362 1458 466 1493 illam
476 1457 620 1493 nubere
641 1469 758 1507 opor-

97 1520 187 1561 teat,
199 1513 336 1550 deiude
350 1513 396 1550 de
407 1513 630 1563 adoptione3
653 1511 757 1565 quod

96 1578 304 1621 utrumque
344 1570 392 1607 ad
427 1571 568 1607 civium
597 1571 758 1607 salutem

95 1629 295 1679 gentisque
326 1626 626 1665 conservandam
655 1628 758 1663 inte-

95 1685 272 1734 gritatem
312 1683 444 1736 (quod
482 1685 623 1720 summi
668 1697 757 1721 mo·-

94 1743 218 1777 menti
248 1743 401 1778 Graecis
438 1741 552 1778 fuisse
591 1741 756 1790 constat)

97 1810 218 1849 quum
237 1799 460 1848 pertineret,
481 1799 638 1834 summis
659 1810 758 1849 quo-

98 1866 173 1905 que
202 1855 503 1904 magistratibus,
555 1855 621 1905 qui
648 1867 756 1903 reges

99 1916 227 1958 erant,
278 1913 505 1960 permissum
534 1911 618 1947 fuit.
675 1913 756 1947 Nec

98 1967 206 2002 aliter
225 1965 385 2003 Athenis
404 1968 630 2013 invenimus,
651 1968 756 2016 regi—

97 2023 167 2059 bus
199 2023 405 2073 abrogatis,
446 2022 494 2059 ad
532 2022 756 2060 archontem

97 2092 357 2130 eponymum,
390 2081 456 2131 qui
483 2092 614 2116 curam
644 2093 757 2130 gere-

96 2136 162 2173 bat
193 2138 367 2177 omnium
407 2136 619 2173 istiusmodi
658 2137 757 2173 filia*-

95 2205 204 2241 rum,
234 2191 307 2229 hoc
327 2192 430 2230 idem
448 2195 505 2230 ius
533 2194 758 2230 translatum

95 2249 221 2287 fuisse.
280 2251 430 2287 Monuit
461 2250 502 2288 C.
531 2251 574 2287 O.
607 2251 757 2287 Mtiller.

95 2306 187 2342 Dor.
214 2307 252 2342 II
278 2320 317 2357 p.
351 2309 442 2355 103,
473 2320 563 2344 cum
582 2320 658 2358 quo
689 2321 758 2345 eo-

98 2361 188 2399 dem
215 2365 370 2399 tertium
397 2363 512 2412 illud,
549 2377 679 2401 causas
708 2364 756 2401 de

95 2419 164 2456 viis
183 2420 341 2469 publicis
362 2420 639 2469 conservandis,
662 2423 756 2473 ,opi-

96 2488 181 2524 nor,
213 2483 325 2528 atque
354 2477 540 2526 tutandis,
569 2477 755 2515 dirimen-

97 2525 163 2568 das
188 2531 235 2569 ad
265 2533 425 2569 militare
464 2546 599 2584 regum
627 2536 754 2587 impe-

95 2590 198 2625 rium
218 2590 355 2626 leferre
385 2590 474 2626 licet
505 2598 542 2627 et
558 2592 606 2629 ad
637 2596 755 2632 latio-

96 2657 164 2682 nes
196 2659 285 2682 cum
325 2646 403 2682 aliis
434 2648 645 2688 civitatibus
674 2664 755 2689 ser-

96 2701 239 2741 vandas
261 2716 303 2740 ac
324 2702 495 2740 tuendas.

152 2757 380 2810 πατρούχου
392 2774 432 2798 τε
450 2757 657 2811 παρθένου
667 2760 757 2815 πέρι

97 2828 135 2854 κ.
153 2831 186 2855 τ.
204 2818 257 2867 λ.]
288 2819 371 2855 Ηοο
391 2817 442 2854 ita
452 2818 755 2869 intelligendum,

682 587 756 631 καὶ
783 588 977 641 παρίζειν
1015 585 1278 642 βουλεύουσι
1305 591 1420 630 τοῖσι

162 656 363 713 γέρουσι,
403 656 524 700 ἐοῦσι
566 657 686 699 δυῶν
715 654 865 699 δέουσι
901 653 1154 711 τριήκοντα·

1202 655 1258 712 ἢν
1287 655 1333 700 δὲ
1361 654 1420 712 μὴ

811 837 875 878 ut,
906 831 937 868 si
963 829 1011 868 de
1030 831 1171 881 nuptiis
1195 831 1294 867 filiae
1315 832 1430 868 orbae
1451 843 1473 867 a

812 895 921 939 patre
951 888 1126 925 nondum
1148 887 1393 939 desponsatae
1428 889 1474 925 lis

814 945 941 993 fieret,
980 946 1148 995 pluribus
1174 946 1254 982 scil.
1288 958 1373 982 eam
1402 943 1473 982 sibi

815 1001 1092 1039 vindicantibus
1103 1003 1255 1054 eiusque
1270 1003 1472 1039 matrimo-

816 1060 926 1094 nium
956 1059 1253 1108 postulantibus,
1291 1072 1398 1109 reges
1425 1060 1475 1095 li—

813 1122 892 1151 tem
909 1114 1168 1151 diiudicarent.
1209 1116 1355 1152 Dicitur
1371 1117 1474 1153 enim

813 1175 1035 1223 πατροῧχος
1052 1170 1275 1224 παρθένος,
1305 1172 1382 1209 filia
1403 1169 1473 1224 ὄρ-

814 1226 924 1279 φανή
963 1228 1031 1268 καὶ
1060 1229 1268 1279 ἐπέκληρος
1311 1229 1379 1278 (ut
1399 1231 1473 1267 Ti-

810 1287 912 1322 maei
927 1292 1011 1322 uta1
1033 1287 1155 1323 vexbis
1175 1284 1390 1323 Helodotea
1411 1300 1475 1323 re-

811 1345 1001 1408 spicientis
1033 1356 1120 1393 pa‘.
1151 1345 1231 1383 208
1263 1343 1349 1381 add.
1368 1345 1473 1380 Kor-

812 1404 896 1437 ttim
915 1402 953 1436 in
968 1399 1174 1440 Schlosser.
1187 1399 1384 1438 etBercht.
1395 1402 1472 1437 Ar*

814 1455 915 1493 chiv.
936 1458 971 1493 II
991 1470 1078 1507 pag.
1095 1458 1205 1505 162),
1228 1459 1253 1512 ᾑ
1280 1453 1474 1509 ποοσήκει

814 1529 861 1552 τα
881 1529 950 1553 του
978 1511 1122 1565 πατοός
1145 1513 1266 1564 ἕχεινε
1303 1527 1473 1566 quocum

815 1572 906 1607 alios
928 1572 1194 1620 giammaticos
1213 1578 1358 1608 veteres
1379 1584 1475 1608 con-

814 1629 951 1665 sentire
972 1629 1144 1664 observat
1173 1626 1426 1665 Ruhnkenius
1446 1629 1473 1664 1.

812 1685 859 1732 L,
890 1685 978 1721 alias
1018 1698 1171 1737 quoque
1203 1686 1473 1736 appellationes

813 1741 998 1789 afferens,
1042 1743 1177 1793 quibus
1217 1742 1320 1793 apud
1352 1744 1471 1778 Dores

814 1805 929 1850 atque
958 1798 1058 1849 apud
1088 1800 1233 1835 Atticos
1259 1800 1342 1835 talis
1361 1800 1470 1848 virgo

813 1856 1034 1891 vocabatur.
1093 1857 1192 1891 Hinc
1212 1857 1327 1892 verba
1349 1855 1387 1901 ἐς
1404 1853 1471 1906 τρν

815 1910 983 1949 ἱκνέεται
1008 1911 1107 1960 ἔχειν
1136 1912 1289 1948 valent:
1332 1914 1472 1949 cuinam

813 1969 990 2004 conveniat
1008 1968 1108 2004 illam
1129 1968 1253 2005 habere
1281 1982 1310 2005 s.
1331 1970 1368 2005 in
1395 1981 1471 2005 ma-

811 2026 1012 2061 trimonium
1039 2024 1176 2064 elucere.
1233 2024 1318 2062 vid.
1338 2027 1385 2074 11,
1416 2025 1469 2066 35

811 2081 902 2132 ibiq.
919 2088 1014 2118 nott.
1035 2081 1098 2128 VI,
1126 2081 1193 2122 65.

869 2133 923 2184 ’ἣν
955 2134 1011 2187 μή
1039 2152 1088 2176 πε
1073 2153 1112 2189 ρ
1143 2153 1164 2176 ο
1189 2153 1318 2191 πατηρ
1343 2133 1470 2190 αὐτὴν

813 2191 1013 2261 ἐγγυήσῃ]
1048 2196 1092 2230 In
1113 2207 1191 2231 11110
1218 2195 1302 2233 cod.
1326 2203 1467 2264 exs'tat:

811 2247 865 2300 ’ἢν
887 2267 912 2302 η
937 2247 1065 2304 μήτηο
1087 2247 1115 2302 η’
1142 2249 1162 2291 ὅ
1187 2267 1314 2304 πατηρ
1340 2248 1469 2303 αὐτήν

813 2307 890 2359 ἐγγ.
927 2307 1044 2359 idque
1082 2315 1230 2346 secutus
1267 2317 1321 2346 est
1348 2311 1468 2347 Valli

812 2365 1065 2416 Nequaquam
1096 2373 1219 2413 recte,
1265 2380 1405 2418 quum,
1427 2373 1469 2404 ut

811 2422 909 2458 bene
929 2430 1161 2460 monuerunt
1179 2424 1410 2474 VVesseling.
1434 2430 1471 2460 et

811 2477 1009 2527 Valckeu.,
1030 2480 1159 2516 matris
1178 2481 1283 2517 nulla
1304 2482 1469 2517 auctori-

810 2543 889 2583 tas,
940 2537 1090 2572 nullum
1128 2538 1185 2574 ius
1223 2538 1263 2573 in
1307 2538 1470 2574 filiarum

811 2594 1060 2644 sponsalibus.
1101 2594 1211 2631 Conf.
1231 2595 1364 2645 Eurip.
1385 2595 1468 2630 An-

813 2649 935 2687 drom.
958 2652 1051 2691 987.

869 2708 1048 2757 παρίζειν
1091 2702 1331 2758 βουλεύουσι
1364 2709 1468 2745 τοῖσι

811 2760 993 2816 γέρουσι]
1034 2765 1059 2799 i.
1081 2777 1115 2799 e.
1154 2763 1311 2799 assident
1351 2776 1468 2800 senum

813 2821 957 2858 concilio
983 2819 1024 2857 de
1047 2820 1146 2857 rebus
1166 2819 1318 2871 publicis
1341 2819 1467 2858 delibe-
