1806 3181
413 135 496 177 702

827 131 1288 170 HERODOTI

412 246 593 298 „Mlvoes
633 242 793 297 ἔπεμψε
834 241 1002 296 μηνίων
1031 241 1314 295 δακρύματα,
1352 238 1418 284 ὅτι
1437 241 1482 283 οἱ
1510 239 1588 296 μὲν
1615 239 1670 284 οὐ

412 310 809 367 ,,συνεξεπρήξαντο
840 308 960 366 αὐτῷ
989 309 1066 353 τὸν
1096 309 1143 352 ἐν
1177 309 1358 365 Καμίκῳ
1377 307 1577 352 θάνατον
1605 324 1670 364 γε·

413 380 639 437 ,,νο’μενον,
669 378 793 433 ὑμεῖς
824 377 869 421 δὲ
898 379 1082 420 κείνοισι
1110 375 1189 432 τὴν
1213 376 1261 420 ἐκ
1290 375 1494 432 Σπάρτης
1534 377 1669 432 ἁρπα-

412 453 618 504 ,,χθεῖσαν
655 445 729 490 ὑπ’
769 445 928 501 ἀνδρὸς
971 444 1199 501 βαρβάρου
1236 449 1463 499 γυναῖκα.“
1526 449 1726 489 ΤαῦταῙο

411 518 456 561 οἱ
494 519 658 573 Κρῆτες
699 515 758 567 ὥς
802 513 1112 570 ἀπενειχθέντα
1139 511 1358 569 ἤκουσαν,
1391 513 1564 568 ἔσχοντο
1595 516 1669 569 τῆς

357 708 529 764 φάμενοι
567 712 609 750 de
635 712 692 750 his
725 714 966 761 conquerentes
985 723 1012 747 s.

355 772 440 809 llaec
454 773 653 808 incusantes
672 771 719 816 ΙΙ,
744 771 865 809 161.“
902 767 970 803 We
981 782 1015 804 s-

356 828 532 877 seling.
603 825 900 863 Valckeuaerius
931 826 1014 860 He-

356 884 515 922 rodotea
536 885 588 921 sic
617 891 696 920 erat
722 885 1012 933 interpretatus:

356 942 454 979 mala
474 942 737 992 conquerimini,
768 953 786 975 0
805 941 1014 989 insipiente-9,

358 1011 449 1048 quae
501 998 615 1034 multa
662 1001 804 1048 propter
836 995 1014 1032 auxilium

358 1054 524 1094 Menelao
554 1055 667 1091 latum
691 1054 786 1090 vobis
806 1052 932 1090 Minos
947 1054 1015 1088 iln-

358 1114 475 1160 misst,
505 1114 621 1148 iratus
641 1110 729 1161 qaod
753 1117 822 1149 etc.
855 1111 913 1145 De
933 1110 1013 1144 Da—

356 1170 435 1205 tivo
468 1166 658 1220 Μενὲλεῳ
692 1166 759 1216 (cf.
779 1167 828 1213 ΙΙ,
853 1168 945 1206 119.
966 1165 1010 1213 V,

355 1224 409 1265 94
428 1225 493 1264 fin.
513 1225 594 1272 VII,
618 1224 717 1272 171)
751 1223 850 1261 conf.
874 1220 1011 1258 Matth.

355 1282 421 1318 Gr.
452 1283 518 1318 Gr.
550 1282 588 1326 ᾗ.
624 1282 705 1320 390
735 1294 774 1330 p.
804 1282 900 1320 717.
929 1277 1016 1315 Vid.

356 1338 456 1374 infra
495 1338 578 1385 VII,
622 1340 699 1377 170
748 1343 785 1373 et
833 1333 1016 1386 Sophocl-

356 1393 498 1432 Trach.
511 1396 588 1435 681
616 1394 712 1441 [671
735 1393 851 1439 Erf.].
883 1394 1017 1443 Itaque

355 1448 403 1490 τοὶ
431 1450 620 1502 Μενέλεῳ
650 1446 911 1501 τιμωρήματα
946 1462 1015 1485 au-

353 1507 448 1545 :cilia
479 1514 567 1544 sunt
594 1505 802 1543 Idomeneo
819 1506 1014 1542 Merione-

355 1577 431 1616 que
482 1563 639 1601 ducibus
687 1564 794 1600 missa
835 1561 1013 1599 Menelao.

355 1623 456 1658 Nam
474 1616 684 1671 τιμώρημα
711 1617 751 1656 h.
781 1619 806 1655 l.
836 1619 1014 1656 auxilium

354 1676 520 1726 indicat,
555 1676 660 1713 idem
679 1675 757 1711 fere
779 1674 882 1727 quod
913 1671 1014 1726 βοή-

356 1739 494 1785 θημα,
538 1740 580 1770 ut
606 1734 687 1780 VII,
722 1735 814 1773 170.
852 1733 1013 1779 171.11,

360 1790 455 1832 144.
476 1788 641 1842 τιμωροὶ
661 1788 780 1826 iidem
790 1796 903 1840 atque
918 1789 1017 1839 βοη-

356 1846 443 1896 θοὶ,
473 1855 510 1885 et
534 1846 704 1898 τιμωρία
730 1847 771 1882 in
799 1845 876 1882 fine
903 1844 1016 1882 huius

357 1917 442 1955 cap.
475 1911 512 1942 et
545 1905 650 1948 VIII,
679 1901 745 1942 49.
788 1902 855 1943 65.
913 1901 1015 1939 Add.

357 1962 507 1998 Aelian.
537 1963 583 1998 N.
611 1961 661 2000 A.
694 1961 724 2006 I,
756 1958 782 1999 4
803 1960 931 2011 ibique
950 1960 1015 1996 Ia-

359 2019 461 2055 cobs.
484 2017 607 2055 Minos
618 2030 686 2068 pro
699 2016 794 2053 heroe
813 2029 842 2054 s.
866 2016 927 2053 deo
942 2014 1015 2052 ha-

359 2073 520 2121 bendus,
547 2075 667 2125 quiin
687 2074 781 2111 vivis
809 2071 902 2110 dum
921 2080 1013 2121 erat,

359 2131 598 2167 Cretensium
618 2143 686 2166 rex
700 2128 890 2166 vindictae
901 2137 1015 2182 atque

358 2188 511 2224 ultiouis
550 2187 634 2236 plus
663 2198 784 2236 aequo
815 2185 1016 2234 studiosus,

359 2244 437 2281 iam
459 2249 633 2280 mortuus
656 2241 882 2292 divinosque
914 2255 1016 2280 asse-

359 2308 468 2338 cutus
504 2298 667 2336 honores
692 2299 844 2335 Graecis
886 2299 1016 2335 irasci-

359 2364 434 2404 tur,
451 2356 556 2409 quod
575 2357 690 2407 ipsius
711 2362 875 2392 mortem
896 2356 935 2391 in
953 2355 1016 2392 Si-

360 2415 446 2451 cilia
467 2427 544 2451 non
563 2414 626 2460 ita,
648 2419 691 2450 ut
711 2424 779 2463 par
799 2412 921 2459 suerit,
943 2412 1016 2448 siut

360 2472 445 2509 ulti.
504 2472 580 2507 Has
623 2482 713 2507 vero
754 2467 912 2506 deorum
950 2467 1015 2504 he-

362 2541 552 2579 roumque
574 2528 644 2563 iras
666 2527 794 2563 vocari
817 2526 1016 2576 μηνίματα

364 2586 538 2622 observat
564 2582 874 2620 Valckenaerius.
932 2582 1016 2626 Quo

362 2643 478 2678 etiam
498 2641 659 2692 pertinet
670 2641 829 2678 verbum
849 2639 1016 2691 μηνίειν,

362 2711 438 2749 quo
466 2700 601 2735 Noster
639 2696 700 2734 hic
730 2697 848 2734 utitur
878 2708 1019 2733 succen-

362 2755 469 2803 sendi,
501 2754 679 2792 irascendi
698 2754 865 2802 notione,
887 2753 1018 2798 utvn,

1072 711 1167 750 229.
1201 711 1270 758 IX,
1301 712 1326 750 7
1346 709 1432 747 coll.
1460 709 1506 757 V,
1528 708 1601 758 843
1635 708 1726 747 hinc

1072 780 1226 818 quoque
1248 769 1368 817 μῆνις
1389 766 1435 803 de
1457 765 1618 803 deorum
1629 780 1726 819 qua-

1073 823 1162 860 dam
1183 825 1237 859 ira
1257 825 1337 872 VII,
1359 821 1449 864 134.
1469 825 1561 863 137.
1623 822 1726 863 Add.

1070 879 1255 917 Abresch.
1279 887 1315 917 et
1328 880 1473 916 Locell.
1486 878 1534 916 ad
1546 879 1727 931 Xenoph.

1069 936 1211 987 EpheS.
1233 951 1271 987 p.
1305 938 1395 976 131.
1427 935 1609 987 SophocL
1632 936 1728 975 Oed.

1072 995 1208 1031 Colon.
1226 996 1306 1034 907
1327 991 1441 1030 Both.
1471 994 1546 1030 Pro
1568 994 1728 1044 μηνίειν

1070 1051 1300 1088 recentiores
1328 1051 1527 1101 scriptores
1549 1049 1728 1088 dixerunt

1071 1109 1235 1160 μηνιᾶν

1126 1161 1183 1203 ότι
1214 1162 1255 1202 οἰ
1282 1159 1354 1213 μὲν
1387 1158 1436 1202 ου’
1488 1159 1729 1214 συνεξεπρή-

1070 1220 1218 1268 ξαντο]
1272 1218 1313 1257 οἱ
1346 1216 1419 1268 μὲν
1460 1219 1728 1270 intelliguntur

1075 1278 1223 1323 Graeci,
1235 1277 1300 1326 qui
1311 1277 1379 1312 etsi
1395 1276 1635 1314 Cretensibus
1657 1289 1728 1314 au-

1072 1335 1210 1370 xilium
1243 1333 1283 1368 in
1302 1332 1403 1381 bello
1424 1333 1595 1370 Troiano
1617 1340 1728 1370 antea

1072 1391 1195 1427 latum
1216 1388 1400 1437 debeant,
1439 1391 1577 1427 Minois
1596 1397 1729 1427 tamen

1072 1448 1209 1484 iniuste
1239 1447 1337 1483 caesi
1369 1454 1535 1484 mortem
1567 1447 1728 1484 minime

1073 1505 1148 1541 sint
1168 1504 1250 1550 ulti,
1270 1501 1374 1540 haud
1391 1503 1548 1556 quidem
1567 1517 1636 1555 par
1645 1505 1728 1555 pari

1070 1561 1290 1598 referentes.
1347 1562 1405 1596 De
1438 1562 1555 1598 verbo
1593 1573 1729 1600 συνεκ-

1069 1613 1322 1668 πρήσσεσθαι
1347 1617 1450 1654 conf.
1481 1618 1592 1653 allata
1613 1616 1661 1654 ad
1681 1617 1728 1666 V,

1071 1673 1124 1713 94
1147 1672 1502 1719 etV11‚158.111
1528 1686 1633 1726 seqq.
1654 1688 1729 1742 την

1071 1728 1114 1769 ἐκ
1141 1724 1330 1780 Σπαρτης
1364 1728 1639 1781 (ιρι-ταχθεῖσαν
1657 1724 1727 1770 ’ὑπ’

1073 1781 1222 1838 ἀνδρός
1244 1783 1451 1837 βαρβαρου
1472 1790 1730 1839 γυναῖκα,3θ.·-

1073 1844 1120 1880 tis
1159 1849 1264 1893 patet
1305 1842 1476 1882 Helenam
1514 1844 1677 1894 intelligi
1706 1856 1730 1880 a

1075 1899 1220 1947 Paride,
1234 1900 1314 1937 viro
1326 1901 1487 1938 barbaro
1498 1898 1596 1951 (non
1607 1902 1730 1938 Grae-

1075 1957 1139 2007 co)
1162 1963 1325 2007 raptam.

1128 2013 1287 2064 ἔσχοντο
1305 2016 1377 2064 τῆς
1397 2012 1615 2065 τιμωρίης]
1646 2012 1672 2050 i.
1694 2026 1730 2050 e.

1073 2070 1117 2107 ab
1138 2070 1275 2108 auxilio
1286 2070 1438 2121 ferendo
1468 2071 1729 2108 abstinuerunt.

1070 2126 1223 2164 Eodem
1251 2127 1369 2164 modo
1400 2126 1557 2178 ἔσχοντο
1589 2127 1652 2172 VI,
1674 2124 1728 2166 85

1073 2184 1159 2221 coll.
1189 2184 1258 2230 IX,
1293 2186 1387 2224 137.
1462 2183 1548 2218 Non
1576 2194 1728 2232 prorsus

1073 2253 1163 2278 cum
1195 2238 1391 2276 Herodoto
1422 2239 1602 2276 convenit
1637 2238 1729 2274 Cte-

1072 2298 1155 2343 sias,
1177 2297 1296 2347 quiin
1313 2296 1475 2333 Persice.
1498 2296 1534 2341 ξ.
1552 2297 1606 2336 26
1619 2293 1731 2332 The-
1779 2282 1806 2301 ’ί

1072 2353 1252 2389 mistoclis
1292 2359 1329 2390 et
1356 2351 1529 2390 AristIdis
1567 2352 1728 2389 consilio

1070 2415 1199 2446 narrat
1229 2422 1250 2445 e
1281 2410 1391 2446 Creta
1421 2411 1631 2458 sagittarios
1650 2421 1728 2445 esse

1074 2465 1302 2514 advocatos,
1346 2464 1577 2517 eosdemque
1613 2466 1729 2502 etiam

1073 2522 1289 2559 advenisse:
1332 2535 1429 2575 quae
1466 2529 1553 2573 apte
1583 2521 1730 2559 confert

1075 2580 1242 2617 Sintenis
1273 2579 1321 2617 ad
1341 2578 1536 2616 Plutarch.
1562 2577 1729 2616 Themi-

1074 2637 1182 2673 stocl.
1212 2635 1261 2676 14
1282 2637 1376 2685 init„
1398 2637 1464 2673 ubi
1484 2634 1665 2683 traditur,
1686 2635 1727 2670 in

1075 2694 1206 2745 quavis
1247 2706 1345 2731 nave
1379 2694 1505 2730 Attica
1535 2692 1728 2741 octoginta

1075 2750 1188 2788 fuisse
1197 2751 1346 2799 milites,
1365 2751 1405 2786 in
1415 2749 1552 2801 quibus
1577 2750 1727 2798 quatuor
