1789 3213
0 717 74 766 :35

479 201 957 242 POLYMNIA.
1018 203 1118 240 VII.

1326 205 1409 245 978

116 306 305 362 5,,οὗτοι
341 307 500 360 πάντες
538 310 620 353 εἰσὶ
659 309 806 367 ὁμοῖοι
835 315 947 354 τοῖσι
979 309 1137 354 ἐνθάδε
1175 314 1408 367 μαχεσαμέ-

143 389 301 430 ,,νοισι·
334 378 382 419 οἴ
407 393 452 433 γε
473 376 551 432 μὲν
580 378 706 421 ἄλλοι
726 377 1082 434 Λακεδαιμόνιοι,
1112 377 1307 423 τούτοισι
1327 380 1406 434 μὲν

111 453 134 486 6
143 443 254 499 „otiu
277 442 431 500 ὁμοῖοι,
455 444 617 500 ἀγαθοὶ
645 445 733 490 δὲ.“
790 444 903 490 Εἶπε
931 444 1042 500 πρὸς
1065 449 1201 489 ταῦτα
1227 447 1462 503 Ξέρξης·45

138 511 418 568 ,,Δημοὲρητε,
453 513 534 572 τέῳ
573 513 721 571 τρόπῳ
761 512 1066 570 ἀπονητότατα
1105 517 1194 556 τῶν
1230 515 1411 574 ἀνδρῶν

138 579 332 634 ,,τούτων
373 580 743 637 ἐπικρατήσομεν,·
782 583 851 625 ἰ’θι
880 581 1040 636 ἐξηγέο.

1102 581 1156 625 σύ
1186 584 1268 638 γὰρ
1300 584 1408 639 ἔχεις

139 647 314 701 »αὐτῶν
343 647 420 699 τὰς
465 646 686 700 διεξόδους
715 653 805 692 τῶν
834 647 1169 704 βουλευμάτων,
1226 647 1297 693 οἶα
1335 655 1407 706 βα-

141 716 310 769 ,,σιλεύς
347 715 619 771 γενόμενος’ι
672 716 722 759 Ὁ
753 717 798 761 δὲ
828 715 1053 772 ἀμείβετο·

1113 718 1187 767 „sa
1217 721 1407 773 βασιλεῦ,

138 785 201 836 ,,εἰ
227 785 305 840 μὲν
335 783 387 839 δή
421 782 743 839 συμβουλεύεαί
771 800 847 840 μοι
868 783 1122 840 προθύμως,
1155 785 1326 829 δίκαιόν
1356 785 1407 842 με’

110 853 211 895 Ξσοί
239 851 328 895 ἔστι
349 851 532 908 φράζειν
561 851 610 896 τό
633 852 826 908 ἄριστον.
871 854 909 896 εἰ
938 856 1013 910 τῆς
1044 857 1253 909 ναυτικῆς
1283 864 1407 908 στρακ
1420 861 1464 894 50

80 1063 212 1094 sortes.
250 1058 361 1095 Conf.
382 1059 425 1096 C.
445 1060 506 1096 Fr.
528 1060 741 1097 Hermann.

81 1112 235 1151 Griech.
286 1115 559 1153 Staatsalterth.
606 1117 646 1162 ξ.
686 1118 740 1156 28

80 1177 160 1207 not.
189 1173 228 1211 6.
286 1173 370 1208 Hoc
392 1179 522 1208 autem
541 1173 625 1209 loco
648 1185 741 1209 sane

79 1227 331 1277 respiciuntur
351 1241 394 1264 ea
413 1235 587 1279 tempora
602 1257 611 1275 ,
655 1229 743 1279 qui-

80 1284 151 1320 bus
171 1285 341 1321 maxime
361 1285 548 1322 florebant
582 1285 743 1336 Spartan

81 1353 223 1376 norum
261 1354 344 1390 τεᾶς
398 1342 588 1393 simulque
628 1342 744 1378 etiam

24 1406 27 1407 ’
80 1395 276 1444 Βεηοᾷὼιο
289 1398 411 1435 elucet
423 1396 745 1450 dIScrimen‚quod

46 2333 58 2338 ,
81 2316 151 2354 pro
169 2304 274 2354 vulg.
298 2304 342 2343 οἵ
357 2319 399 2355 γε
421 2301 516 2355 μήν.

82 1454 176 1490 olim
190 1455 289 1490 inter
306 1455 513 1505 Spartanos
536 1462 650 1507 atque
665 1456 744 1491 La-

82 1509 350 1548 cedaemonios
369 1510 495 1559 fuerit,
518 1513 585 1564 qui
594 1511 743 1548 saneii-

83 1565 173 1604 dem
191 1574 280 1604 sunt
296 1575 409 1620 atque
420 1569 597 1619 perioeci,
618 1575 742 1605 vterrae

79 1624 306 1674 Laconicae,
342 1626 374 1661 si
405 1627 452 1661 ab
486 1626 568 1676 ipsa
590 1624 740 1675 Sparta,

80 1693 200 1732 quam
235 1676 477 1734 περιῴκουν,
517 1680 742 1729 discesseris,

79 1738 227 1774 incolae
259 1738 424 1791 ipsisque
445 1738 640 1789 Spartanis
659 1739 742 1775 Do·-

81 1795 165 1831 ricis
195 1794 348 1831 subditi.
424 1795 536 1836 Conf.
564 1793 670 1831 idem
697 1794 741 1832 C.

80 1853 144 1889 Fr.
163 1852 374 1888 Hermann.
394 1852 418 1889 l.
439 1852 465 1888 l.
487 1852 524 1896 ξ.
549 1853 614 1891 19.
679 1851 743 1887 Ex

81 1906 277 1945 Herodoto
297 1908 399 1947 conf.
420 1908 659 1958 potissimum
670 1908 740 1956 IX,

86 1967 131 2004 11
157 1963 304 2016 (ibique
314 1965 428 2016 nott.)
450 1971 487 2001 et
500 1966 571 2012 IX,
594 1967 649 2005 70
661 1963 740 2012 fin„

82 2021 147 2057 ubi
184 2021 517 2072 Λακεδαιμονίων
570 2022 653 2060 ταῖν
697 2019 741 2060 ἐκ

81 2072 271 2128 Σπάρτης
291 2079 467 2115 meminit
485 2079 509 2115 i.
538 2091 572 2115 e.
589 2079 743 2128 ipsorum

83 2132 355 2183 Spartanorum.
420 2137 466 2171 In
499 2147 604 2186 seqq.
651 2147 742 2170 cum

80 2187 316 2241 Schweigh.‚
345 2190 462 2228 Gaisf.
494 2197 531 2227 et
561 2188 741 2228 Bekkero

81 2245 171 2283 dedi
183 2246 279 2299 οἵγε
296 2245 380 2298 μέν,
391 2254 433 2285 ut
451 2248 537 2284 libri
545 2247 739 2296 iubebant,

578 2304 636 2341 Cf.
657 2306 739 2340 He-

82 2358 164 2399 rod.
194 2361 276 2409 Vll,
312 2362 391 2402 152
422 2368 459 2399 et
494 2361 541 2410 V,
569 2363 624 2402 92
653 2361 691 2407 ξ.
712 2359 737 2401 5

82 2416 210 2467 ibique
229 2423 324 2455 nott.

139 2468 445 2524 ἀπονητότατα]
485 2474 511 2515 ἱ.
536 2487 571 2511 e.
599 2475 739 2511 minimo

81 2527 210 2577 labore,
238 2536 281 2566 ut
300 2531 347 2577 H,
371 2531 422 2570 14
443 2531 530 2568 coll.
549 2531 623 2575 ΙΠ,
645 2529 738 2572 146.

82 2586 207 2630 Quam
234 2586 467 2624 locutionem
501 2601 521 2623 e
553 2588 739 2638 palaestra

82 2643 239 2692 petitam
270 2641 509 2684 crediderim.
565 2642 629 2680 Ad
666 2657 739 2681 vo-

84 2711 169 2735 cem
189 2697 322 2750 ἒξηγέο
337 2699 436 2738 conf.
458 2700 522 2746 IV,
543 2701 584 2740 9.
603 2697 739 2747 -τοές

84 2751 287 2802 διεξόδους
325 2757 407 2794 τῶν
456 2750 739 2806 βουλευμάτων

82 2812 252 2863 intelligo
273 2811 350 2849 vias
370 2812 395 2851 i.
417 2825 451 2849 e.
479 2813 636 2849 rationes
655 2824 741 2850 con-

798 1059 970 1110 siliorum,
1001 1066 1044 1098 ut
1072 1061 1139 1109 III,
1176 1060 1266 1107 158,
1299 1059 1363 1097 ubi
1384 1058 1463 1098 vid.

797 1124 894 1155 nott.

961 1205 1054 1257 cap.
1077 1206 1307 1243 ccxxxv,

857 1283 893 1323 εἰ
917 1281 989 1335 μὲν
1009 1281 1060 1334 δή
1081 1279 1373 1335 συμβουλεύεαί
1395 1299 1462 1333 μοι

798 1336 1041 1392 προθύμως]
1072 1341 1097 1379 i.
1121 1354 1154 1378 e.
1183 1340 1462 1390 quandoquidem

803 1396 862 1436 Tu
893 1397 1047 1435 studiose
1081 1410 1132 1435 me
1164 1396 1316 1434 consulis
1338 1411 1368 1434 s.
1391 1409 1463 1434 me-

800 1466 877 1491 cum
898 1454 1066 1491 deliberas
1074 1467 1088 1498 3
1115 1453 1182 1490 ubi
1203 1452 1356 1490 attende
1375 1466 1462 1489 me-

801 1509 854 1547 dii
873 1510 981 1548 verbi
1000 1511 1079 1548 vim
1100 1510 1340 1560 perspicuam
1360 1522 1460 1560 quo-

799 1580 876 1619 que
907 1580 956 1603 ex
983 1567 1049 1614 iis,
1080 1579 1178 1618 quae
1199 1567 1280 1614 vll,
1303 1567 1461 1607 23716-

799 1629 955 1674 guntur.
1009 1621 1113 1659 Add.
1143 1623 1244 1670 Vlll,
1283 1625 1374 1662 102.
1399 1622 1460 1659 Ad

798 1693 938 1719 vocem
968 1674 1194 1732 προθύμως
1215 1680 1263 1717 cf.
1279 1679 1341 1727 Vl,
1365 1680 1431 1720 58.

857 1736 894 1775 εἶ
910 1738 982 1787 τῆς
1007 1737 1200 1787 ναυτικῆς
1223 1737 1409 1786 στρατιῆς
1422 1751 1457 1774 κ.

796 1808 830 1832 τ.
851 1793 913 1842 λ.]
944 1794 1049 1830 Haec
1069 1793 1185 1830 verba
1212 1799 1343 1829 carent
1364 1805 1459 1842 apo-

799 1848 897 1898 dosi7
915 1862 1034 1901 quam
1061 1850 1102 1885 in
1132 1856 1262 1886 mente
1281 1862 1371 1886 sane
1387 1847 1459 1886 ha-

797 1907 879 1945 buit
897 1907 1057 1956 scriptor
1071 1935 1080 1953 ,
1114 1919 1230 1957 quam
1250 1913 1378 1943 tamen
1410 1906 1458 1942 ob

797 1963 919 1999 multa
937 1963 1054 2000 verba
1072 1964 1268 2000 interiecta
1287 1961 1345 1999 his
1369 1963 1458 2012 ipsis

799 2019 936 2056 maluit
955 2018 1160 2067 adstruere,
1182 2032 1300 2071 quam
1320 2020 1458 2056 iustam

800 2077 1028 2114 constituere
1041 2075 1239 2126 apodosin,
1261 2089 1358 2128 quae
1370 2089 1458 2113 ver-

798 2134 854 2170 bis
874 2135 914 2169 in
934 2134 1075 2184 protasi
1105 2134 1233 2184 positis
1263 2128 1459 2172 εἰ-οἷπο-

800 2190 990 2236 στείλειας
1009 2196 1183 2226 accurate
1216 2188 1455 2240 respondeat.

798 2248 896 2283 Hinc
926 2247 1042 2284 verba
1069 2245 1111 2286 ἐκ
1138 2242 1286 2297 ταύτης
1309 2239 1366 2285 οἷν
1386 2248 1457 2294 τῆς

796 2299 925 2354 νήσου
944 2318 982 2344 κ.
994 2318 1026 2342 τ.
1040 2305 1074 2341 λ.
1097 2301 1333 2353 explicanda,
1347 2301 1450 2339 unde

795 2358 979 2411 apodosin
1032 2359 1318 2412 quodammodo
1358 2360 1457 2396 inci-

793 2418 873 2468 pias
894 2417 996 2454 licet.
1052 2418 1162 2452 Hanc
1183 2417 1285 2452 enim
1295 2416 1455 2466 scripto—

794 2475 843 2511 ris
862 2480 1034 2510 mentem
1054 2473 1168 2510 fuisse
1188 2480 1341 2523 putem:
1385 2472 1455 2519 „Si

794 2537 838 2568 tu
883 2535 1069 2567 trecentas
1115 2542 1230 2566 naves
1278 2528 1454 2576 dimittes,

797 2599 894 2639 quae
916 2584 1123 2638 Cytheram
1153 2586 1318 2622 insulam
1338 2598 1454 2622 occu-

795 2649 889 2694 pent
921 2649 957 2679 et
985 2655 1033 2678 ex
1064 2655 1107 2678 ea
1142 2643 1375 2679 incursiones
1396 2641 1454 2677 fa-

796 2700 898 2737 ciant
913 2700 953 2736 in
969 2699 1136 2735 vicinam
1144 2698 1365 2745 Laconiam,
1379 2698 1454 2734 mi-

795 2757 900 2792 nime
929 2755 998 2792 tibi
1016 2753 1177 2792 timendi
1199 2761 1308 2791 erunt
1331 2756 1455 2791 Laco—

796 2825 876 2861 nes,
920 2812 1021 2849 bello
1060 2810 1267 2849 domestico
1306 2812 1452 2859 retenti,

1469 707 1540 742 quid
1558 707 1739 734 Demaratus

1467 741 1607 768 suaserit.
1638 741 1740 768 lusum

1467 773 1610 810 Cythera.
