1815 3181
420 192 477 231 84

393 307 416 339 6
428 296 676 356 Εὐφρήτης.

836 187 1300 224 HERODOTI

732 293 804 337 ’Ev
841 295 887 338 δὲ
924 299 976 351 τῇ
1014 295 1214 351 Ἀρμενίῃ
1257 296 1444 351 σταθμοὶ
1483 296 1564 352 μέν
1602 298 1684 341 εἰσι

421 365 705 422 καταγωγέων
743 365 1071 414 πεντεκαίδεκα,
1121 363 1395 418 παρασάγγαι
1437 364 1482 407 δὲ
1529 366 1575 416 ἓξ
1609 366 1684 408 καὶ

420 434 688 489 πεντήκοντα
718 431 790 474 καὶ
821 431 975 487 ἥμισυ·
1018 433 1090 475 καὶ
1111 431 1411 488 φυλακτήριον
1431 432 1478 474 ἐν
1499 431 1740 475 αὐτοῖσι.25

419 502 607 556 ποταμοὶ
630 500 676 543 δὲ
698 499 829 553 νηυσὶ
849 501 1024 556 περητοὶ
1056 499 1247 554 τέσσερες
1276 498 1346 542 ow}
1374 497 1532 552 ταύτης
1560 500 1683 554 ῥέου-

391 577 491 621 7σι,
531 567 637 619 τούς
673 571 792 611 πᾶσα
839 566 1006 623 ἀνάγκη
1035 568 1387 622 διαπορθμεῦσαί
1418 567 1516 610 ἐστι.
1567 570 1681 622 πρῶ-

419 654 494 688 τος
523 636 624 692 μὲν,
667 637 832 692 Τίγρις·
874 636 979 692 μετὰ
1018 635 1090 683 δὲ,

362 819 427 866 IV,
451 819 504 858 90
526 824 563 854 et
583 816 631 854 de
650 819 774 856 forma
798 819 917 856 futuri
938 818 1023 858 διε-

363 876 476 929 ξελᾷς
495 875 524 921 I,
545 877 643 914 207.

421 929 595 981 σταθμοὶ
629 930 699 983 μέν
737 931 813 971 εἰσι
846 946 1020 983 καταγω-

362 986 493 1040 γέων]
526 989 552 1024 1.
587 1000 620 1024 e.
655 991 847 1026 mansiones
869 988 1021 1026 diverso-

362 1046 505 1089 riorum,
517 1050 558 1080 ut
566 1056 660 1081 mox
669 1046 710 1080 in
730 1045 806 1081 fine
826 1044 936 1081 huius
955 1058 1021 1081 ca-

363 1102 449 1152 pitis
480 1107 516 1136 et
544 1101 584 1136 in
603 1102 755 1138 Aelian.
781 1102 827 1138 V.
848 1104 897 1141 H.
919 1102 1021 1149 XIV,

367 1156 431 1197 14.
462 1156 599 1194 Suidas
618 1159 705 1208 Hp
715 1158 821 1198 253:
844 1173 1023 1209 καταγω-

363 1211 415 1266 γή
433 1210 540 1264 παρὰ
554 1210 754 1267 Ἡροδότῳ
768 1215 1020 1253 πανδοκεῖον.

364 1270 497 1306 Glossa
529 1270 768 1307 Herodotea:
819 1266 1022 1320 σταθμός·

365 1326 624 1378 στρατιωτικὴ
658 1322 892 1374 κατάλυσις·
926 1325 1023 1366 ὁδοῦ

365 1381 526 1433 μέτρον·
558 1379 775 1434 κατάλυμα.

426 1440 577 1490 Τίγρις]
602 1441 658 1476 Ita
678 1436 1022 1491 p1·aeterEustath.,

368 1495 436 1546 qui
465 1495 513 1531 ad
542 1497 700 1547 Dionys.
730 1497 918 1545 Perieget.
941 1496 1021 1535 976

365 1551 582 1588 Herodotea
620 1554 765 1602 tetigit,
797 1552 872 1588 duo
910 1551 1022 1589 codd.

367 1607 426 1643 Cf.
450 1609 481 1655 Ι,
506 1610 597 1648 189.
622 1611 714 1649 193.
734 1610 782 1655 ΙΙ,
802 1609 894 1649 150.
932 1609 1024 1644 Flo-

365 1665 535 1701 rentinus
544 1665 650 1712 liber,
664 1678 754 1701 cum
765 1665 843 1701 aliis
856 1665 1024 1716 Πίγρηςε

367 1733 467 1772 quae
488 1720 624 1757 eadem
645 1722 816 1758 confusio
837 1723 877 1757 in
890 1723 1026 1757 Xeno-

366 1775 518 1827 phontis
536 1778 660 1814 Anab.
681 1780 711 1825 I,
734 1781 772 1825 7,
788 1778 851 1824 15,
873 1777 1023 1815 ubivid.

365 1832 543 1871 Weiske.
601 1835 709 1871 Unus
732 1833 926 1871 Mediceus
954 1836 1022 1873 Τί-

367 1904 487 1941 γρης,
517 1890 847 1942 quemadmodum
876 1892 938 1937 VI,
968 1893 1022 1932 20

369 1958 515 1991 omnes,
530 1955 716 1998 quantum
729 1949 818 1994 scio,
831 1948 917 1984 libri
932 1949 1026 1984 scri-

368 2002 425 2052 pti
452 2001 611 2050 editive3
642 2004 717 2054 qua
749 2003 883 2040 eadem
902 2004 1026 2041 forma

370 2058 567 2109 aliquoties
598 2061 715 2096 utitur
745 2059 964 2110 Xenophon
983 2061 1025 2096 in

370 2114 537 2150 Anabasi
557 2121 670 2167 atque
681 2117 844 2166 Appian.
855 2117 1023 2167 Syriaco.

370 2170 436 2217 57,
459 2183 651 2222 quamque
673 2173 786 2208 etiam
806 2173 1026 2222 praeferen-

372 2224 462 2262 dam
493 2240 570 2263 esse
602 2235 729 2264 censet
749 2229 917 2278 Breiger.
966 2231 1024 2264 De

372 2280 639 2321 difficilioribb.
687 2283 863 2336 quibusd.
912 2285 1025 2321 Asiae

371 2339 554 2376 Herodot.
572 2353 658 2390 pag.
679 2340 731 2380 49
745 2371 754 2387 ‚
786 2341 850 2392 qui
871 2339 918 2377 de
951 2342 1025 2377 Ti—

372 2394 488 2445 gridis
501 2396 663 2433 fontibus
681 2395 727 2433 ad
741 2397 916 2433 Strabon.
935 2398 1022 2445 [XL

372 2464 411 2501 p.
429 2452 504 2492 521
527 2465 558 2488 s·
571 2454 664 2493 792.
681 2454 746 2502 B.]
776 2452 968 2501 amandat,
984 2455 1023 2490 in

373 2508 556 2544 Armenia
602 2508 825 2560 quaerendis
842 2523 852 2557 ς
909 2523 1025 2561 quam

372 2563 494 2615 ipsam
509 2571 648 2602 terram
663 2567 790 2616 Tigris
807 2565 893 2603 dein
907 2579 928 2602 a
939 2568 1024 2603 Me-

372 2622 582 2671 sopotamia
597 2623 758 2672 seiungit
769 2636 811 2659 ac
826 2622 1024 2659 meridiem

373 2690 501 2714 versus
517 2677 688 2729 delapsus
704 2680 923 2715 orientalem
940 2681 1025 2716 Me—

371 2736 604 2783 sopotamiae
639 2737 845 2772 terminum
884 2736 1026 2772 consti-

372 2791 456 2826 tuit.
512 2790 650 2828 Adhuc
671 2791 774 2829 idem
804 2792 919 2829 ssuvio
951 2806 1023 2830 no-

1133 633 1332 689 δεύτερός
1360 651 1404 678 τε
1431 635 1504 678 καὶ
1539 636 1684 690 τρίτος

1078 830 1170 854 men
1191 818 1252 855 vel
1281 818 1396 855 etiam
1423 831 1567 855 nomen
1586 817 1739 867 Digelat

1079 888 1109 911 s.
1138 874 1272 924 Dz'glz't,
1295 874 1399 926 quod
1418 876 1544 925 ipsqm
1572 875 1739 926 antiqui-

1078 938 1138 968 tus
1170 933 1247 967 iam
1279 932 1504 978 obtinuisse,
1548 944 1569 967 e
1611 931 1738 967 Plinio

1078 990 1174 1025 Hist.
1195 990 1282 1025 Nat.
1302 989 1364 1034 VI,
1387 991 1436 1028 31
1471 987 1582 1038 (27)
1622 988 1739 1024 intel-

1077 1045 1229 1094 ligitur-3
1264 1043 1312 1080 ad
1343 1057 1461 1096 quem
1481 1046 1610 1081 locum
1634 1057 1738 1081 nunc

1080 1102 1179 1137 Galli
1214 1100 1316 1138 docti
1340 1100 1515 1138 videatur
1541 1101 1738 1137 annotatio

1080 1159 1157 1206 (T.
1177 1158 1211 1194 V
1230 1172 1268 1208 p.
1286 1160 1366 1197 323
1388 1156 1448 1194 ed.
1465 1155 1737 1207 Panckouck.)

1080 1214 1128 1251 de
1148 1214 1366 1250 nominibus
1391 1216 1502 1251 variis
1524 1214 1738 1265 antiquiore

1079 1284 1122 1307 ac
1142 1272 1350 1307 τεο-91111010
1366 1277 1487 1307 aetate
1507 1269 1596 1307 huic
1619 1270 1737 1307 fluvio
1756 1302 1770 1313 ,

1078 1328 1227 1364 tributis
1249 1340 1459 1379 eorumque
1475 1334 1512 1364 et
1529 1329 1675 1363 ratione
1701 1332 1738 1363 et

1079 1383 1366 1433 significatione.

1135 1437 1230 1490 μετὰ
1245 1438 1300 1487 δὲ,
1321 1434 1504 1490 δεύτερός
1525 1453 1566 1478 τε
1578 1435 1645 1478 καὶ
1656 1437 1736 1490 τρί-

1080 1511 1146 1543 τος
1164 1512 1198 1536 κ.
1219 1512 1252 1534 τ.
1274 1497 1324 1544 λ]
1349 1497 1454 1541 Quae
1485 1497 1537 1532 sic
1558 1496 1650 1532 olim
1672 1508 1738 1531 ac-

1081 1554 1156 1604 cipi
1183 1554 1406 1600 voluerunt‚
1436 1558 1479 1588 ut
1510 1551 1682 1589 secundus
1702 1557 1739 1587 et

1081 1612 1206 1647 tertius
1226 1609 1361 1646 fluvius
1390 1607 1495 1645 idem
1527 1615 1641 1660 atque
1658 1609 1738 1658 pri-

1080 1678 1156 1703 mus
1193 1667 1348 1703 tulerint
1385 1678 1528 1702 nomen
1570 1663 1739 1715 indeque

1081 1735 1214 1760 omnes
1233 1730 1307 1759 tres
1327 1735 1405 1758 uno
1428 1720 1642 1773 eodemque
1665 1721 1738 1757 Ti-

1079 1779 1196 1829 gridis
1211 1780 1368 1816 nomine
1385 1779 1563 1829 appellati
1574 1778 1736 1825 fueriut3

1078 1837 1131 1873 ita
1149 1843 1192 1873 ut
1205 1837 1245 1872 in
1261 1849 1366 1888 seqq.
1393 1835 1510 1873 verba
1531 1832 1554 1874 ὅ
1574 1831 1646 1886 μὲν
1662 1848 1738 1886 γαρ

1079 1907 1272 1944 προτερος
1307 1889 1439 1931 αὐτῶν
1482 1890 1532 1928 ad
1568 1891 1738 1942 primum

1080 1949 1264 1986 refeirent
1288 1950 1445 1999 Tigrin,
1468 1946 1490 1987 ὁ
1511 1942 1543 1986 δ’
1570 1944 1738 1998 ὕστερον

1083 2004 1214 2058 (quod
1239 2007 1280 2042 in
1311 2020 1360 2045 οι
1389 2000 1432 2044 δ’
1459 2000 1627 2056 1ὕστερον
1646 2015 1738 2040 11111-

1079 2061 1440 2112 tandum,probante
1456 2073 1609 2112 quoque
1623 2061 1738 2096 Man-

1079 2125 1188 2154 nerto
1219 2119 1358 2167 Geogr.
1379 2118 1425 2163 V,
1444 2119 1470 2156 2
1490 2130 1529 2167 p.
1554 2118 1648 2164 206,
1668 2116 1736 2152 ubi

1079 2173 1176 2224 vid.)
1208 2173 1256 2210 ad
1283 2172 1494 2210 secundum
1515 2185 1558 2209 ac
1582 2173 1737 2208 tertiiun

1082 2231 1234 2280 Tigrin.
1292 2228 1601 2281 Haudquaquam
1623 2235 1736 2266 recte.

1079 2288 1179 2322 Nam
1191 2293 1353 2338 quatuor
1362 2287 1464 2338 iique
1475 2287 1587 2336 plane
1599 2284 1737 2323 diversi

1080 2341 1142 2379 hic
1157 2350 1419 2380 memorantur
1434 2342 1540 2379 fluvii
1548 2344 1587 2379 in
1601 2343 1736 2379 itinere

1080 2398 1262 2436 Sardibus
1298 2400 1395 2436 Susa
1414 2398 1589 2436 faciendo
1610 2406 1736 2436 trans-

1080 2455 1220 2503 eundi3
1244 2469 1409 2508 quorum
1427 2457 1572 2507 primus
1588 2462 1642 2493 est
1661 2455 1736 2495 Ti-

1078 2513 1166 2562 gris,
1186 2512 1374 2550 secundus
1395 2526 1437 2549 ac
1447 2514 1577 2550 tertius
1598 2510 1736 2549 eodem

1081 2568 1238 2619 quidem
1275 2583 1304 2606 s.
1345 2571 1543 2607 communi
1577 2569 1736 2606 nomine

1080 2633 1240 2677 uterque
1282 2627 1503 2677 insignitus,
1563 2624 1736 2677 quamvis

1079 2682 1191 2732 plane
1209 2682 1344 2719 diversi
1371 2685 1445 2719 sint
1475 2683 1601 2728 fluvii,
1633 2693 1734 2733 quo-

1080 2751 1165 2775 nun
1195 2739 1288 2776 alter
1324 2737 1367 2788 (ὅ
1397 2737 1468 2788 μὲν
1512 2733 1734 2802 πρότερος)

1079 2808 1128 2831 ex
1148 2795 1329 2832 Armenia
1352 2794 1548 2841 dilabitur,
1580 2794 1673 2830 alter
1692 2789 1734 2842 (ο

1799 2751 1815 2807 ’.Χ
