1870 3249
540 210 845 247 ERATO.
903 211 978 247 Vl.
1305 212 1386 253 241

120 319 233 371 ὅκως
261 322 372 362 τοῖσι
398 317 566 375 ἐρέτῃσι
594 315 824 374 χρήσαιτο,
865 319 1098 362 διέκπλοον
1127 317 1388 375 ποιεύμενος
1399 319 1488 380 {53¹3
1503 319 1721 382 {ffigfflifffflefzg-

119 391 217 444 τῇσι
242 387 370 441 νηυσὶ
401 384 461 429 δι’
495 385 737 443 ἀλληλέων,
778 386 852 429 καὶ
890 385 994 436 τοὺς
1033 385 1238 442 ἐπιβάτας
1268 385 1385 430 dnu-
1445 387 1568 417 buntur.

120 467 228 506 σειε,
270 453 320 497 τὸ
361 453 520 498 λοιπόν
557 458 634 510 τῆς
672 452 837 510 ἡμέρης
873 452 950 504 τὰς
989 453 1091 505 νέας
1133 454 1278 510 ἔχεσκε
1317 453 1388 499 ἐπ’

117 521 365 578 α’γκυρέων·
392 523 569 579 παρεῖχέ
598 539 643 565 τε
672 526 785 565 τοῖσι
805 519 923 564 Ἴωσι
953 520 1093 565 πόνον
1121 520 1184 565 δι’
1213 522 1388 580 ἡμέρης.

88 590 242 646 Ξμέχρι
290 589 372 646 μέν
419 606 506 634 νυν
553 588 751 648 ἡμερέων
798 589 906 634 ἑπτὰ
950 588 1182 635 ἐπείθοντό
1229 607 1276 635 τε
1315 591 1388 636 καὶ

58 786 130 822 alia
150 787 256 823 iuxta
273 786 407 835 aliam3
431 793 474 824 ut
492 786 594 838 apud
607 786 722 825 Thu-

57 841 184 894 cydid.
221 844 319 891 Vm,
351 842 442 884 104.
511 845 641 897 Atque
669 846 722 883 ita

57 899 160 950 apud
183 898 430 937 Athenaeum
455 902 550 937 XIII
577 915 614 952 p.
639 902 719 943 568

55 957 102 992 E.
135 963 172 993 et
193 957 236 994 F.
269 963 306 994 et
335 970 374 1007 p.
410 955 492 998 569
512 959 557 997 B.
575 959 720 1009 Puellae

55 1011 203 1063 ἐφεξῆς
229 1012 294 1053 ἐπὶ
328 1012 451 1065 κέρως
487 1014 718 1067 τεταγμέναι

54 1076 143 1106 sunt
160 1070 269 1119 longa
288 1072 374 1107 serie
387 1070 468 1107 alia
482 1073 589 1110 iuxta
608 1072 719 1109 aliam

54 1129 195 1166 stantes.
208 1127 280 1172 Qui
293 1126 395 1177 apud
409 1129 590 1165 Nostrum
606 1128 719 1177 (mox

54 1196 88 1221 c.
128 1182 206 1230 14)
244 1179 471 1236 οἷντανῆγον
505 1182 577 1233 τοὶς
624 1184 718 1232 νέας

52 1237 120 1279 ἐπὶ
146 1239 286 1292 κέρας,
326 1253 389 1278 eos
427 1254 523 1278 mox
556 1243 717 1280 navibus

52 1297 185 1334 leviter
200 1299 389 1335 conversis
410 1312 460 1335 ex
475 1298 632 1336 adverso
643 1313 716 1337 na-

38 1355 160 1392 svium
179 1355 378 1392 hostilium
411 1357 553 1393 stetisse
572 1357 716 1393 intelli-

51 1412 166 1461 gitur.
225 1414 309 1449 Hoc
329 1412 414 1449 loco
429 1442 438 1460 ‚
471 1414 511 1449 in
533 1426 610 1465 quo
626 1428 715 1452 ver-

52 1481 196 1517 samur,
226 1470 431 1521 Dionysius
453 1465 616 1522 oc’va'ymv
649 1470 714 1511 ἐπὶ

51 1523 170 1575 κέρας
201 1522 272 1572 τὰς
305 1525 416 1575 νέας,
453 1527 551 1564 binis
590 1528 714 1578 longis

50 1581 246 1619 ordinibus
271 1581 444 1620 eduxisse
463 1596 578 1621 naves
604 1585 716 1621 vide-

50 1645 135 1686 tur3
166 1652 277 1691 quae,
306 1647 510 1692 postquam
529 1642 570 1677 in
592 1643 714 1679 altum

34 1703 138 1746 ¹sunt
158 1703 324 1745 evectae,
351 1698 428 1734 levi
455 1698 556 1735 facta
574 1700 714 1736 utrim-

51 1765 126 1804 que
147 1755 392 1791 conversione
412 1755 578 1791 frontem
597 1756 714 1793 fronti

51 1804 266 1859 oppositam
293 1810 510 1848 habebant:
544 1825 620 1863 quo
652 1814 714 1850 fa-

49 1871 111 1903 cto
131 1867 294 1916 remiges
321 1868 362 1903 in
388 1868 455 1904 iilo
483 1867 716 1907 decursionis

50 1923 224 1958 nauticae
235 1935 389 1972 genere,
418 1925 483 1975 qui
504 1923 714 1973 διέκπλους

51 1985 209 2015 vocatur
225 2009 234 2025 ‚
259 1980 554 2026 exercebantur3
576 1980 711 2034 dequo

51 2036 196 2072 consuli
211 2043 367 2086 possunt
382 2035 514 2073 Schol.
531 2036 580 2074 ad
596 2037 712 2075 Thu-

49 2091 177 2142 cydid.
197 2093 226 2138 Ι,
248 2093 301 2132 49
324 2099 360 2130 et
381 2105 478 2145 quae
499 2107 548 2130 ex
558 2095 710 2132 Ernesti

48 2147 177 2185 Indice
199 2149 400 2187 Graecitat.
423 2151 560 2201 Polyb.
578 2151 617 2187 in
634 2165 709 2189 no-

46 2212 167 2242 strum
185 2207 358 2243 Lexicon
377 2208 514 2258 Polyb.
529 2220 617 2258 pag.
634 2208 713 2250 158

46 2263 318 2299 transtulimus.
411 2264 528 2315 Apud
575 2267 712 2303 Xeno-

46 2317 231 2370 phontem
252 2320 401 2357 Hellen.
421 2321 451 2369 Ι,
474 2324 511 2369 6,
524 2320 710 2362 22Athe-

45 2377 195 2413 nienses
216 2375 264 2412 ad
281 2378 490 2427 Arginusas
512 2380 634 2415 aciem
655 2381 707 2416 ita

46 2432 326 2481 instruxerunt,
345 2441 389 2470 ut
403 2435 530 2484 plures
549 2437 708 2473 navium

47 2489 197 2526 ordines
217 2490 310 2526 alius
331 2498 417 2541 post
431 2492 549 2528 alium
567 2500 708 2530 starent

47 2545 207 2597 (nempe
243 2559 322 2583 non
362 2546 424 2586 ἐπὶ
465 2548 598 2598 κέρως,
639 2549 706 2587 sed

47 2602 151 2654 quod
179 2603 282 2640 idem
304 2602 483 2654 Xenoph.
505 2605 566 2652 Vl,
588 2608 626 2652 2,
656 2608 706 2646 1'8

47 2657 112 2698 ἐπὶ
146 2657 350 2711 φάλαγγος
390 2659 531 2709 dicit),
576 2673 625 2697 ne
653 2665 710 2715 τῷ

47 2715 215 2771 διέκπλῳ
228 2716 393 2754 hostium
403 2716 707 2755 dareturlocus.“

45 2773 103 2809 De
123 2786 217 2811 voce
247 2773 455 2819 διέκπλοος
483 2774 533 2809 ita
571 2775 706 2825 Poppo

47 2828 95 2865 ad
123 2829 343 2882 Thucydid.
366 2832 394 2876 Ι,
415 2830 468 2871 49
501 2829 606 2881 (pag.
627 2831 706 2872 144

103 2887 325 2925 Ilenonor.
346 2888 413 2924 III.

780 784 841 823 ed.
864 786 1060 838 Gervin.):
1093 787 1253 835 „aciem
1273 785 1441 826 hostium

777 856 1026 895 perrumpere
1047 851 1084 881 et
1102 845 1142 881 in
1150 845 1442 896 pernavigando

776 901 904 937 rostris
916 913 1032 938 naves
1044 900 1208 950 laedere²
1229 915 1356 939 remos
1369 902 1440 940 de-

777 962 938 1006 tergere,
965 956 1175 1005 διέκπλους
1214 960 1440 1010 appellatur.

777 1013 888 1058 Quod
909 1014 1025 1051 fiebat
1055 1013 1149 1051 dum
1177 1016 1297 1053 modo
1329 1028 1442 1053 acce-

773 1070 898 1106 lerant
922 1072 1109 1122 propulsis
1137 1073 1300 1123 remigio
1329 1075 1443 1111 navi-

773 1126 985 1173 bus,.1nodo
1002 1126 1187 1165 recedunt
1197 1135 1234 1165 et
1255 1142 1276 1165 e
1290 1142 1442 1167 recessu

761 1189 889 1235 satque
910 1197 931 1219 e
950 1185 1166 1238 longinquo
1183 1186 1222 1222 in
1244 1184 1372 1224 hostes
1385 1188 1440 1224 ir-

773 1241 933 1277 ruunt.“

831 1293 935 1345 ὅκως
953 1300 1058 1337 τοῖσι
1075 1294 1229 1353 ἐρέτῃσι
1249 1292 1439 1350 χρήσαιτο

772 1368 808 1393 κ.
830 1369 863 1392 τ.
883 1355 938 1403 λ.]
971 1356 996 1391 i.
1021 1368 1054 1391 e.
1077 1367 1145 1404 quo
1169 1358 1320 1404 remiges
1339 1367 1440 1393 exer-

773 1414 864 1448 ceret
909 1412 1111 1449 istiusmodi
1159 1415 1438 1450 transcursiones

772 1470 917 1505 navium
956 1468 1191 1517 instituendo,
1244 1470 1438 1522 simulque

772 1526 889 1561 etiam
911 1525 1114 1563 classiarios
1122 1527 1159 1562 in
1171 1528 1281 1563 amnis
1300 1539 1438 1564 exerce-

772 1585 836 1619 ret.
895 1581 939 1619 Id
967 1584 1072 1618 enim
1103 1595 1194 1619 cum
1213 1581 1438 1634 Schweigh.

770 1645 809 1676 et
828 1637 1012 1678 Schneid.
1040 1638 1202 1676 indicari
1222 1641 1438 1677 existimem

770 1697 888 1733 verbo
907 1694 1092 1744 ὁπλίζειν.
1130 1695 1194 1734 Ad
1222 1697 1438 1748 imperfecti

770 1752 939 1790 formam
980 1752 1111 1804 ἔχεσκε
1151 1754 1253 1791 conf.
1285 1756 1314 1802 Ι,
1341 1757 1436 1795 186.

770 1811 827 1846 Ita
842 1811 941 1846 infra
961 1809 1187 1849 ἐθέλεσκον.
1235 1810 1298 1847 Ad
1318 1823 1436 1860 argu-

769 1873 948 1903 mentum
969 1865 1074 1917 quod
1099 1867 1244 1914 attinet,
1265 1866 1436 1903 Larche-

768 1936 832 1959 rus
865 1924 1038 1960 observat
1073 1923 1227 1959 Graecis
1254 1924 1296 1959 in
1325 1935 1437 1960 more

768 1979 894 2026 fuisse,
915 1986 959 2016 ut
975 1992 1093 2016 naves
1102 1978 1236 2016 ordine
1256 1979 1305 2017 ad
1325 1991 1434 2017 oram

766 2037 940 2073 sisterent
945 2037 1095 2088 ipsique
1104 2037 1144 2072 in
1153 2043 1294 2073 terram
1304 2049 1435 2074 escen-

767 2091 922 2141 derent,
954 2092 1172 2129 custodibus
1191 2094 1343 2141 relictis,
1366 2095 1433 2146 qui

763 2150 794 2186 si
816 2163 908 2202 quas
928 2147 1098 2186 hostium
1116 2162 1233 2188 naves
1246 2150 1431 2188 acceden-

770 2212 826 2243 tes
861 2205 1229 2254 auimadverterent3
1276 2208 1432 2258 signum

770 2262 925 2312 darent,
965 2277 1042 2316 quo
1075 2271 1279 2315 conspecto
1295 2265 1433 2316 reliqui

768 2322 946 2358 citissime
959 2320 1006 2358 ad
1017 2333 1132 2358 naves
1143 2320 1266 2358 redire
1281 2319 1432 2358 hostes-

766 2390 842 2430 que
863 2377 911 2414 ad
930 2379 1231 2429 pugnamparati
1252 2379 1430 2428 excipere

762 2442 930 2485 possent.
990 2434 1102 2472 Unde
1127 2446 1286 2472 omnem
1305 2433 1431 2471 Athe-
1448 2440 1456 2448 ·

763 2493 955 2529 niensium
975 2491 1126 2528 cladem
1142 2490 1190 2528 ad
1201 2492 1329 2542 Aegos
1349 2493 1429 2528 Po-

762 2555 887 2591 tamos
926 2559 1045 2600 quam
1075 2549 1246 2585 tulerunt
1259 2578 1268 2596 ,
1305 2557 1427 2599 ‘repe-

763 2605 921 2642 tendam
944 2619 1023 2642 esse
1041 2604 1146 2641 idem
1167 2605 1266 2641 bene
1286 2603 1425 2642 adiicit.

820 2659 883 2701 δι’
910 2660 1080 2713 ἡμέρης]
1109 2663 1137 2701 i.
1165 2675 1197 2698 e.
1223 2674 1288 2711 per
1318 2664 1428 2697 totum

765 2718 867 2767 diem,
890 2714 948 2757 δι’
969 2717 1120 2769 ’ἡμέρης
1140 2713 1244 2766 ὅλης,
1261 2723 1305 2753 ut
1315 2717 1343 2763 Ῑ,
1358 2719 1427 2757 97·

762 2777 817 2819 ll,
849 2776 941 2815 173.
964 2775 1044 2821 Vll,
1060 2776 1154 2813 210.
1170 2772 1366 2810 AthenJV
1386 2786 1425 2824 p.

768 2833 844 2872 168
866 2832 908 2869 C.
930 2844 968 2882 p.
992 2830 1072 2869 417
1088 2831 1129 2867 C.
1162 2831 1217 2866 XI
1237 2842 1326 2880 pag.
1342 2829 1424 2870 463
