1870 3249
395 194 1050 232 TERPSICHORE.
1111 194 1155 230 V.

1352 195 1407 234 45

151 306 348 360 εὑρόντες
401 303 614 356 τούτους,
660 302 720 353 οἷς
771 301 950 358 τάχιστα
993 301 1235 359 κατέβησαν
1278 302 1320 353 ἐς
1356 301 1404 345 τό

150 374 279 418 ἄστυ,
331 370 457 427 ἁλίην
496 370 814 427 ποιησάμενοι,
855 369 1065 421 ἀπέδεξαν
1101 368 1286 420 τούτους
1326 371 1434 425 μὲν1

148 442 227 497 τήν
255 440 387 484 πόλιν
416 439 585 494 νέμειν,
615 443 704 482 τῶν
733 433 865 493 εὗρον
893 438 997 489 τούς
1026 436 1192 494 ἀγροὺς
1221 435 1274 481 εὖ
1299 438 1408 491 ἐξερ-

145 509 412 565 γασμένους·
458 508 626 551 δοκέειν
653 507 739 562 γάρ
770 508 938 563 ἔφασαν
967 507 1040 549 καὶ
1069 511 1156 549 τῶν
1185 508 1409 563 δημοσίων

118 576 268 620 4οὕτω
311 574 366 630 δή
407 588 545 630 σφεας
582 574 916 632 ἐπιμελήσεσθαι
955 573 1098 628 ὥσπερ
1138 578 1226 618 τῶν
1264 573 1410 631 σφετέ-

148 660 250 696 ρων.
309 643 415 693 τούς
446 643 492 686 δὲ
523 644 682 695 ἄλλους
716 645 989 700 Μιλησίους,
1029 643 1133 694 τοὺς
1171 643 1276 696 πρὶν
1315 654 1413 686 στα-

148 712 394 765 σιάζοντας,
440 710 613 754 τούτων
648 711 801 763 ἔταξαν
836 713 1077 755 πείθεσθαι.
1139 710 1303 765 Πάριοι
1331 709 1441 766 μέν5

23 783 89 827 30
144 797 228 824 νυν
257 780 374 825 οὕτω
408 782 655 836 ,Μιλησίους
684 779 960 836 κατήρτισαν.

148 848 254 891 τέων
280 851 366 890 τῶν
395 850 560 890 πολίων
591 842 674 890 ὦδε
698 848 850 904 ἤρχετο
880 846 993 891 κακὰ
1017 849 1216 904 γίνεσθαι
1245 850 1298 904 τῇ
1323 844 1407 890 'Ico-

147 917 233 972 νίῃ.
285 914 355 957 Ἐκ
394 914 547 967 Νάξου
588 915 755 971 ἔφυγον
796 915 953 970 ἄνδρες
993 919 1081 958 τῶν
1111 915 1284 970 παχέων
1321 914 1381 958 ’ὑπ

149 987 230 1026 τοῦ
261 982 425 1039 δήμου·
469 982 685 1040 φυγόντες
716 985 760 1028 δὲ
780 982 989 1028 ἀπίκοντο
1019 984 1061 1034 ἐς
1083 986 1293 1039 Μίλητον.
1333 987 1409 1040 τῆς

1025 779 1130 824 Τότε
1161 780 1205 822 δὲ
1237 779 1282 822 ἐκ
1312 795 1410 822 του-

1466 780 1542 807 Dum
1561 780 1716 808 Histiaeus

1466 815 1550 841 Susis
1578 823 1741 842 commora-

1463 852 1531 883 tur,
1559 849 1635 875 Naxi
1655 857 1725 876 exu-

1465 882 1510 909 les
1522 904 1530 917 ‚
1550 886 1584 909 ut
1601 883 1741 911 Milesio-

1385 914 1408 959 ὁ
1466 925 1532 943 rum
1551 925 1644 951 opera
1661 916 1742 943 redi-

1467 954 1531 977 tum
1549 952 1604 979 sibi
1623 950 1654 977 in
1673 959 1726 986 pa-

1464 985 1554 1012 triam
1585 988 1741 1020 pararent,

1465 1019 1672 1054 Aristagoram
1683 1018 1743 1045 Mi-

122 1050 201 1094 Ξδὲ
232 1050 431 1107 Μιλήτου
474 1049 676 1107 ἐτύγχανε
706 1051 937 1105 ἐπίτροπος
979 1052 1063 1096 ἐών
1100 1050 1411 1109 Ἀρισταγόρης
1426 1052 1524 1093 10Ιρῐί
1551 1057 1726 1090 Pr0011ffi0·

699 1112 927 1132 affl

38 1273 45 1277 „
91 1239 211 1278 aeque
232 1225 279 1262 de
300 1227 415 1274 urbe,
446 1227 600 1273 incolis,
622 1228 750 1277 reglo-

90 1297 139 1319 ne
161 1283 332 1335 adeoque
353 1283 504 1319 familiis
526 1283 599 1320 dici
620 1291 751 1320 osten-

91 1339 158 1377 dit.
217 1341 273 1377 Cf.
303 1339 445 1377 Herod.
466 1341 547 1387 VH,
579 1340 645 1381 56.
693 1342 751 1377 De

94 1397 216 1433 forma
244 1392 516 1449 οἷπεγραφέατο
538 1397 586 1434 cf.
615 1396 752 1434 Matth.

96 1454 161 1490 Gr.
184 1453 249 1490 Gr.
271 1466 358 1505 pag.
380 1456 475 1494 379.
513 1456 645 1505 Ipsum
664 1468 752 1490 ver-

94 1511 188 1546 bum
214 1510 387 1547 medium
416 1511 550 1547 malim
572 1510 752 1563 equidem

95 1568 145 1603 ita
175 1566 358 1604 reddere:
400 1580 515 1604 eorum
548 1571 686 1605 nomina
714 1570 753 1605 in

95 1623 236 1662 tabulas
265 1624 452 1675 referenda
492 1626 565 1661 sive
597 1626 752 1675 perscri-

98 1680 214 1718 benda
225 1684 411 1728 curarunt,
430 1694 499 1732 per
509 1682 648 1719 scribas
657 1682 752 1729 scil„

96 1737 162 1788 qui
198 1739 299 1788 ipsos
347 1739 616 1790 sequebantur.
695 1738 753 1775 Cf.

93 1794 175 1840 VII,
198 1797 292 1836 100.

151 1848 306 1902 οἷλίην
353 1847 692 1902 ποιησάμενο
710 1851 752 1898 ι]

94 1905 242 1943 Eadem
275 1908 416 1944 locutio
444 1909 474 1954 I,
499 1906 590 1948 125.
619 1907 666 1954 V,
687 1908 753 1947 79-

95 1963 177 2009 VII,
210 1962 301 2004 134.
369 1962 481 2000 Unde
514 1964 601 1999 satis
637 1969 754 2014 patet,

97 2016 229 2069 ἁλίην,
254 2032 351 2071 quae
370 2032 448 2056 vox
466 2020 659 2070 sigillatim
679 2032 755 2070 pu—

96 2075 212 2112 blicas
258 2077 407 2112 Dorum
453 2077 493 2112 iu
542 2077 754 2113 civitatibus

96 2132 297 2169 condones
318 2131 460 2169 indicat
489 2145 612 2184 eoque
642 2145 755 2169 sensu

95 2189 135 2225 in
165 2189 325 2240 publicis
353 2190 443 2226 actis
471 2190 657 2240 reperitur
684 2188 755 2226 de-

97 2247 277 2293 cretisve,
308 2245 410 2297 apud
437 2245 677 2283 Herodotum
696 2247 754 2282 la-

96 2303 171 2339 tius
204 2301 278 2339 djci
317 2301 364 2339 de
397 2303 527 2354 quavis
568 2304 754 2340 concione

96 2358 276 2411 idemque
294 2359 373 2396 fere
389 2373 468 2397 esse
488 2366 601 2411 atque
622 2359 756 2410 ἐκκλη-

100 2415 202 2454 σίαν.
279 2417 428 2453 Monuit
474 2416 642 2453 Grashof
685 2418 724 2453 in
742 2431 752 2452 .-

99 2470 388 2523 Schulzeitung.
412 2474 519 2514 1832
536 2486 594 2509 nr·
619 2476 696 2514 119
717 2487 756 2524 p·

101 2527 195 2569 957.
247 2527 314 2567 Cr.
355 2528 502 2566 confert
540 2531 756 2566 Tittmann.

99 2585 273 2622 Darstell.
306 2584 344 2622 d.
365 2584 518 2623 Griech.
541 2587 757 2624 Staatsver—

100 2641 186 2679 fass.
207 2655 245 2693 p.
266 2641 347 2682 215
378 2641 465 2679 add.
495 2641 636 2680 Athen.
666 2644 757 2680 XIII

100 2711 138 2748 p.
153 2697 230 2739 561
255 2700 357 2749 p.27
378 2697 596 2750 Schweigh.
614 2695 758 2739 Ῥόδιοι

102 2751 145 2792 δὲ
166 2755 355 2806 (τιμαῖσι)
387 2751 433 2793 τοὶ
451 2751 590 2794 ’Ἁλεια
620 2757 755 2807 (vulgo

92 2806 226 2861 ”Ataeo
256 2818 293 2848 et
313 2811 400 2848 coll.
422 2811 639 2862 symbolik.
660 2814 696 2849 II
716 2827 755 2864 p.

809 1229 899 1267 197.
920 1226 1017 1268 765.
1040 1227 1211 1265 Voemel.
1232 1227 1290 1262 De
1310 1227 1466 1262 Heliaea

806 1297 893 1334 pag.
928 1287 977 1324 19
998 1297 1081 1336 sqq.
1102 1306 1159 1311 —-
1187 1284 1245 1319 De
1266 1284 1381 1319 verbo
1403 1281 1469 1322 νέ-

808 1355 896 1391 μειν
926 1341 1026 1377 conf.
1059 1347 1154 1377 nott.
1185 1339 1234 1376 ad
1263 1341 1293 1387 Ι,
1317 1340 1370 1380 59
1401 1340 1468 1376 fin.

808 1396 911 1435 Add.
933 1398 977 1445 V,
1002 1399 1055 1438 92
1072 1398 1110 1443 ᾗ.
1130 1401 1168 1438 2.
1198 1419 1254 1424 —
1310 1393 1467 1435 Ἀπέδε-

809 1456 880 1502 ξαν
899 1455 1001 1491 valet
1030 1456 1298 1501 constituerunt,
1320 1460 1362 1490 nt
1373 1467 1468 1490 mox

810 1511 960 1559 ἔταξαν.
983 1511 1040 1548 Cf.
1061 1517 1158 1548 nott.
1180 1510 1228 1547 ad
1246 1511 1292 1559 V,
1316 1510 1384 1551 25.

865 1567 933 1607 καὶ
960 1570 1041 1606 τῶν
1073 1568 1276 1618 δημοσίων
1306 1563 1410 1606 οὕτω
1432 1582 1468 1605 κ.

809 1640 840 1664 τ.
862 1626 914 1674 λ.]
945 1626 1136 1662 Excitavit
1164 1623 1212 1661 ad
1242 1623 1282 1662 h.
1303 1625 1328 1660 l.
1348 1625 1469 1660 VVes-

809 1683 989 1733 selingius
1008 1681 1188 1719 Aeschin.
1208 1683 1249 1717 in
1270 1680 1468 1718 Timarch.

810 1753 849 1790 p.
870 1742 925 1779 22
948 1740 1004 1788 [ξ.
1019 1740 1130 1787 13]et
1140 1739 1284 1790 Digest.
1297 1737 1344 1774 de
1356 1738 1470 1788 Susp.

811 1797 950 1833 Tutor.
972 1797 1037 1843 111,
1061 1798 1098 1843 8,
1128 1796 1196 1832 ubi
1214 1796 1285 1832 Icti
1305 1795 1469 1831 Romani

812 1852 989 1889 tradunt:
1044 1859 1213 1888 tutorem
1251 1858 1470 1901 suspectum

814 1922 863 1945 ex
891 1921 936 1945 eo
949 1938 958 1955 ‚
989 1907 1093 1959 quod
1111 1909 1152 1944 in
1169 1909 1241 1944 alia
1259 1908 1361 1944 male
1381 1921 1470 1944 ver-

810 1972 910 2001 satus
931 1966 989 2001 sit.
1016 1986 1072 1992 —
1110 1966 1167 2001 De
1187 1965 1355 2015 genitivo
1376 1960 1469 2003 τού-

810 2036 902 2068 των,
935 2022 1003 2073 qui
1022 2022 1138 2058 verbo
1160 2022 1378 2060 πείθεσθαι
1399 2019 1470 2057 ad-

811 2077 924 2124 ditur,
945 2078 1046 2115 conf.
1067 2085 1162 2115 nott.
1184 2077 1232 2114 ad
1256 2079 1285 2125 I,
1310 2080 1402 2119 126.
1424 2078 1470 2125 V,

811 2137 877 2175 33.
899 2135 962 2182 Vl,
988 2138 1051 2175 12.
1080 2135 1181 2172 Male
1200 2135 1287 2172 libri
1313 2134 1470 2187 quidam

809 2187 986 2239 τούτους.

1014 2270 1106 2322 Cap.
1126 2272 1256 2308 XXX.

869 2357 1012 2411 ἄνδρες
1031 2363 1109 2400 τῶν
1131 2359 1317 2412 παχέων]
1351 2361 1469 2399 Ditio-

813 2431 867 2454 τρε
896 2431 923 2455 s.
950 2418 1186 2468 locupletiores
1207 2419 1470 2469 intelliguntur

815 2476 913 2511 cives
944 2474 1138 2526 iidemque
1168 2474 1255 2512 hinc
1289 2477 1470 2526 optimates

814 2532 992 2575 civitatis,
1033 2532 1201 2579 nobiles,
1241 2533 1378 2584 quibus
1399 2545 1471 2582 op-

812 2589 968 2639 ponitur
989 2586 1012 2628 o‘
1031 2589 1157 2639 δῆμος
1177 2590 1254 2626 sive
1279 2588 1398 2638 plebs,
1429 2595 1471 2625 ut

813 2646 853 2681 in
882 2644 1064 2696 Thucyd.
1091 2646 1158 2692 111,
1179 2648 1245 2686 82.
1276 2646 1367 2681 Her.
1388 2645 1469 2692 Vll,

817 2700 908 2748 155,
942 2701 1033 2742 156.
1092 2702 1223 2739 Glossa
1252 2700 1470 2738 Herodotea

814 2764 914 2794 recte
951 2760 1051 2798 τῶν
1083 2756 1283 2807 παχέων
1313 2759 1470 2808 exponit

812 2815 893 2853 τῶν
913 2815 1115 2854 πλουσίων
1144 2815 1312 2866 itemque
1333 2814 1469 2852 Suidas

1469 1095 1534 1115 rem
1556 1088 1673 1115 auxilia
1692 1094 1742 1114 ro·
1785 1088 1790 1093 ‘
