1789 3213
445 170 916 208 POLYMNIA.
973 170 1074 208 VII.

1302 170 1386 210 697

126 280 175 325 ἔν
201 295 245 324 τε
274 283 328 337 τῇ
357 280 537 335 Σικελίῃ
569 278 745 323 Γέλωνα
773 279 845 323 καὶ
878 277 1066 335 Θήρωνα
1097 280 1225 321 νικᾶν
1248 274 1442 331 Ἀμίλ-45

125 365 209 393 καν
236 348 314 392 τὸν
343 346 666 403 Καρχηδόνιον,
696 347 769 391 καὶ
795 347 841 390 ἐν
866 351 1084 403 Σαλαμῖνι
1111 344 1388 400 τοῦς“Ελλη-

96 423 206 467 Ξνας
242 415 319 458 τόν
357 415 544 470 Πέρσην.

609 415 695 459 Τὸν
733 415 778 459 δὲ
814 415 1035 470 Ἀμίλκαν,
1086 410 1390 469 Καρχηδόνιον

1446 275 1563 303 Gelone
1582 275 1665 307 victi,

1446 310 1626 346 qqutaeci
1645 310 1718 336 Per-

1445 353 1494 371 sas
1514 342 1551 370 ad
1576 343 1703 371 Salami—

1446 386 1514 405 nem
1534 378 1678 411 profliga-

1446 416 1527 439 runt.
1540 411 1616 446 Quid
1631 409 1719 437 Amil-

1446 445 1510 472 cari
1528 446 1557 472 in
1576 445 1630 472 illa
1645 453 1696 478 pu-

129 481 254 526 ἐόντα
282 483 392 537 πρὸς
420 484 607 539 πατρὸς,
637 481 858 540 μητρόθεν
883 482 929 526 δὲ
957 479 1283 536 Συρηκούσιον,
1315 482 1390 536 βα·
1447 488 1508 515 3¹¹³
1525 478 1679 508 acciderit.

129 552 386 595 σιλεύσαντά
415 569 460 596 τε
496 551 586 597 κατ’
629 552 933 606 ἀνδραγαθίην
963 550 1298 605 Καρχηδονίων,
1333 547 1392 600 ὡς

126 617 154 675 ἡ
192 618 391 677 συμβολή
429 636 474 663 τε
515 621 699 676 ἐγίνετο,
728 619 813 674 ,καὶ
852 615 910 668 ὡς
949 617 1129 661 ἑσσοῦτο
1169 618 1222 674 τῇ
1262 615 1449 672 μάχῃ,5ο

127 685 429 744 ἀφανισθῆναι
461 688 767 743 πυνθάνομαι·
799 687 899 730 οὔτε
921 684 1003 741 γὰρ
1036 687 1184 738 ζῶντα,
1217 683 1316 728 οὔτε
1345 683 1391 727 ἀ-

127 755 383 799 ποθανόντα
415 760 611 814 φανῆναι
641 757 842 811 ου’δαμοῦ
870 759 960 810 γῆς·
991 754 1040 797 τό
1070 757 1160 797 πᾶν
1175 751 1260 808 γάρ
1283 753 1394 805 ἐπεξ-

0 819 62 866 67

126 828 270 868 ελθεῐν
314 824 540 881 διζήμενον
589 824 777 868 Γέλωνα.

861 822 984 867 ’Ἐστι
1033 823 1080 866 δὲ
1126 821 1197 865 ὑπ’
1243 817 1391 864 αὐτῶν

127 894 446 948 Καρχηδονίων
489 892 564 936 ὅδε
593 892 618 937 ὁ
662 892 793 948 λόγος
821 891 1066 947 λεγόμενος,
1096 889 1234 933 οἰκότι
1262 904 1391 944 χρεω-

127 959 292 1014 μένων,
324 959 380 1011 ὠς
409 962 452 1004 οἱ
480 961 559 1016 μὲν
579 959 797 1017 βάρβαροι
830 965 943 1003 τοῖσι
959 959 1141 1014 ‘'EM-7261,
1161 958 1207 1001 ἐν
1239 960 1293 1014 τῇ
1315 960 1513 1000 Σι-55τειῐι
1529 962 1671 990 habeant.

129 1030 247 1084 κελίῃ
287 1027 498 1084 ἐμάχοντο
538 1029 580 1082 ἐξ
608 1027 717 1085 ἠοῦς
751 1026 986 1084 ἀρξάμενοι
1013 1027 1138 1083 μέχρι
1176 1025 1316 1081 δείλης
1346 1023 1393 1068 ὀ-

128 1097 255 1151 ψίης·
285 1096 357 1139 ἐπὶ
385 1100 572 1140 τοσοῦτο
609 1097 695 1154 γάρ
725 1097 892 1152 λέγεται
923 1093 1100 1140 ἑλκύσαι
1128 1092 1209 1151 τήν
1238 1092 1394 1136 σύστα-

130 1174 221 1207 σιν·
269 1163 293 1207 ὁ
324 1164 386 1208 ’δὲ
409 1163 609 1220 Ἀμίλκας
641 1165 687 1208 ἐν
725 1164 868 1224 τούτῳ
903 1168 965 1221 τῷ
994 1163 1138 1222 χρόνῳ
1170 1161 1315 1217 μένων
1343 1160 1393 1204 ἐν

127 1234 189 1289 τῷ
216 1233 493 1291 στρατοπέδῳ
533 1233 687 1278 ἐθύετο
731 1233 804 1276 καὶ
835 1231 1125 1285 ἐκαλλιρέετο,
1158 1229 1225 1272 ἐπὶ
1252 1231 1394 1283 πυρῆς

129 1299 315 1355 μεγάλης
356 1301 533 1357 σώματα
570 1302 651 1346 ὅλα
689 1302 958 1357 καταγίζων·
1008 1297 1118 1342 ἰδών
1148 1299 1194 1341 δὲ
1224 1296 1449 1352 τροπὴνὸο

129 1372 219 1411 τῶν
256 1369 423 1412 ἑωυτοῦ
452 1371 707 1426 γινομένην,
742 1369 800 1420 ὦς
831 1370 948 1424 ἔτυχε
979 1366 1250 1410 ἐπισπένδων
1278 1370 1392 1409 τοῖσι

132 1438 289 1491 ἱροῖσι,
332 1432 415 1481 οἶσε
445 1436 611 1482 ἑωυτόν
641 1438 682 1489 ἐς
711 1438 761 1481 τὸ
789 1440 901 1492 πῦρ·
944 1435 1059 1479 οὕτω
1090 1433 1142 1491 δή
1176 1449 1392 1477 κατακαυ-

74 1614 119 1650 Iu
139 1626 244 1665 seqq.
260 1612 308 1651 ad
318 1612 529 1651 locutiones
550 1609 648 1664 πρὸς
658 1628 735 1651 πα-
785 1623 949 1662 pugnam
983 1609 1150 1661 accipio,
1191 1613 1233 1644 ut
1269 1608 1318 1655 ΙΙ,
1357 1609 1448 1654 117,

73 1667 166 1720 τρός
193 1677 230 1707 et
250 1665 458 1723 μητρόθεν
478 1670 579 1706 conf.
600 1672 629 1718 Ι,
654 1672 733 1710 173

77 1733 115 1763 et
147 1727 230 1775 VII,
262 1730 329 1768 99.
398 1727 492 1763 Mox
530 1726 681 1778 ἐγίνετο
715 1739 735 1762 e

75 1784 246 1821 Florent.
283 1785 439 1836 aliisque
478 1782 567 1820 dedi
606 1796 676 1834 pro
697 1781 736 1822 ε’-

80 1838 230 1893 γένετο.

260 1919 352 1970 cap.
375 1918 560 1959 CLXVII.

142 1993 266 2037 οἰκότι
306 1996 566 2049 χρεωμένων]
613 1990 740 2036 οἰκότι

83 2061 186 2091 recte
209 2054 426 2091 emendavit
446 2055 627 2101 Koenius,
651 2066 740 2090 cum

82 2125 104 2147 e
128 2112 234 2161 vulg.
266 2109 389 2151 εἰκόνι
419 2112 558 2147 Galeus
591 2109 739 2147 dudum

82 2169 304 2205 correxisset
327 2164 462 2207 εἰκότι.
519 2169 571 2204 At
601 2167 649 2204 cf.
672 2168 738 2214 ΙΙΙ,

85 2227 189 2264 111:
213 2220 365 2264 οἰκότ
383 2240 396 2263 ι
426 2220 539 2277 λόγῳ
567 2220 740 2274 χρεώμε-

83 2295 145 2320 νοι
167 2280 364 2331 (probabili
377 2285 512 2318 utentes
528 2281 680 2330 ratione)
704 2287 741 2317 et

83 2337 165 2385 Vll,
190 2339 267 2377 103
298 2336 394 2388 φέρε
430 2338 504 2377 ἴδω
536 2336 653 2376 παντὶ
673 2339 742 2390 τῷ

85 2409 107 2433 ο
121 2393 167 2432 ἰκ
179 2389 199 2432 ὁ
210 2408 230 2431 τ
243 2408 279 2440 ι,·
301 2407 390 2430 cum
399 2392 447 2432 τά
461 2391 602 2434 οἰκότα
613 2395 741 2430 omni-

84 2463 136 2487 no
166 2450 240 2486 sint
258 2451 493 2498 verosimilia,
524 2453 742 2488 coniectura-

85 2507 150 2555 lia,
171 2513 213 2543 ut
234 2507 284 2542 ait
296 2507 540 2557 Wesseling„
564 2520 652 2558 quae
667 2520 743 2545 cer-

87 2565 134 2600 tis
164 2564 278 2611 signis
306 2565 468 2611 cognosci
494 2567 743 2613 nequeant.—

89 2619 131 2660 οἵ
154 2616 455 2671 βάρβαροι11.1.,
473 2626 515 2656 ut
535 2632 658 2670 supra,
683 2621 745 2655 in-

92 2675 254 2727 digenae
289 2681 482 2720 vocantur]
503 2676 643 2723 Siculi,
680 2677 745 2727 qui

92 2746 114 2770 a
148 2734 384 2770 Graecorum
420 2733 587 2783 partibus
631 2738 747 2768 stete-

92 2796 194 2831 runt.
235 2812 288 2817 —
336 2791 381 2826 In
418 2802 524 2843 seqq.
558 2783 746 2829 σύστασιν

792 1669 896 1706 alibi.

849 1764 990 1809 ἐθύετο
1045 1765 1113 1806 καὶ
1176 1764 1445 1820 ἔκαλλιρέετο]

794 1828 871 1864 Pro
905 1822 1048 1865 ἐθύετο
1076 1824 1245 1862 Werfer.
1277 1827 1317 1861 in
1351 1826 1450 1863 Actt.

795 1882 901 1934 pbill.
927 1883 1101 1918 Monacc.
1131 1882 1149 1916 I
1178 1894 1215 1931 p.
1238 1881 1319 1922 244
1341 1883 1451 1919 scribi

795 1940 877 1977 vult
899 1937 994 1977 ἔθυέ
1007 1952 1058 1985 τε,
1081 1939 1198 1974 citans
1219 1945 1368 1989 praeter
1380 1940 1452 1975 alia

798 2009 951 2048 quoque
972 1996 1099 2045 ipsum
1119 1994 1353 2043 Herod.V11‚
1373 1997 1451 2036 189

796 2054 863 2090 ubi
884 2054 949 2089 Tu
968 2051 1044 2089 vid.
1076 2052 1200 2088 allata.
1257 2054 1314 2088 De
1334 2053 1451 2089 verbo

796 2112 1015 2159 καλλιερεῖν
1030 2107 1109 2144 dixi
1125 2107 1450 2153 adV11‚113,134.

795 2168 895 2204 Hinc
925 2172 1054 2202 autem
1082 2166 1316 2216 intelligitur,
1350 2167 1453 2202 Poe-

795 2236 935 2260 norum
975 2221 1089 2259 duces
1125 2235 1295 2260 summos
1340 2223 1455 2259 etiam

795 2293 900 2318 sacra
922 2278 1114 2332 quaedam
1136 2280 1271 2316 obiisse
1291 2293 1369 2316 non
1385 2279 1457 2315 ali-

797 2344 854 2375 ter
867 2338 946 2374 fere
959 2343 1072 2388 atque
1084 2338 1348 2373 Romanorum
1360 2349 1456 2373 cou—

797 2395 895 2432 sules
917 2407 959 2430 ac
978 2395 1178 2430 Laconum
1195 2406 1314 2444 reges,
1337 2405 1457 2445 eaque

797 2452 858 2488 vel
878 2449 1012 2487 mediis
1024 2451 1063 2486 in
1083 2450 1234 2501 proeliis
1252 2451 1453 2500 peregisse.

799 2508 910 2545 Conf.
931 2509 1095 2543 Heeren.
1116 2505 1233 2543 Ideen
1252 2508 1300 2553 Π,
1324 2510 1340 2545 1
1365 2518 1454 2556 pag.

804 2563 894 2604 146.
926 2561 1134 2599 Bestticher.
1164 2563 1190 2598 l.
1219 2563 1244 2600 l.
1276 2575 1364 2613 pag.
1386 2562 1453 2602 45.

801 2642 856 2647 ——
867 2622 924 2656 De
939 2620 1055 2657 verbo
1067 2619 1285 2670 καταγίζειν
1297 2621 1336 2655 in
1346 2631 1452 2669 seqq.

801 2675 879 2714 vid.
916 2682 1010 2713 nott.
1041 2674 1088 2712 ad
1116 2675 1179 2722 IV,
1213 2675 1265 2715 35
1296 2676 1335 2711 in
1367 2674 1451 2711 Ad—

803 2731 943 2771 dendd.
981 2738 1018 2768 et
1047 2730 1096 2767 ad
1121 2731 1236 2768 verba
1258 2725 1334 2771 οἶσε
1355 2729 1449 2770 ἒωυ-

802 2787 873 2829 τόν
891 2792 893 2794 ’
913 2788 953 2836 ἐς
981 2784 1025 2828 τό
1063 2789 1144 2840 πῦρ
1184 2789 1284 2826 conf.
1305 2789 1453 2836 similia,

1447 894 1592 922 narratio.
1627 893 1651 926 Q

1448 928 1588 955 defuncto
1607 926 1699 954 hono-

1448 823 1683 859 Carthaginien-

1448 861 1526 887 sium
1552 860 1589 887 de
1612 858 1723 885 'eodem

1655 899 1724 918 uem
