1815 3181
257 919 322 964 38

53 982 247 1019 Aristagoras
257 992 324 1012 cum

51 1018 231 1054 popularem
244 1018 291 1045 Io-

50 1051 136 1079 nibus
163 1054 275 1079 statum

49 1085 276 1121 vindicavisset,

50 1120 193 1159 Spartam
214 1128 323 1156 suppe-

50 1157 107 1180 nas
127 1158 289 1189 rogaturus

50 1187 258 1223 proficiscitur.

395 199 451 238 58

792 195 1248 233 HERono'rx
1614 224 1623 252 Ι

396 302 556 354 ἄλλους
587 300 799 357 συχνούς·
838 302 953 345 οὕτω
984 302 1038 359 δή
1068 303 1114 346 ἐκ
1142 308 1225 348 τοῦ
1255 304 1472 360 ἐμφανέος
1502 306 1648 362 ‹5'Am-
1661 317 1707 350 70

393 370 605 426 σταγόρης
635 369 884 425 ἀπεστήκεε,
907 374 995 414 πᾶν
1026 371 1095 414 ἐπὶ
1124 377 1298 432 Δαρείῳ
1327 372 1648 429 μηχανώμενος.

362 440 481 481 ΞΚαὶ
509 442 661 492 πρῶτα
690 435 769 491 μὲν
798 436 912 493 λόγῳ
942 440 1079 494 μετεὶς
1107 439 1188 496 τήν
1216 443 1478 493 τυραννίδα,
1511 444 1652 485 ἰσονο-

389 509 495 563 μίην
530 505 666 550 ἐποίεε
708 507 762 560 τῇ
800 505 1004 566 Μιλήτῳ,

362 582 384 615 3
395 574 606 630 Μιλήσιοι
637 576 977 618 συναπισταίατο
988 590 998 600 ·

1044 507 1103 558 ὥς
1144 507 1199 552 ἂν
1247 507 1417 559 ἑκόντες
1448 507 1569 567 αὐτῷ
1607 512 1650 554 οἱ

1035 577 1142 632 μετὰ
1181 576 1228 620 δὲ
1267 577 1338 620 καὶ
1377 576 1423 619 ἐν
1457 581 1510 634 τῇ
1540 576 1649 635 ἄλλῃ

386 642 523 698 Ἰωνίῃ
553 639 696 685 τώυτὸ
728 647 858 687 τοῦτο
888 643 1041 695 ἐποίεε,
1072 644 1177 696 τούς
1193 644 1272 700 μὲν
1293 643 1534 696 ἐξελαύνων
1562 649 1706 688 τῶν75

388 709 630 765 τυράννων,
664 710 770 762 τούς
801 711 844 756 δ’
877 713 1000 768 ἔλαβε
1029 712 1272 765 τυράννους
1301 710 1386 755 άπὸ
1419 716 1508 755 τῶν
1530 717 1649 756 -νεῶν

385 782 474 822 τῶν
488 780 855 834 συμπλευσασέων
877 781 944 824 ἐπὶ
960 780 1124 832 Νάξον,
1145 779 1332 830 τούτους
1355 780 1401 823 δὲ
1421 783 1528 836 φίλα
1543 783 1647 836 βου.

384 844 567 902 λόμενος
588 846 814 891 ποιέεσθαι
843 852 941 906 τῇσι
960 848 1107 892 πόλισι
1127 849 1334 901 ἐξεδίδου,
1359 846 1492 891 ἄλλον
1512 848 1554 900 ἐς
1576 847 1648 892 ἄλ·

380 919 462 971 λην
481 913 611 958 πόλιν
630 917 922 970 παραδιδοὺς,
955 917 1061 962 ὅθεν
1083 920 1147 974 ε’ίη
1167 917 1358 966 ἕκαστος.
1418 915 1552 973 Κώην
1568 916 1648 971 μέν

381 1000 467 1027 νυν
494 987 813 1040 Μυτιληναῖοι,
842 985 935 1030 ἐπεί
961 1002 1006 1030 τε
1035 985 1213 1042 τάχιστα
1238 982 1510 1039 παρέλαβον,
1559 984 1646 1037 ἐξαε
1660 990 1705 1024 80

382 1051 590 1108 φαγόντες
610 1053 893 1103 κατέλευσαν,
924 1056 1120 1111 Κυμαῖοι
1150 1054 1196 1098 δὲ
1225 1053 1304 1097 τόν
1334 1051 1552 1108 σφέτερον
1571 1051 1647 1095 αὐ-

381 1124 470 1164 τῶν
500 1118 696 1176 ἀπῆκαν·
745 1120 804 1172 ὥς
833 1123 878 1166 δὲ
907 1123 981 1165 καὶ
1010 1121 1135 1166 ἄλλοι
1165 1124 1210 1166 οἷ
1237 1125 1420 1172 πλεῦνες
1450 1119 1646 1182 ἀπίεσαν.

382 1188 616 1245 τυράννων
643 1188 722 1245 μέν
749 1206 836 1233 νυν
865 1188 1133 1241 κατάπαυσις
1159 1189 1324 1246 ἐγένετο
1355 1187 1439 1232 ἀνὰ
1466 1187 1542 1239 τὰς
1570 1187 1645 1232 πό-

351 1261 490 1308 Ξλιας.
546 1254 850 1313 Ἀρισταγόρης
881 1259 926 1302 δὲ
955 1257 978 1302 ὁ
1010 1257 1230 1316 Μιλήσιος
1270 1257 1329 1309 ὥς
1357 1255 1462 1307 τούς
1490 1255 1646 1312 τυράν-

379 1342 486 1376 νους
510 1324 770 1375 κατέπαυσε,
802 1327 1070 1383 στρατηγοὺς
1101 1328 1147 1371 ἐν
1179 1325 1334 1381 ἑκάστῃ
1365 1329 1454 1368 τῶν
1481 1327 1700 1374 πολίων85

379 1393 582 1443 κελεύσας
625 1391 834 1445 ἑκάστους
871 1398 1158 1452 καταστῆσαι,
1211 1392 1388 1448 δεύτερα
1427 1391 1560 1444 αὐτὸς
1601 1392 1644 1444 ἐς

322 1563 598 1618 Μυτιλήνην
627 1567 756 1619 scripsi
782 1580 851 1618 pro
882 1569 979 1607 Μι-

320 1620 527 1674 τυλήνην,
548 1631 591 1660 ut
609 1624 654 1671 V,
680 1627 743 1672 11,
763 1626 831 1661 ubi
850 1623 952 1664 vide.

377 1680 420 1719 ἐκ
441 1683 513 1719 τοῦ
539 1679 757 1731 ἐμφανέος]
790 1683 848 1717 De
869 1682 980 1718 locu-

318 1737 422 1773 tione
443 1737 544 1777 conf.
557 1736 691 1774 Matth.
714 1739 780 1775 Gr.
803 1739 868 1775 Gr.
889 1751 977 1789 pag.

322 1792 441 1833 1134.
516 1793 579 1830 Ad
626 1795 859 1831 locutionem
895 1797 978 1833 πᾶν

317 1848 383 1888 ἐπὶ
404 1851 561 1903 Δαρείῳ
587 1847 871 1901 μηχανώμενος
888 1865 977 1901 per-

319 1908 461 1953 tinent,
503 1920 600 1959 quae
630 1907 679 1944 ad
708 1909 774 1954 IV,
807 1910 874 1948 80.
898 1906 978 1948 154

319 1963 520 2014 adscripsi3
576 1963 624 2000 ad
666 1977 803 2002 vocem
843 1963 975 2003 ἰσονο-

318 2020 415 2071 μίην
434 2027 531 2057 nott.
557 2019 604 2057 ad
623 2022 690 2067 III,
711 2024 779 2062 80.
804 2019 894 2061 142.
931 2022 975 2057 In

318 2076 445 2114 dativo
466 2079 515 2130 τῇ
537 2074 709 2130 Μιλήτῳ
731 2090 810 2114 non
834 2076 973 2114 haereo

318 2132 498 2186 equidem
511 2162 520 2180 ,
552 2147 642 2170 eum
661 2146 790 2170 sensus
811 2136 880 2170 sit:
918 2136 975 2171 in-

316 2192 436 2227 stituit
459 2203 489 2227 s.
521 2192 701 2228 constituit
721 2189 860 2238 Mileto,
891 2191 916 2227 i.
939 2203 973 2226 e.

317 2246 444 2285 Mileti
483 2248 636 2295 civibus,
667 2246 911 2284 democratiam
943 2259 974 2283 s.

313 2304 480 2354 populare
499 2305 692 2355 imperium.
721 2325 778 2331 ——
833 2305 877 2339 Iu
898 2303 974 2339 fine

316 2362 446 2412 capitis
477 2360 526 2397 ad
553 2362 667 2398 verba
686 2357 779 2406 τούς
802 2356 834 2399 δ’
859 2358 973 2410 ἔλαβε

316 2414 536 2468 τυράννους
556 2433 592 2456 κ.
610 2433 639 2456 τ.
659 2419 694 2455 λ.
720 2417 821 2454 conf.
838 2416 972 2453 Matth.

317 2476 384 2511 Gr.
405 2476 470 2511 Gr.
494 2476 531 2520 §.
553 2477 634 2516 292
652 2486 740 2524 pag.
763 2473 844 2515 585
868 2480 904 2510 et
925 2472 973 2509 ad

316 2533 550 2569 locutionem
581 2531 678 2581 φίλα
695 2530 905 2570 ποιέεσθαι
923 2531 971 2576 11,

318 2589 410 2630 152.

484 2678 802 2730 cap.xxxv111.

373 2753 630 2809 ἐξαγαγόντες
653 2755 914 2805 κατέλευσαν]
945 2757 970 2793 i.

317 2827 350 2850 ρ.
380 2813 444 2851 Ex
473 2815 555 2852 urbe
592 2815 752 2853 eductum
795 2814 972 2866 lapidibus

1035 1568 1234 1606 obruerunt.
1282 1568 1402 1604 Plane
1423 1565 1560 1604 eodem
1578 1564 1697 1603 modo

1033 1626 1170 1662 Noster
1203 1626 1351 1661 locutus
1383 1631 1438 1661 est
1456 1626 1486 1671 Ι,
1511 1626 1603 1665 167.
1651 1624 1697 1659 In

1035 1695 1141 1734 seqq.
1163 1680 1212 1719 ad
1240 1682 1355 1719 verba
1377 1677 1443 1727 ὥς
1475 1678 1529 1720 δὲ
1558 1678 1625 1719 καὶ
1646 1679 1696 1717 cf.

1034 1739 1080 1786 V,
1110 1741 1164 1779 30
1208 1745 1244 1775 et
1272 1737 1322 1775 ad
1353 1738 1468 1776 verba
1499 1734 1613 1776 ἄλλοι
1655 1735 1700 1776 οἱ

1034 1797 1204 1841 πλεῦνες
1224 1793 1362 1832 Matth.
1383 1795 1449 1831 Gr.
1467 1795 1533 1830 Gr.
1556 1795 1593 1839 §.
1610 1795 1695 1834 266

1033 1864 1122 1902 pag.
1139 1851 1233 1893 549.
1265 1850 1376 1897 Quod
1396 1848 1695 1898 nonnullicodd.

1032 1916 1118 1958 post
1130 1911 1298 1956 πλεῦνες
1310 1907 1456 1944 addunt
1477 1904 1625 1954 αὐτῶν,
1646 1918 1693 1943 eo

1033 1966 1100 2001 vix
1131 1978 1248 2016 opus,
1297 1978 1388 2002 cum
1407 1964 1509 2001 facili
1538 1964 1695 2014 negotio

1032 2020 1128 2058 illud
1159 2035 1207 2058 ex
1235 2023 1411 2072 proxime
1432 2020 1694 2058 antecedenti-

1031 2079 1101 2114 bus
1111 2074 1204 2124 τούς
1216 2077 1430 2127 σφετέρους
1455 2074 1588 2116 αὐτῶν
1600 2089 1694 2127 sup-

1032 2135 1127 2184 pleri
1149 2142 1274 2185 queat.
1336 2133 1460 2171 Simili
1479 2133 1595 2178 modo,
1627 2134 1692 2180 ait,

1032 2191 1100 2227 aliz·
1125 2191 1285 2241 plerique
1319 2203 1400 2227 suos
1433 2195 1601 2241 tyrannos
1635 2189 1691 2226 di·-

1031 2249 1210 2284 miserunt.
1247 2243 1326 2283 Nec
1346 2249 1467 2298 magis
1487 2260 1581 2297 opus
1602 2258 1691 2283 cum

1029 2305 1110 2341 viro
1142 2303 1252 2340 docto
1280 2304 1406 2353 legere
1445 2303 1487 2342 οἱ
1522 2305 1716 2350 πλεῦνες-

1032 2356 1162 2399 αὐταῑν
1175 2355 1418 2410 οἷπήεσαν,εο
1432 2362 1550 2397 ferme
1560 2371 1686 2397 sensu:

1024 2418 1183 2468 plerique
1199 2429 1313 2454 eorum
1331 2419 1578 2468 (tyrannorum
1587 2416 1692 2467 scil.)

1029 2473 1267 2511 discesserunt.
1306 2495 1362 2501 —
1423 2474 1486 2511 Ad
1524 2475 1685 2511 verbum

1028 2528 1272 2569 καταπαύειν
1298 2532 1401 2569 conf.-
1430 2537 1528 2569 nott.
1559 2530 1609 2568 ad
1635 2531 1687 2578 11,-

1033 2586 1127 2628 144.

1085 2640 1324 2695 στρατηγοΰς
1357 2643 1399 2684 ἐν
1431 2639 1575 2697 ἑκάστῃ
1605 2645 1686 2683 τῶν

1028 2700 1179 2739 πολίων
1188 2720 1242 2728 -
1253 2701 1513 2752 καταστῆσαι]
1525 2713 1684 2751 στρατη-

1027 2754 1123 2809 γούς
1153 2771 1229 2794 non
1251 2756 1364 2795 duces
1384 2759 1579 2810 copiarum
1593 2763 1683 2794 tau-

1028 2821 1111 2851 tum
1141 2812 1202 2851 hic
1233 2815 1425 2866 intelligo,
1462 2813 1530 2852 sed
1554 2814 1683 2865 magi-
