1834 3258
441 201 920 239 POLYMNIA.
978 201 1083 241 Vll.

127 317 340 365 Δίκαιαν,
386 308 598 366 Ἄβδηρα.
655 309 818 362 ταύτας
854 327 898 354 τε
944 310 997 367 δὴ
1039 309 1259 366 παρεξήϊε,
1318 312 1392 355 καὶ
1465 343 1494 370 ,0

126 381 236 428 κατοὶ
269 378 441 430 ταύτας,
472 380 626 435 λίμνας
656 378 900 436 ὀνομαστὰς
928 377 1080 422 τάσδε·
1125 380 1391 436 Μαρωνείης
1448 384 1461 403 ⁸

123 452 203 508 μὲν
230 448 386 506 μεταξὺ
416 448 490 492 καὶ
519 446 728 504 Στρύμης
765 448 968 504 κειμένην
995 446 1235 503 Ἰσμαρίδα·
1279 448 1391 491 κατὰ

124 519 171 563 δὲ
201 519 412 569 Δίκαιαν,
443 517 700 569 Βιστονίδα,
731 516 775 569 ἐς
801 516 882 573 τήν
909 516 1100 573 ποταμοὶ
1133 515 1214 561 δύο
1243 515 1390 560 ἐσιεῖσι

65 731 104 755 u.
124 719 237 756 Ro‘m.
265 719 336 757 VH
368 732 457 771 pag.
496 723 592 762 211.
623 723 726 760 Krii-

63 788 133 826 ger
152 774 202 813 ad
217 775 408 828 'Xenopln
439 779 606 816 Anabas.
642 780 724 829 VH,

63 835 102 881 3,
121 834 187 872 16.

118 888 330 938 Δίκαιαν]
369 892 425 926 Ita
465 905 486 927 e
525 891 722 943 Stephano

62 947 157 998 Byz.
187 960 215 984 s.
243 961 281 984 v.
300 961 340 998 Ρ.
361 950 444 988 302
464 947 723 987 exhibuerunt

60 1001 307 1054 Schweigh„
337 1003 454 1043 Gaisf.
486 1012 524 1042 et
557 1005 724 1044 Bekker.

58 1074 129 1111 pro
157 1061 262 1111 vulg.
294 1061 485 1109 Δικαίαν,
522 1061 627 1114 quod
662 1070 724 1100 te-

59 1124 225 1153 nuerunt
247 1116 442 1155 Schaefer.
469 1125 505 1155 et
524 1118 722 1158 Matthiae.

58 1175 172 1212 Novit
191 1174 363 1212 Dicaeam
385 1176 486 1212 Plin.
509 1176 535 1213 l.
556 1177 583 1214 l.
605 1178 722 1213 item-

48 1244 133 1282 tque
153 1231 296 1283 Scylax
312 1233 349 1278 §.
367 1234 420 1273 68
440 1245 530 1283 pag.
555 1236 609 1274 27
630 1246 720 1285 pag.

56 1289 137 1328 280
158 1289 269 1337 Gall„
292 1289 358 1341 qui
385 1302 505 1340 prope
524 1289 720 1328 Abderam

57 1357 137 1381 non
173 1346 290 1396 longe
328 1359 349 1382 a
399 1347 487 1382 lacu
521 1346 720 1385 Bistonide

57 1414 142 1438 eam
173 1403 346 1440 collocat.
421 1405 571 1440 Mature
608 1406 721 1456 oppi-

56 1457 151 1495 dum
187 1458 356 1497 dirutum
387 1467 496 1510 putat
529 1462 722 1500 Mannert.

55 1516 81 1554 l.
111 1516 137 1553 l.
158 1530 197 1567 Ρ.
229 1519 310 1557 213
333 1529 355 1553 a
385 1515 577 1568 Philippo,
601 1531 719 1570 quem

54 1573 166 1623 plura
186 1571 376 1610 Thraciae
395 1575 547 1611 castella
568 1574 719 1613 destru-

52 1631 153 1667 xisse
173 1631 364 1668 novimus.

97 1683 308 1739 ”Αβδηρα]
330 1689 437 1725 Unus
458 1688 552 1725 liber
572 1688 716 1725 Parisi-

53 1740 362 1797 11115”Αβδηραν.
403 1744 482 1783 Sed
493 1742 540 1784 τοὶ
555 1742 718 1796 ”Αβδη-·

54 1815 104 1850 ρα
146 1809 293 1839 veteres
332 1803 532 1852 scriptores
576 1801 715 1839 dixisse

52 1864 212 1905 constat,
240 1857 344 1895 unde
364 1860 426 1896 vel
446 1858 495 1895 ad
520 1860 715 1896 Romanos

53 1915 201 1951 transiit
217 1915 357 1952 Abdera
384 1916 530 1966 plurale
550 1928 714 1963 numenz,

55 1972 204 2009 serioris
236 1973 367 2008 aetatis
399 1974 600 2022 scriptores
638 1973 716 2008 Ab·

56 2029 164 2077 (Iera,
207 2041 261 2069 ae.
330 2028 440 2066 Conf.
473 2029 516 2067 C.
545 2030 589 2064 F.
614 2029 715 2064 Her-

53 2098 187 2123 mann.
224 2087 310 2122 loco
339 2098 433 2123 mox
460 2083 654 2122 laudando
675 2098 714 2135 p.

54 2143 135 2182 507
155 2149 235 2182 not.
260 2144 298 2181 9.
356 2145 406 2180 Et
435 2142 537 2179 conf.
568 2141 712 2181 Herod.

52 2199 134 2247 Vll,
159 2202 249 2241 126.
271 2199 370 2248 VIII,
395 2202 486 2241 120.
507 2200 612 2236 Haec
626 2199 713 2235 urbs

53 2269 171 2306 prope
225 2257 409 2293 Dicaeam
469 2255 712 2293 occidentem

52 2325 180 2350 versus
207 2313 255 2349 ad
290 2314 395 2351 Nesti
434 2314 528 2350 ostia
559 2312 711 2350 condita

53 2381 74 2404 a
103 2369 353 2407 Clazomeniis
384 2377 421 2408 et
450 2371 555 2407 Teiis
587 2367 646 2421 (ut
667 2368 714 2406 ad

52 2426 82 2467 Ι,
108 2427 187 2466 186
216 2425 466 2477 monuimus)
501 2434 632 2478 postea
665 2426 713 2463 ad

53 2494 240 2532 magnum
260 2484 575 2533 pervenitfiorem
595 2491 632 2520 et
651 2484 713 2520 vel

52 2540 317 2575 Romanorum
338 2546 460 2576 aetate
479 2539 605 2578 adhuc
626 2554 713 2577 me-

52 2602 235 2644 moratur,
256 2596 296 2631 in
315 2596 452 2646 vulgus
471 2604 562 2634 nota
581 2598 643 2635 vel
662 2598 711 2634 ob

53 2653 219 2700 incolas,
262 2652 327 2704 qui
356 2653 534 2690 stultitiae
554 2654 713 2690 nomine

53 2710 153 2747 male
184 2707 403 2746 audiebant.
468 2711 579 2746 Nunc
615 2722 714 2760 pau-

56 2778 122 2802 cae
150 2766 337 2817 reliquiae
365 2766 501 2803 veteris
532 2766 635 2802 urbis
653 2766 714 2803 lo-

1306 202 1390 242 597

783 717 856 756 cke
877 716 926 756 ad
946 717 1036 755 Mel.
1056 717 1105 764 ΙΙ,
1125 717 1196 763 2§.
1210 718 1236 758 9
1255 728 1344 767 pag.
1364 715 1442 757 134

781 783 879 814 nott.
901 787 1048 826 ,exegg.
1089 775 1279 812 Mannert.
1310 774 1337 810 l.
1357 773 1384 809 l.
1403 786 1442 824 p.

780 832 864 873 214
895 846 974 885 seq.
1005 829 1395 869 Choiseul-Gouffier.
1416 830 1442 868 l.

779 890 806 927 l.
828 891 863 925 II
883 902 972 940 pag.
996 891 1074 929 113
1096 901 1202 940 seqq.
1224 894 1261 924 et
1290 887 1442 938 potissi-

779 959 890 983 mum
912 948 954 983 C.
966 947 1008 984 F.
1022 946 1230 981 Hermann.
1247 945 1287 980 iu
1301 941 1443 982 Schul-

782 1005 869 1040 zeit.
897 1005 1005 1044 1830
1025 1015 1083 1039 nr.
1107 1004 1174 1043 63.
1197 1000 1264 1042 64.

836 1058 904 1099 καὶ
944 1055 1044 1098 κριτοὶ
1073 1054 1232 1106 ταύτας,
1268 1056 1440 1109 λίμνας]

779 1117 966 1154 Voculam
977 1114 1031 1165 δὲ,
1064 1129 1180 1168 quam
1193 1122 1280 1152 ante
1301 1115 1442 1165 λίμνας

778 1171 1002 1224 Schweigh.
1039 1180 1076 1210 et
1097 1172 1215 1210 Gaisf.
1236 1186 1257 1208 e
1278 1173 1307 1209 F
1309 1173 1441 1208 loreu-

777 1232 857 1268 tino
878 1236 1126 1281 receperunt,
1149 1228 1330 1281 equidem
1350 1241 1440 1266 cum

777 1285 946 1336 Schaef.‚
994 1285 1132 1324 Matth.
1178 1293 1215 1323 et
1257 1284 1440 1323 Bekkero

776 1346 947 1396 recipere
976 1344 1097 1382 nolui.
1155 1344 1255 1380 Nam
1286 1343 1333 1380 ab
1366 1341 1440 1380 hoc

774 1403 861 1439 loco
881 1414 972 1439 sane
993 1402 1117 1438 aliena
1134 1399 1299 1438 videtur.

831 1453 1058 1510 Ἰσμαρίδα]
1089 1458 1150 1494 Ab
1171 1456 1318 1506 Ismaro,
1340 1469 1440 1509 quae

779 1515 968 1553 Ciconum
1007 1516 1079 1552 fuit
1117 1516 1296 1566 antiquae
1331 1513 1440 1551 sedes

775 1573 822 1609 ab
863 1574 990 1624 Ulyxe
1037 1571 1230 1609 devastata
1279 1569 1437 1622 (OdySS.

773 1631 843 1677 IX,
874 1628 956 1681 40)
993 1629 1165 1681 Soymno
1210 1640 1365 1680 quoque
1402 1634 1439 1665 et

775 1685 974 1737 Stephano
1009 1686 1226 1737 Byzantiuo
1263 1697 1439 1722 comme-

774 1750 934 1793 morata,
955 1745 1084 1780 lacum
1096 1743 1282 1793 accepisse
1293 1754 1436 1777 nomen

773 1801 979 1851 probabilis
1009 1806 1064 1836 est
1091 1799 1284 1835 Mannerti
1313 1799 1438 1848 suspi-

772 1859 831 1894 cio
865 1859 889 1896 l.
918 1859 944 1896 l.
975 1869 1064 1907 pag.
1094 1858 1192 1896 212.
1250 1856 1335 1899 Quo
1368 1867 1436 1891 eo-

773 1913 863 1951 dem
882 1913 987 1950 idem
1007 1913 1122 1949 refert
1151 1909 1312 1948 Ismaron
1332 1910 1435 1961 apud

772 1971 943 2007 Plinium
955 1971 1004 2009 H.
1026 1971 1074 2008 N.
1094 1969 1159 2018 IV,
1184 1971 1232 2009 11
1266 1969 1375 2018 (18)
1397 1970 1433 2014 §.

828 2083 1042 2123 Βιστονίδα
1062 2083 1079 2131 ]
1132 2079 1314 2128 Βιστονὶς
1353 2081 1433 2119 scil.

770 2141 894 2192 λίμνη
934 2141 980 2177 ab
1012 2140 1091 2177 aliis
1122 2151 1300 2190 quoque,
1339 2145 1434 2176 teste

771 2196 1069 2249 Stephan.Byz.‚
1089 2197 1264 2234 scribitur
1275 2198 1369 2234 Βιστ
1379 2210 1434 2235 ω-

769 2255 832 2302 νὶς
854 2254 972 2307 idque
1004 2256 1133 2305 ipsum
1153 2251 1194 2289 h.
1227 2253 1254 2290 l.
1275 2253 1433 2304 praebet

771 2311 911 2349 Aldina
932 2311 1183 2352 coll‚Aristot.
1204 2311 1252 2347 H.
1275 2311 1433 2357 A.VIII,

776 2369 825 2410 15
849 2371 887 2415 §.
908 2371 948 2409 2.
1006 2368 1159 2420 Reliqui
1177 2367 1264 2404 libri
1283 2368 1323 2403 in
1344 2368 1432 2404 vul-

771 2434 857 2477 gata
888 2427 1085 2476 scriptura,
1118 2437 1236 2477 quam
1268 2423 1431 2461 eandem

769 2483 926 2534 praebet
966 2481 1097 2520 Schol.
1136 2481 1264 2532 Apoll.
1304 2479 1430 2518 Rhod.

767 2541 815 2588 11,
838 2542 934 2581 706.
957 2539 1083 2577 Strab.
1104 2539 1175 2575 Vll
1194 2537 1260 2574 fin.
1281 2538 1430 2574 Aelian.

767 2598 814 2634 N.
836 2597 884 2637 A.
905 2597 990 2643 XV,
1009 2597 1075 2637 25.
1111 2595 1276 2631 Ptolem.
1298 2595 1423 2640 111,11

769 2654 1017 2691 conveniunt.
1051 2653 1101 2689 Et
1110 2652 1192 2698 VII,
1210 2653 1229 2690 1
1239 2654 1288 2690 10
1298 2662 1430 2686 omnes

768 2710 855 2747 libri
883 2710 1093 2756 Βίστονες,
1124 2708 1191 2758 qui
1218 2707 1322 2744 lacus
1341 2712 1430 2743 sunt

771 2767 935 2814 accolae,
958 2778 1075 2817 quem
1094 2762 1206 2800 valde
1229 2770 1432 2801 extensum

56 2835 144 2860 cum
153 2821 334 2861 indicant.
366 2823 432 2862 Tu
445 2820 521 2861 vid.
537 2820 715 2860 Tzschu-
772 2824 824 2861 ait
844 2823 1038 2875 Scymnus
1059 2819 1175 2859 Chius
1196 2822 1300 2869 673,
1327 2833 1430 2858 nunc
