1834 3258
521 203 827 242 ERATO.
883 204 965 244 VI.
1296 204 1381 247 305

125 316 318 373 τιητέων·
362 310 641 356 ἀποθανοῦσι
680 313 748 364 δὲ,
786 310 898 355 τάδε.
957 309 1102 362 ἱππέες
1137 311 1382 368 περιαγγέλ-
1438 318 1511 357 buti,
1528 321 1706 351 hauddissi-

120 389 250 429 λουσι
280 380 330 424 τό
361 380 538 435 γεγονός
559 379 669 423 κατα
690 383 836 422 πᾶσαν
864 395 943 434 την
962 379 1241 435 Λακωνικήν·
1270 379 1381 425 κατὰ
1436 358 1670 421 ffiffiffimus

126 453 171 496 δὲ
195 451 275 506 τήν
303 448 431 492 πόλιν
455 453 655 503 γυναῖκες
678 450 938 500 περιιοῦσαι,
968 447 1124 503 λέβητα
1141 451 1382 501 κροτέουσι.

93 517 256 562 Ξέπεάν
285 512 348 560 ὧν
376 521 506 559 τοῦτο
537 515 709 571 γένηται
741 518 916 561 τοιοῦτο
934 545 945 563 ,
985 511 1151 570 ἀνάγκη
1173 515 1214 566 ἐξ
1245 517 1436 572 οἰκίηςὸο

123 584 302 640 ἑκάστης
339 583 598 636 ἐλευθέρους
638 582 718 626 δύο
748 583 1125 637 καταμιαίνεσθαι,
1161 582 1300 638 ἄνδρα
1328 600 1372 628 τε
1427 587 1510 632 464

121 654 194 696 καὶ
222 656 428 707 γυναῖκα·
460 651 517 707 μὴ
548 649 756 704 ποιήσασι
782 651 825 692 δὲ
844 653 996 702 τοῦτο,
1031 651 1171 704 ζημίαι
1200 651 1382 707 μεγάλαι

93 720 355 775 3ἐπικέαται.
395 719 529 774 νόμος
551 719 596 761 δὲ
611 723 724 760 τοῖσι
747 717 1128 772 Λακεδαιμονίοισι
1156 719 1264 761 κατα
1294 724 1382 763 τῶν

124 788 333 844 βασιλέων
364 786 469 837 τοὺς
499 785 722 836 θανάτους
752 785 838 828 ἐστὶ
865 784 1005 835 ώυτὸς
1032 785 1106 828 καὶ
1135 791 1245 829 τοῖσι
1275 791 1379 843 βαρ-
1423 839 1425 842 .

121 855 300 910 βάροισι
328 859 441 898 τοῖσι
473 854 518 897 ἐν
547 857 598 909 τῇ
617 852 759 909 Ἀσίῃ·
797 857 884 895 τῶν
922 851 1004 908 γὰρ
1024 861 1028 865 ’
1047 847 1435 909 ὦνβαρβάρωνὸὅ

124 925 167 966 οῖ
196 927 373 973 πλεῦνες
401 925 464 978 τῷ
494 919 612 977 αὐτῷ
643 920 763 979 νόμῳ
794 920 1002 976 χρέωνται
1031 919 1139 963 κατὰ
1168 920 1270 973 τούς
1299 928 1379 966 θα-

95 989 286 1041 4νάτους
317 995 404 1033 τῶν
442 989 666 1046 βασιλέων.
725 989 853 1031 ἐπεάν
887 987 970 1042 γὰρ
1010 986 1211 1044 ἀποθάνῃ
1251 993 1380 1044 βασι-

125 1058 226 1109 λεύς
252 1059 632 1115 Λακεδαιμονίων,
677 1055 730 1112 ἐκ,
764 1054 904 1111 πάσης
941 1057 1007 1099 δεῖ
1040 1058 1380 1112 Λακεδαίμονος,

55 1229 271 1284 ,ταῦταμὲν
286 1227 345 1280 ζω’
358 1242 448 1271 ουσ
462 1246 475 1270 ι
498 1229 595 1282 (pro
615 1229 722 1278 vulg.

68 1291 192 1337 ζωσι)
238 1295 340 1328 τοῖσι
373 1289 577 1340 βασιλεῦσι
616 1294 653 1323 et
681 1289 723 1321 iu

36 1388 42 1392 ‘
68 1359 174 1397 seqq.
195 1340 334 1384 τωῦτω
355 1341 480 1400 νόμω.
521 1344 670 1380 Panlo
661 1356 725 1378 n]-

67 1403 182 1439 serius
209 1417 256 1440 τα
285 1401 441 1453 μέτωπα
478 1403 616 1439 omittit
637 1412 726 1437 cum

69 1460 162 1496 aliis.
206 1458 269 1495 Ad
289 1471 398 1496 voces
419 1458 461 1498 ἐκ
487 1460 560 1498 τοῦ
585 1457 728 1496 κοινοῦ

54 1516 168 1554 .c0nf.
185 1522 281 1552 nott.
302 1514 350 1552 ad
372 1515 413 1562 V,
428 1517 583 1555 109.—-
603 1515 726 1552 ταῦτα

57 1571 131 1619 *hic
166 1572 215 1610 ad
249 1571 511 1608 antecedentia
549 1572 723 1621 pertinet,

66 1626 162 1669 τάδε
182 1628 230 1665 ad
249 1629 458 1681 sequentia,
478 1634 520 1664 ut
544 1629 606 1674 vl,
628 1627 694 1667 53.

122 1684 266 1736 λέβητα
308 1683 540 1737 κροτέουσι]
599 1681 721 1720 Codd.

69 1742 225 1795 quidem
258 1740 447 1794 λέβητας-ς
477 1753 552 1793 quo
592 1747 724 1777 tamen

69 1801 136 1845 vix
156 1812 262 1849 opus.
308 1798 488 1834 Eundem
514 1810 664 1834 morem
683 1798 724 1831 iu

68 1869 159 1906 rege
191 1856 379 1891 Laconico
417 1861 569 1890 mortuo
603 1854 726 1902 attigit

72 1911 204 1949 Schol.
226 1910 422 1947 Theocrit.
442 1912 490 1957 II,
522 1911 588 1949 36.
647 1910 724 1945 Pro

70 1969 227 2020 γίνηται
247 1995 257 2014 ,
306 1965 409 2018 quod
457 1963 650 2003 Schaefer.
690 1971 727 2000 et

71 2022 206 2060 Matth.
236 2024 420 2069 retinent,
452 2021 539 2058 dedi
567 2021 727 2074 γένηται

48 2080 175 2133 'quod
203 2081 440 2116 Florentinus
472 2085 585 2130 atque
624 2078 724 2114 San-

70 2138 182 2174 crofti
200 2137 295 2172 liber
303 2136 540 2185 suggerebat.
561 2136 605 2170 In
617 2146 722 2185 seqq.

68 2194 184 2232 verbo
203 2195 532 2243 καταμιαίνεσθαι
543 2192 585 2239 (i.
599 2204 629 2226 e.
644 2203 724 2227 con-

68 2252 265 2299 taminari)
292 2251 359 2291 vix
388 2247 491 2284 aliud
511 2247 722 2300 quidquam

70 2314 183 2359 atque.
202 2307 316 2343 luctus
333 2304 543 2352 indicatur3
572 2311 613 2340 ut
631 2316 721 2340 sane

70 2364 200 2410 mirari
218 2363 349 2399 subeat
364 2391 374 2410 ,
403 2363 444 2398 in
463 2374 551 2411 rege
571 2367 721 2397 mortuo

69 2421 160 2458 talia
179 2420 282 2466 fieri,
312 2431 408 2470 quae
428 2419 468 2454 in
488 2419 722 2468 privatorum

68 2477 176 2514 luctu
221 2488 369 2526 prorsus
415 2473 556 2511 indicta
604 2481 724 2511 erant.

69 2535 174 2570 Bene
205 2531 253 2568 ad
282 2530 321 2567 h.
340 2532 366 2567 l.
395 2529 724 2580 Schweighaeus.:

71 2592 196 2638 „Nota
237 2590 498 2624 Romanorum
536 2587 722 2624 formula.

72 2646 170 2684 luctu
191 2644 368 2695 squalere,
398 2645 437 2680 in
460 2643 555 2680 luctu
575 2647 607 2680 et
617 2657 724 2693 squa-

73 2702 141 2740 lore
186 2715 267 2739 esse.
323 2701 457 2737 Nescio
496 2712 544 2735 an
587 2699 724 2736 eodem

73 2760 284 2809 pertineant
315 2757 356 2796 οἷ
373 2754 558 2807 μιασμοὶ,
590 2757 724 2808 quibus

71 2815 110 2852 in
139 2818 370 2866 privatorum
397 2811 600 2850 hominum
619 2812 726 2851 obitu

128 2872 348 2910 HERODOT.
368 2871 436 2909 111.

778 1227 963 1265 abstinere
984 1225 1182 1280 Spartani,
1221 1242 1269 1266 ex
1287 1226 1438 1282 Lycur-⁶

779 1287 817 1336 gi
846 1286 1014 1335 legibus,
1064 1284 1296 1334 debuerunt,
1335 1288 1438 1324 refe-

778 1350 884 1379 rente
896 1341 1120 1379 Plutarcho
1110 1356 1148 1378 ln
1161 1342 1338 1380 Iustitutt.
1357 1345 1438 1381 La-·-

782 1412 894 1436 conn.
916 1413 954 1450 p.
975 1401 1055 1439 238
1076 1401 1123 1435 D.
1129 1400 1152 1419 “
1173 1401 1300 1436 ——In
1316 1414 1438 1465 seqq.

783 1454 871 1493 dedi
891 1455 1082 1507 βασιλέων
1093 1469 1162 1507 pro
1183 1452 1386 1507 βασιλήων
1399 1463 1438 1495 et

780 1515 837 1567 τῷ
866 1508 971 1566 αύτῷ
1017 1525 1086 1562 pro
1130 1508 1287 1567 τωῦτῷ,
1333 1513 1439 1565 quod

781 1554 988 1616 Schaefer„
1019 1567 1155 1606 Matth.
1193 1576 1230 1606 et
1266 1568 1439 1613 Bekker.

778 1629 1025 1674 retinuerunt,
1048 1632 1085 1663 et
1102 1625 1202 1662 infra
1221 1621 1352 1666 αὐτων
1367 1640 1438 1680 pro

781 1680 947 1724 αὐτέων.

836 1739 878 1779 ἐκ
899 1734 1031 1791 πάσης
1051 1736 1440 1790 δεῖ”Λακεδαι’μονος

779 1812 816 1836 κ.
847 1811 879 1834 τ.
902 1797 966 1845 λ.]
1025 1797 1125 1844 „Sic
1156 1798 1225 1832 ista
1255 1795 1439 1846 capienda

779 1852 929 1889 iudico:
964 1865 1099 1904 pecesse
1121 1856 1171 1888 est
1202 1855 1264 1899 ut,
1296 1856 1440 1901 praeter

783 1910 993 1959 Spartiatas
1007 1936 1018 1955 ,
1031 1908 1146 1958 funus
1167 1908 1221 1944 vel
1245 1910 1354 1957 irgvt'ti
1378 1922 1438 1945 co-

779 1969 943 2002 mitentur
961 1968 1153 2001 ceterarum
1167 1965 1306 2001 urbium
1315 1963 1440 2002 Laco-

780 2024 941 2058 nicarum
954 2020 1089 2058 incolae
1101 2025 1193 2058 certo
1212 2033 1364 2057 numero.
1379 2042 1439 2050 —-

781 2072 943 2132 ἆριθμῷ
971 2078 1156 2127 siguificat
1176 2080 1266 2114 certo
1299 2089 1437 2114 numero

779 2135 841 2172 vel
867 2135 1022 2185 definito.
1060 2135 1217 2170 Luciam.
1243 2133 1294 2169 T.
1322 2133 1376 2169 III
1395 2147 1438 2185 p.

779 2194 873 2231 302.
894 2192 944 2228 Τ
964 2192 1027 2241 ΙΡ.
1050 2188 1143 2236 750,
1166 2188 1233 2230 57.
1253 2188 1437 2245 Thucyd.

776 2249 949 2294 11‚72.“
988 2245 1204 2284 Valcken.
1241 2236 1436 2297 Equidem

773 2305 892 2355 iungo
913 2319 994 2343 των
1014 2318 1061 2342 πε
1065 2302 1228 2354 οιοίκων
1258 2298 1438 2355 ἀναγκα-

778 2373 916 2408 στους,
962 2368 1005 2397 ut
1033 2363 1167 2398 coaetos
1197 2358 1384 2411 quosdam
1411 2371 1435 2396 e

777 2418 959 2468 perioecis
988 2429 1107 2466 eosque
1127 2419 1217 2453 certo
1243 2429 1286 2452 ac
1310 2415 1436 2466 defini-

778 2479 812 2510 to
831 2487 992 2510 numero
1013 2474 1141 2510 adesse
1175 2468 1346 2509 debuisse
1367 2485 1437 2509 co-

779 2533 956 2581 gitemus.
1014 2531 1148 2581 Neque
1177 2530 1281 2565 enim
1310 2529 1436 2579 placet

779 2588 949 2625 Werferi
964 2587 1057 2623 ratio
1078 2588 1197 2635 (Actt.
1217 2583 1325 2635 phili.
1345 2585 1436 2620 Mo-

778 2657 884 2682 nacc.
915 2646 933 2680 I
959 2657 997 2694 p.
1025 2641 1107 2684 240
1136 2642 1261 2693 seqq.)
1291 2640 1432 2689 geniti-

778 2714 871 2739 vum
899 2702 978 2739 τῶν
1007 2698 1221 2750 περιοίκων
1253 2696 1301 2733 ad
1329 2691 1432 2734 ἅνα-

777 2769 970 2809 γκαστους
981 2756 1110 2792 referri
1126 2767 1233 2805 posse
1246 2752 1431 2802 negantis,

777 2826 849 2852 nec
868 2813 990 2864 magis
1008 2809 1188 2849 accedam
1207 2810 1250 2849 C.
1272 2809 1430 2848 &Min-

1103 2866 1158 2908 20
