<?xml version="1.0" encoding="UTF-8"?>
<!DOCTYPE html PUBLIC "-//W3C//DTD XHTML 1.0 Transitional//EN"
    "http://www.w3.org/TR/xhtml1/DTD/xhtml1-transitional.dtd">
<html xmlns="http://www.w3.org/1999/xhtml" xml:lang="en" lang="en">
 <head>
  <title>
</title>
<meta http-equiv="Content-Type" content="text/html;charset=utf-8" />
  <meta name='ocr-system' content='tesseract 3.04.00' />
  <meta name='ocr-capabilities' content='ocr_page ocr_carea ocr_par ocr_line ocrx_word'/>
</head>
<body>
  <div class='ocr_page' id='page_1' title='image "./musaeherodoto03hero/musaeherodoto03hero_0111.png"; bbox 0 0 1870 3249; ppageno 0'>
   <div class='ocr_carea' id='block_1_1' title="bbox 400 174 1152 212">
    <p class='ocr_par' dir='ltr' id='par_1_1' title="bbox 400 174 1152 212">
     <span class='ocr_line' id='line_1_1' title="bbox 400 174 1152 212; baseline -0.003 0"><span class='ocrx_word' id='word_1_1' title='bbox 400 174 1048 212; x_wconf 81' lang='lat' dir='ltr'><strong>TERPSICHORE.</strong></span> <span class='ocrx_word' id='word_1_2' title='bbox 1107 174 1152 210; x_wconf 88' lang='lat' dir='ltr'><strong>V.</strong></span> 
     </span>
    </p>
   </div>
   <div class='ocr_carea' id='block_1_2' title="bbox 1325 175 1409 213">
    <p class='ocr_par' dir='ltr' id='par_1_2' title="bbox 1325 175 1409 213">
     <span class='ocr_line' id='line_1_2' title="bbox 1325 175 1409 213; baseline 0 0"><span class='ocrx_word' id='word_1_3' title='bbox 1325 175 1409 213; x_wconf 77' lang='lat'><strong>1⁰3</strong></span> 
     </span>
    </p>
   </div>
   <div class='ocr_carea' id='block_1_3' title="bbox 116 280 1465 610">
    <p class='ocr_par' dir='ltr' id='par_1_3' title="bbox 116 280 1465 610">
     <span class='ocr_line' id='line_1_3' title="bbox 146 280 1407 339; baseline -0.002 -12"><span class='ocrx_word' id='word_1_4' title='bbox 146 285 235 327; x_wconf 73' lang='grc' dir='ltr'><em>πᾶν</em></span> <span class='ocrx_word' id='word_1_5' title='bbox 262 280 327 326; x_wconf 81' lang='grc' dir='ltr'><strong>ἐπὶ</strong></span> <span class='ocrx_word' id='word_1_6' title='bbox 355 286 468 326; x_wconf 89' lang='grc' dir='ltr'><em>τοῖσι</em></span> <span class='ocrx_word' id='word_1_7' title='bbox 513 283 895 339; x_wconf 80' lang='grc' dir='ltr'><em>Πεισιστρατίδῃσι</em></span> <span class='ocrx_word' id='word_1_8' title='bbox 933 280 1259 338; x_wconf 72' lang='grc' dir='ltr'><em>μηχανώμενοι,</em></span> <span class='ocrx_word' id='word_1_9' title='bbox 1297 280 1407 336; x_wconf 83' lang='grc' dir='ltr'><em>παρ’</em></span> 
     </span>
     <span class='ocr_line' id='line_1_4' title="bbox 143 349 1407 406; baseline -0.002 -11"><span class='ocrx_word' id='word_1_10' title='bbox 143 349 466 406; x_wconf 78' lang='grc' dir='ltr'><em>Ἀμφικτυόνων</em></span> <span class='ocrx_word' id='word_1_11' title='bbox 494 349 572 394; x_wconf 83' lang='grc' dir='ltr'><em>τὸν</em></span> <span class='ocrx_word' id='word_1_12' title='bbox 590 350 702 405; x_wconf 86' lang='grc' dir='ltr'><em>νηὸν</em></span> <span class='ocrx_word' id='word_1_13' title='bbox 727 353 990 405; x_wconf 84' lang='grc' dir='ltr'><em>μισθοῦνται</em></span> <span class='ocrx_word' id='word_1_14' title='bbox 1011 349 1091 393; x_wconf 81' lang='grc' dir='ltr'><em>τόν</em></span> <span class='ocrx_word' id='word_1_15' title='bbox 1115 350 1161 394; x_wconf 80' lang='grc' dir='ltr'><em>ἐν</em></span> <span class='ocrx_word' id='word_1_16' title='bbox 1181 354 1407 404; x_wconf 83' lang='grc' dir='ltr'><em>Δελφοῖσι,</em></span> 
     </span>
     <span class='ocr_line' id='line_1_5' title="bbox 150 417 1407 473; baseline -0.002 -10"><span class='ocrx_word' id='word_1_17' title='bbox 150 418 227 463; x_wconf 82' lang='grc' dir='ltr'><em>τὸν</em></span> <span class='ocrx_word' id='word_1_18' title='bbox 254 422 338 461; x_wconf 83' lang='grc' dir='ltr'><strong>νῦν</strong></span> <span class='ocrx_word' id='word_1_19' title='bbox 366 417 520 467; x_wconf 77' lang='grc' dir='ltr'><em>ἐόντα,</em></span> <span class='ocrx_word' id='word_1_20' title='bbox 559 418 656 461; x_wconf 85' lang='grc' dir='ltr'><em>τότε</em></span> <span class='ocrx_word' id='word_1_21' title='bbox 687 417 733 461; x_wconf 81' lang='grc' dir='ltr'><strong>δὲ</strong></span> <span class='ocrx_word' id='word_1_22' title='bbox 763 417 905 470; x_wconf 77' lang='grc' dir='ltr'><em>οὔκω,</em></span> <span class='ocrx_word' id='word_1_23' title='bbox 939 421 1102 463; x_wconf 80' lang='grc' dir='ltr'><em>,τοῦτον</em></span> <span class='ocrx_word' id='word_1_24' title='bbox 1130 417 1407 473; x_wconf 79' lang='grc' dir='ltr'><em>ἐξοικοδομῆ-</em></span> 
     </span>
     <span class='ocr_line' id='line_1_6' title="bbox 116 481 1408 543; baseline -0.001 -15"><span class='ocrx_word' id='word_1_25' title='bbox 116 493 238 540; x_wconf 83' lang='grc' dir='ltr'><em>3σαι,</em></span> <span class='ocrx_word' id='word_1_26' title='bbox 278 484 350 530; x_wconf 87' lang='grc' dir='ltr'><strong>οἶα</strong></span> <span class='ocrx_word' id='word_1_27' title='bbox 391 486 436 530; x_wconf 83' lang='grc' dir='ltr'><strong>δὲ</strong></span> <span class='ocrx_word' id='word_1_28' title='bbox 473 485 706 542; x_wconf 82' lang='grc' dir='ltr'><em>χρημάτων</em></span> <span class='ocrx_word' id='word_1_29' title='bbox 735 481 784 530; x_wconf 80' lang='grc' dir='ltr'><strong>εὖ</strong></span> <span class='ocrx_word' id='word_1_30' title='bbox 812 485 1014 543; x_wconf 83' lang='grc' dir='ltr'><em>ἥκοντες,</em></span> <span class='ocrx_word' id='word_1_31' title='bbox 1055 486 1129 529; x_wconf 84' lang='grc' dir='ltr'><strong>καὶ</strong></span> <span class='ocrx_word' id='word_1_32' title='bbox 1157 484 1299 536; x_wconf 84' lang='grc' dir='ltr'><em>ἐόντες</em></span> <span class='ocrx_word' id='word_1_33' title='bbox 1329 484 1408 527; x_wconf 84' lang='grc' dir='ltr'><em>ἄν-</em></span> 
     </span>
     <span class='ocr_line' id='line_1_7' title="bbox 141 552 1465 610; baseline -0.003 -12"><span class='ocrx_word' id='word_1_34' title='bbox 141 556 239 609; x_wconf 76' lang='grc' dir='ltr'><strong>δρες</strong></span> <span class='ocrx_word' id='word_1_35' title='bbox 270 552 445 610; x_wconf 80' lang='grc' dir='ltr'><em>δόκιμοι</em></span> <span class='ocrx_word' id='word_1_36' title='bbox 466 553 683 599; x_wconf 78' lang='grc' dir='ltr'><em>ἀνέκαθεν</em></span> <span class='ocrx_word' id='word_1_37' title='bbox 711 555 792 605; x_wconf 79' lang='grc' dir='ltr'><em>ἔτι,</em></span> <span class='ocrx_word' id='word_1_38' title='bbox 815 552 894 599; x_wconf 87' lang='grc' dir='ltr'><em>τόν</em></span> <span class='ocrx_word' id='word_1_39' title='bbox 912 569 957 597; x_wconf 80' lang='grc' dir='ltr'><strong>τε</strong></span> <span class='ocrx_word' id='word_1_40' title='bbox 986 552 1096 609; x_wconf 88' lang='grc' dir='ltr'><strong>νηόν</strong></span> <span class='ocrx_word' id='word_1_41' title='bbox 1122 552 1407 609; x_wconf 77' lang='grc' dir='ltr'><em>ἐξεργάσαντο</em></span> <span class='ocrx_word' id='word_1_42' title='bbox 1420 560 1465 594; x_wconf 83' lang='grc'><strong>55</strong></span> 
     </span>
    </p>
   </div>
   <div class='ocr_carea' id='block_1_4' title="bbox 87 677 324 682">
    <p class='ocr_par' dir='ltr' id='par_1_4' title="bbox 87 677 324 682">
     <span class='ocr_line' id='line_1_8' title="bbox 87 677 324 682; baseline 0 0"><span class='ocrx_word' id='word_1_43' title='bbox 87 677 324 682; x_wconf 95' lang='lat' dir='ltr'><strong> </strong></span> 
     </span>
    </p>
   </div>
   <div class='ocr_carea' id='block_1_5' title="bbox 36 751 744 1878">
    <p class='ocr_par' dir='ltr' id='par_1_5' title="bbox 36 751 744 1878">
     <span class='ocr_line' id='line_1_9' title="bbox 84 751 742 802; baseline 0.002 -15"><span class='ocrx_word' id='word_1_44' title='bbox 84 752 204 788; x_wconf 76' lang='lat' dir='ltr'><strong>Kruse</strong></span> <span class='ocrx_word' id='word_1_45' title='bbox 224 752 351 788; x_wconf 86' lang='lat' dir='ltr'><strong>Hellas</strong></span> <span class='ocrx_word' id='word_1_46' title='bbox 369 752 418 799; x_wconf 82' lang='grc' dir='ltr'><strong>Π,</strong></span> <span class='ocrx_word' id='word_1_47' title='bbox 452 754 471 792; x_wconf 87' lang='grc'><strong>1</strong></span> <span class='ocrx_word' id='word_1_48' title='bbox 494 764 583 802; x_wconf 81' lang='lat' dir='ltr'><strong>pag.</strong></span> <span class='ocrx_word' id='word_1_49' title='bbox 605 754 645 799; x_wconf 80' lang='lat'><strong>7,</strong></span> <span class='ocrx_word' id='word_1_50' title='bbox 675 751 742 788; x_wconf 86' lang='lat' dir='ltr'><strong>ubi</strong></span> 
     </span>
     <span class='ocr_line' id='line_1_10' title="bbox 83 806 740 858; baseline -0.002 -13"><span class='ocrx_word' id='word_1_51' title='bbox 83 806 161 848; x_wconf 82' lang='lat' dir='ltr'><strong>vid.</strong></span> <span class='ocrx_word' id='word_1_52' title='bbox 191 809 314 858; x_wconf 88' lang='lat' dir='ltr'><strong>plura.</strong></span> <span class='ocrx_word' id='word_1_53' title='bbox 380 809 432 845; x_wconf 88' lang='lat' dir='ltr'><strong>At</strong></span> <span class='ocrx_word' id='word_1_54' title='bbox 463 809 503 844; x_wconf 88' lang='lat' dir='ltr'><strong>in</strong></span> <span class='ocrx_word' id='word_1_55' title='bbox 543 807 740 846; x_wconf 83' lang='lat' dir='ltr'>Herodoto</span> 
     </span>
     <span class='ocr_line' id='line_1_11' title="bbox 82 864 741 914; baseline 0 -13"><span class='ocrx_word' id='word_1_56' title='bbox 82 864 259 914; x_wconf 75' lang='lat' dir='ltr'>vulgatae</span> <span class='ocrx_word' id='word_1_57' title='bbox 289 865 443 901; x_wconf 88' lang='lat' dir='ltr'><strong>lectioni</strong></span> <span class='ocrx_word' id='word_1_58' title='bbox 472 864 650 902; x_wconf 79' lang='lat' dir='ltr'><strong>codicum</strong></span> <span class='ocrx_word' id='word_1_59' title='bbox 670 878 741 901; x_wconf 88' lang='lat' dir='ltr'><strong>au-</strong></span> 
     </span>
     <span class='ocr_line' id='line_1_12' title="bbox 84 922 743 973; baseline 0.002 -16"><span class='ocrx_word' id='word_1_60' title='bbox 84 922 257 958; x_wconf 84' lang='lat' dir='ltr'><strong>ctoritate</strong></span> <span class='ocrx_word' id='word_1_61' title='bbox 289 922 469 972; x_wconf 79' lang='lat' dir='ltr'><strong>probatae</strong></span> <span class='ocrx_word' id='word_1_62' title='bbox 498 925 582 959; x_wconf 87' lang='lat' dir='ltr'><strong>iure</strong></span> <span class='ocrx_word' id='word_1_63' title='bbox 610 929 743 973; x_wconf 84' lang='lat' dir='ltr'><strong>patro-</strong></span> 
     </span>
     <span class='ocr_line' id='line_1_13' title="bbox 83 977 742 1027; baseline 0.002 -13"><span class='ocrx_word' id='word_1_64' title='bbox 83 977 201 1015; x_wconf 84' lang='lat' dir='ltr'><strong>cinari</strong></span> <span class='ocrx_word' id='word_1_65' title='bbox 229 977 379 1015; x_wconf 78' lang='lat' dir='ltr'><strong>videtur</strong></span> <span class='ocrx_word' id='word_1_66' title='bbox 407 977 639 1027; x_wconf 85' lang='lat' dir='ltr'><strong>Larcherus,</strong></span> <span class='ocrx_word' id='word_1_67' title='bbox 671 979 742 1015; x_wconf 93' lang='lat' dir='ltr'><strong>ob-</strong></span> 
     </span>
     <span class='ocr_line' id='line_1_14' title="bbox 82 1036 743 1082; baseline 0.005 -12"><span class='ocrx_word' id='word_1_68' title='bbox 82 1047 235 1071; x_wconf 82' lang='lat' dir='ltr'><strong>servans</strong></span> <span class='ocrx_word' id='word_1_69' title='bbox 279 1036 502 1082; x_wconf 81' lang='grc' dir='ltr'><em>Παιονίδας</em></span> <span class='ocrx_word' id='word_1_70' title='bbox 544 1049 574 1073; x_wconf 78' lang='grc' dir='ltr'><strong>ε.</strong></span> <span class='ocrx_word' id='word_1_71' title='bbox 615 1037 743 1073; x_wconf 73' lang='grc' dir='ltr'><em>Παιο-</em></span> 
     </span>
     <span class='ocr_line' id='line_1_15' title="bbox 81 1090 744 1130; baseline -0.005 0"><span class='ocrx_word' id='word_1_72' title='bbox 81 1091 176 1130; x_wconf 84' lang='grc' dir='ltr'><em>νίαν</em></span> <span class='ocrx_word' id='word_1_73' title='bbox 203 1092 365 1128; x_wconf 82' lang='lat' dir='ltr'><strong>inveniri</strong></span> <span class='ocrx_word' id='word_1_74' title='bbox 396 1090 552 1128; x_wconf 86' lang='lat' dir='ltr'><strong>demum</strong></span> <span class='ocrx_word' id='word_1_75' title='bbox 572 1092 744 1128; x_wconf 81' lang='lat' dir='ltr'><strong>Atticum</strong></span> 
     </span>
     <span class='ocr_line' id='line_1_16' title="bbox 82 1146 742 1185; baseline 0.002 -2"><span class='ocrx_word' id='word_1_76' title='bbox 82 1146 132 1184; x_wconf 87' lang='lat' dir='ltr'><strong>ad</strong></span> <span class='ocrx_word' id='word_1_77' title='bbox 169 1147 369 1185; x_wconf 86' lang='lat' dir='ltr'><strong>Parnethis</strong></span> <span class='ocrx_word' id='word_1_78' title='bbox 408 1150 548 1185; x_wconf 87' lang='lat' dir='ltr'><strong>montis</strong></span> <span class='ocrx_word' id='word_1_79' title='bbox 597 1147 742 1185; x_wconf 82' lang='lat' dir='ltr'><strong>radices</strong></span> 
     </span>
     <span class='ocr_line' id='line_1_17' title="bbox 80 1203 743 1255; baseline 0.002 -15"><span class='ocrx_word' id='word_1_80' title='bbox 80 1204 216 1252; x_wconf 84' lang='lat' dir='ltr'><strong>situm,</strong></span> <span class='ocrx_word' id='word_1_81' title='bbox 245 1217 324 1241; x_wconf 86' lang='lat' dir='ltr'><strong>non</strong></span> <span class='ocrx_word' id='word_1_82' title='bbox 351 1206 485 1255; x_wconf 87' lang='lat' dir='ltr'><strong>procul</strong></span> <span class='ocrx_word' id='word_1_83' title='bbox 515 1205 561 1241; x_wconf 89' lang='lat' dir='ltr'><strong>ab</strong></span> <span class='ocrx_word' id='word_1_84' title='bbox 590 1203 743 1242; x_wconf 85' lang='lat' dir='ltr'><strong>Achar-</strong></span> 
     </span>
     <span class='ocr_line' id='line_1_18' title="bbox 36 1261 742 1313; baseline 0.001 -16"><span class='ocrx_word' id='word_1_85' title='bbox 36 1262 42 1267; x_wconf 71' lang='lat'><strong><em>‘</em></strong></span> <span class='ocrx_word' id='word_1_86' title='bbox 80 1261 138 1297; x_wconf 81' lang='lat' dir='ltr'><strong>nis</strong></span> <span class='ocrx_word' id='word_1_87' title='bbox 157 1274 202 1297; x_wconf 88' lang='lat' dir='ltr'><strong>eo</strong></span> <span class='ocrx_word' id='word_1_88' title='bbox 221 1261 300 1298; x_wconf 88' lang='lat' dir='ltr'><strong>fere</strong></span> <span class='ocrx_word' id='word_1_89' title='bbox 319 1262 405 1298; x_wconf 91' lang='lat' dir='ltr'><strong>loco</strong></span> <span class='ocrx_word' id='word_1_90' title='bbox 419 1291 428 1309; x_wconf 90' lang='lat'>,</span> <span class='ocrx_word' id='word_1_91' title='bbox 460 1275 536 1313; x_wconf 92' lang='lat' dir='ltr'><strong>quo</strong></span> <span class='ocrx_word' id='word_1_92' title='bbox 557 1275 660 1299; x_wconf 88' lang='lat' dir='ltr'><strong>nunc</strong></span> <span class='ocrx_word' id='word_1_93' title='bbox 681 1262 742 1298; x_wconf 88' lang='lat' dir='ltr'><strong>vi·—</strong></span> 
     </span>
     <span class='ocr_line' id='line_1_19' title="bbox 81 1316 741 1370; baseline 0.005 -17"><span class='ocrx_word' id='word_1_94' title='bbox 81 1329 172 1353; x_wconf 87' lang='lat' dir='ltr'><strong>cum</strong></span> <span class='ocrx_word' id='word_1_95' title='bbox 191 1316 342 1365; x_wconf 77' lang='lat' dir='ltr'><strong>Menidi,</strong></span> <span class='ocrx_word' id='word_1_96' title='bbox 364 1331 480 1370; x_wconf 89' lang='lat' dir='ltr'><strong>quem</strong></span> <span class='ocrx_word' id='word_1_97' title='bbox 499 1320 626 1369; x_wconf 88' lang='lat' dir='ltr'><strong>ipsum</strong></span> <span class='ocrx_word' id='word_1_98' title='bbox 647 1319 741 1356; x_wconf 85' lang='lat' dir='ltr'><strong>Gel-</strong></span> 
     </span>
     <span class='ocr_line' id='line_1_20' title="bbox 81 1373 741 1425; baseline 0.005 -16"><span class='ocrx_word' id='word_1_99' title='bbox 81 1373 154 1410; x_wconf 88' lang='lat' dir='ltr'>lius</span> <span class='ocrx_word' id='word_1_100' title='bbox 171 1387 241 1425; x_wconf 93' lang='lat' dir='ltr'><strong>pro</strong></span> <span class='ocrx_word' id='word_1_101' title='bbox 271 1381 444 1412; x_wconf 83' lang='lat' dir='ltr'><strong>veterum</strong></span> <span class='ocrx_word' id='word_1_102' title='bbox 461 1374 647 1412; x_wconf 86' lang='lat' dir='ltr'><strong>Acharnis</strong></span> <span class='ocrx_word' id='word_1_103' title='bbox 667 1374 741 1412; x_wconf 86' lang='lat' dir='ltr'><strong>ha-</strong></span> 
     </span>
     <span class='ocr_line' id='line_1_21' title="bbox 82 1430 739 1479; baseline 0.005 -13"><span class='ocrx_word' id='word_1_104' title='bbox 82 1430 164 1466; x_wconf 89' lang='lat' dir='ltr'><strong>beri</strong></span> <span class='ocrx_word' id='word_1_105' title='bbox 192 1431 332 1479; x_wconf 85' lang='lat' dir='ltr'><strong>voluit,</strong></span> <span class='ocrx_word' id='word_1_106' title='bbox 367 1432 574 1479; x_wconf 82' lang='lat' dir='ltr'><strong>collocant3</strong></span> <span class='ocrx_word' id='word_1_107' title='bbox 612 1433 666 1469; x_wconf 83' lang='lat' dir='ltr'><strong>ita</strong></span> <span class='ocrx_word' id='word_1_108' title='bbox 696 1439 739 1469; x_wconf 91' lang='lat' dir='ltr'><strong>ut</strong></span> 
     </span>
     <span class='ocr_line' id='line_1_22' title="bbox 80 1485 740 1537; baseline 0.005 -14"><span class='ocrx_word' id='word_1_109' title='bbox 80 1499 193 1537; x_wconf 87' lang='lat' dir='ltr'><strong>supra</strong></span> <span class='ocrx_word' id='word_1_110' title='bbox 218 1485 322 1525; x_wconf 79' lang='lat' dir='ltr'><strong>hunc</strong></span> <span class='ocrx_word' id='word_1_111' title='bbox 357 1487 639 1526; x_wconf 87' lang='lat' dir='ltr'><strong>Paeonidarum</strong></span> <span class='ocrx_word' id='word_1_112' title='bbox 669 1488 740 1526; x_wconf 90' lang='lat' dir='ltr'><strong>de-</strong></span> 
     </span>
     <span class='ocr_line' id='line_1_23' title="bbox 79 1543 740 1596; baseline 0.006 -17"><span class='ocrx_word' id='word_1_113' title='bbox 79 1555 189 1580; x_wconf 88' lang='lat' dir='ltr'><strong>mum</strong></span> <span class='ocrx_word' id='word_1_114' title='bbox 198 1543 445 1596; x_wconf 87' lang='lat' dir='ltr'><strong>Lipsydrium</strong></span> <span class='ocrx_word' id='word_1_115' title='bbox 459 1545 656 1583; x_wconf 86' lang='lat' dir='ltr'><strong>castellum</strong></span> <span class='ocrx_word' id='word_1_116' title='bbox 669 1559 740 1583; x_wconf 86' lang='lat' dir='ltr'><strong>ex-</strong></span> 
     </span>
     <span class='ocr_line' id='line_1_24' title="bbox 78 1601 738 1653; baseline 0.006 -17"><span class='ocrx_word' id='word_1_117' title='bbox 78 1605 266 1637; x_wconf 81' lang='lat' dir='ltr'><strong>structum</strong></span> <span class='ocrx_word' id='word_1_118' title='bbox 301 1601 440 1649; x_wconf 83' lang='lat' dir='ltr'><strong>fuerit,</strong></span> <span class='ocrx_word' id='word_1_119' title='bbox 480 1603 624 1653; x_wconf 77' lang='lat' dir='ltr'><strong>optime</strong></span> <span class='ocrx_word' id='word_1_120' title='bbox 665 1601 738 1640; x_wconf 91' lang='lat' dir='ltr'><strong>do-</strong></span> 
     </span>
     <span class='ocr_line' id='line_1_25' title="bbox 79 1658 736 1711; baseline 0.006 -19"><span class='ocrx_word' id='word_1_121' title='bbox 79 1663 188 1694; x_wconf 80' lang='lat' dir='ltr'>cente</span> <span class='ocrx_word' id='word_1_122' title='bbox 200 1659 321 1707; x_wconf 87' lang='lat' dir='ltr'><strong>Kruse</strong></span> <span class='ocrx_word' id='word_1_123' title='bbox 341 1658 367 1694; x_wconf 91' lang='lat' dir='ltr'><strong>l.</strong></span> <span class='ocrx_word' id='word_1_124' title='bbox 390 1658 416 1695; x_wconf 93' lang='lat' dir='ltr'><strong>l.</strong></span> <span class='ocrx_word' id='word_1_125' title='bbox 436 1659 484 1706; x_wconf 89' lang='lat' dir='ltr'><strong>H,</strong></span> <span class='ocrx_word' id='word_1_126' title='bbox 509 1661 528 1698; x_wconf 91' lang='lat'>1</span> <span class='ocrx_word' id='word_1_127' title='bbox 552 1672 641 1711; x_wconf 86' lang='lat' dir='ltr'><strong>pag.</strong></span> <span class='ocrx_word' id='word_1_128' title='bbox 654 1661 736 1701; x_wconf 85' lang='grc'><strong>288</strong></span> 
     </span>
     <span class='ocr_line' id='line_1_26' title="bbox 78 1714 736 1761; baseline 0.005 -12"><span class='ocrx_word' id='word_1_129' title='bbox 78 1714 165 1750; x_wconf 89' lang='lat' dir='ltr'><strong>coll.</strong></span> <span class='ocrx_word' id='word_1_130' title='bbox 196 1716 290 1755; x_wconf 89' lang='grc'><strong>287.</strong></span> <span class='ocrx_word' id='word_1_131' title='bbox 349 1715 475 1761; x_wconf 81' lang='lat' dir='ltr'><strong>Quare</strong></span> <span class='ocrx_word' id='word_1_132' title='bbox 506 1714 602 1752; x_wconf 87' lang='lat' dir='ltr'><strong>nihil</strong></span> <span class='ocrx_word' id='word_1_133' title='bbox 635 1723 736 1752; x_wconf 86' lang='lat' dir='ltr'><strong>certe</strong></span> 
     </span>
     <span class='ocr_line' id='line_1_27' title="bbox 75 1769 737 1809; baseline 0.006 -4"><span class='ocrx_word' id='word_1_134' title='bbox 75 1769 116 1805; x_wconf 79' lang='lat' dir='ltr'><strong>&#39;m</strong></span> <span class='ocrx_word' id='word_1_135' title='bbox 145 1770 328 1807; x_wconf 85' lang='lat' dir='ltr'>Herodoti</span> <span class='ocrx_word' id='word_1_136' title='bbox 362 1773 486 1808; x_wconf 76' lang='lat' dir='ltr'><strong>verbis</strong></span> <span class='ocrx_word' id='word_1_137' title='bbox 523 1772 737 1809; x_wconf 86' lang='lat' dir='ltr'><strong>immutan-</strong></span> 
     </span>
     <span class='ocr_line' id='line_1_28' title="bbox 78 1824 738 1878; baseline 0.006 -16"><span class='ocrx_word' id='word_1_138' title='bbox 78 1824 184 1875; x_wconf 85' lang='lat' dir='ltr'><strong>dum,</strong></span> <span class='ocrx_word' id='word_1_139' title='bbox 212 1840 284 1864; x_wconf 88' lang='lat' dir='ltr'><strong>nec</strong></span> <span class='ocrx_word' id='word_1_140' title='bbox 308 1829 431 1878; x_wconf 82' lang='lat' dir='ltr'><strong>magis</strong></span> <span class='ocrx_word' id='word_1_141' title='bbox 463 1840 617 1866; x_wconf 88' lang='lat' dir='ltr'><strong>necesse</strong></span> <span class='ocrx_word' id='word_1_142' title='bbox 647 1841 738 1866; x_wconf 90' lang='lat' dir='ltr'><strong>cum</strong></span> 
     </span>
    </p>
   </div>
   <div class='ocr_carea' id='block_1_6' title="bbox 77 1881 742 1941">
    <p class='ocr_par' dir='ltr' id='par_1_6' title="bbox 77 1881 742 1941">
     <span class='ocr_line' id='line_1_29' title="bbox 77 1881 742 1941; baseline 0.008 -22"><span class='ocrx_word' id='word_1_143' title='bbox 77 1881 388 1934; x_wconf 82' lang='lat' dir='ltr'><strong>Schweighaeus.</strong></span> <span class='ocrx_word' id='word_1_144' title='bbox 408 1885 611 1922; x_wconf 87' lang='lat' dir='ltr'><strong>rescribere</strong></span> <span class='ocrx_word' id='word_1_145' title='bbox 629 1883 742 1941; x_wconf 66' lang='grc' dir='ltr'><em>’ὑπὲρ</em></span> 
     </span>
    </p>
   </div>
   <div class='ocr_carea' id='block_1_7' title="bbox 68 1939 736 2839">
    <p class='ocr_par' dir='ltr' id='par_1_7' title="bbox 68 1939 736 2839">
     <span class='ocr_line' id='line_1_30' title="bbox 79 1939 736 1990; baseline 0.005 -14"><span class='ocrx_word' id='word_1_146' title='bbox 79 1939 279 1985; x_wconf 83' lang='grc' dir='ltr'><em>Παιονίας</em></span> <span class='ocrx_word' id='word_1_147' title='bbox 319 1940 399 1987; x_wconf 83' lang='lat' dir='ltr'><strong>[vel</strong></span> <span class='ocrx_word' id='word_1_148' title='bbox 437 1942 560 1990; x_wconf 89' lang='lat' dir='ltr'><strong>potius</strong></span> <span class='ocrx_word' id='word_1_149' title='bbox 606 1943 736 1979; x_wconf 87' lang='grc' dir='ltr'><em>Παιο-</em></span> 
     </span>
     <span class='ocr_line' id='line_1_31' title="bbox 76 1991 735 2048; baseline 0 -15"><span class='ocrx_word' id='word_1_150' title='bbox 76 1994 183 2044; x_wconf 84' lang='grc' dir='ltr'><em>νίης]</em></span> <span class='ocrx_word' id='word_1_151' title='bbox 226 1994 291 2034; x_wconf 78' lang='grc' dir='ltr'><strong>ἐπὶ</strong></span> <span class='ocrx_word' id='word_1_152' title='bbox 326 1991 561 2048; x_wconf 72' lang='grc' dir='ltr'><em>Πάρνηθος.</em></span> <span class='ocrx_word' id='word_1_153' title='bbox 621 1996 735 2034; x_wconf 84' lang='lat' dir='ltr'><strong>Paeo-</strong></span> 
     </span>
     <span class='ocr_line' id='line_1_32' title="bbox 76 2051 734 2090; baseline 0.003 -2"><span class='ocrx_word' id='word_1_154' title='bbox 76 2051 179 2088; x_wconf 81' lang='lat' dir='ltr'><strong>nidas</strong></span> <span class='ocrx_word' id='word_1_155' title='bbox 207 2052 246 2088; x_wconf 89' lang='lat' dir='ltr'><strong>in</strong></span> <span class='ocrx_word' id='word_1_156' title='bbox 275 2052 400 2089; x_wconf 84' lang='lat' dir='ltr'><strong>Attica</strong></span> <span class='ocrx_word' id='word_1_157' title='bbox 419 2055 609 2090; x_wconf 63' lang='lat' dir='ltr'><strong>memorat</strong></span> <span class='ocrx_word' id='word_1_158' title='bbox 632 2055 734 2090; x_wconf 83' lang='lat' dir='ltr'><strong>Har-</strong></span> 
     </span>
     <span class='ocr_line' id='line_1_33' title="bbox 73 2111 733 2158; baseline 0.003 -14"><span class='ocrx_word' id='word_1_159' title='bbox 73 2114 217 2158; x_wconf 85' lang='lat' dir='ltr'><strong>pocrat.</strong></span> <span class='ocrx_word' id='word_1_160' title='bbox 238 2122 267 2145; x_wconf 92' lang='lat' dir='ltr'><strong>s.</strong></span> <span class='ocrx_word' id='word_1_161' title='bbox 288 2122 324 2145; x_wconf 84' lang='lat' dir='ltr'><strong>v.</strong></span> <span class='ocrx_word' id='word_1_162' title='bbox 347 2111 555 2156; x_wconf 79' lang='grc' dir='ltr'><em>Παιανιεῖς</em></span> <span class='ocrx_word' id='word_1_163' title='bbox 573 2123 615 2146; x_wconf 83' lang='lat' dir='ltr'><strong>ac</strong></span> <span class='ocrx_word' id='word_1_164' title='bbox 628 2111 733 2146; x_wconf 89' lang='lat' dir='ltr'><strong>Pau—</strong></span> 
     </span>
     <span class='ocr_line' id='line_1_34' title="bbox 73 2165 732 2218; baseline 0.005 -18"><span class='ocrx_word' id='word_1_165' title='bbox 73 2176 154 2201; x_wconf 84' lang='lat' dir='ltr'><strong>san.</strong></span> <span class='ocrx_word' id='word_1_166' title='bbox 174 2165 298 2218; x_wconf 49' lang='lat' dir='ltr'>11⁹2ss</span> <span class='ocrx_word' id='word_1_167' title='bbox 321 2165 357 2210; x_wconf 62' lang='grc' dir='ltr'><strong>ξ.</strong></span> <span class='ocrx_word' id='word_1_168' title='bbox 379 2168 418 2213; x_wconf 93' lang='lat'><strong>7,</strong></span> <span class='ocrx_word' id='word_1_169' title='bbox 440 2167 507 2217; x_wconf 85' lang='lat' dir='ltr'><strong>qui</strong></span> <span class='ocrx_word' id='word_1_170' title='bbox 525 2165 631 2203; x_wconf 89' lang='lat' dir='ltr'><strong>idem</strong></span> <span class='ocrx_word' id='word_1_171' title='bbox 651 2168 681 2214; x_wconf 95' lang='lat' dir='ltr'><strong>I,</strong></span> <span class='ocrx_word' id='word_1_172' title='bbox 705 2169 732 2207; x_wconf 98' lang='grc'>2</span> 
     </span>
     <span class='ocr_line' id='line_1_35' title="bbox 72 2220 729 2272; baseline 0.011 -15"><span class='ocrx_word' id='word_1_173' title='bbox 72 2221 110 2266; x_wconf 80' lang='lat'><strong>§.</strong></span> <span class='ocrx_word' id='word_1_174' title='bbox 131 2220 170 2268; x_wconf 81' lang='lat'><strong>4,</strong></span> <span class='ocrx_word' id='word_1_175' title='bbox 191 2221 258 2257; x_wconf 87' lang='lat' dir='ltr'><strong>ubi</strong></span> <span class='ocrx_word' id='word_1_176' title='bbox 278 2221 326 2257; x_wconf 90' lang='lat' dir='ltr'><strong>cf.</strong></span> <span class='ocrx_word' id='word_1_177' title='bbox 340 2222 499 2259; x_wconf 85' lang='lat' dir='ltr'><strong>Siebelis</strong></span> <span class='ocrx_word' id='word_1_178' title='bbox 521 2236 559 2272; x_wconf 89' lang='lat' dir='ltr'><strong>p.</strong></span> <span class='ocrx_word' id='word_1_179' title='bbox 586 2225 651 2270; x_wconf 88' lang='lat'><strong>11,</strong></span> <span class='ocrx_word' id='word_1_180' title='bbox 676 2222 729 2263; x_wconf 81' lang='grc'><strong>34</strong></span> 
     </span>
     <span class='ocr_line' id='line_1_36' title="bbox 73 2277 732 2330; baseline 0.002 -15"><span class='ocrx_word' id='word_1_181' title='bbox 73 2278 110 2322; x_wconf 85' lang='lat'><strong>§.</strong></span> <span class='ocrx_word' id='word_1_182' title='bbox 132 2280 158 2317; x_wconf 89' lang='grc'>2</span> <span class='ocrx_word' id='word_1_183' title='bbox 178 2279 265 2315; x_wconf 84' lang='grc'><strong>0011.</strong></span> <span class='ocrx_word' id='word_1_184' title='bbox 284 2277 477 2320; x_wconf 79' lang='lat' dir='ltr'><strong>Plutarch,</strong></span> <span class='ocrx_word' id='word_1_185' title='bbox 493 2281 529 2315; x_wconf 91' lang='lat' dir='ltr'><strong>II</strong></span> <span class='ocrx_word' id='word_1_186' title='bbox 549 2291 637 2330; x_wconf 83' lang='lat' dir='ltr'><strong>pag.</strong></span> <span class='ocrx_word' id='word_1_187' title='bbox 650 2278 732 2319; x_wconf 79' lang='lat'><strong>842</strong></span> 
     </span>
     <span class='ocr_line' id='line_1_37' title="bbox 71 2333 730 2373; baseline 0.002 -3"><span class='ocrx_word' id='word_1_188' title='bbox 71 2335 114 2371; x_wconf 85' lang='lat' dir='ltr'><strong>F.</strong></span> <span class='ocrx_word' id='word_1_189' title='bbox 143 2333 336 2373; x_wconf 78' lang='lat' dir='ltr'><strong>Paeoniam</strong></span> <span class='ocrx_word' id='word_1_190' title='bbox 363 2342 553 2372; x_wconf 86' lang='lat' dir='ltr'><strong>memorat</strong></span> <span class='ocrx_word' id='word_1_191' title='bbox 584 2337 730 2372; x_wconf 87' lang='lat' dir='ltr'><strong>Miner-</strong></span> 
     </span>
     <span class='ocr_line' id='line_1_38' title="bbox 71 2392 730 2436; baseline 0.002 -8"><span class='ocrx_word' id='word_1_192' title='bbox 71 2403 160 2428; x_wconf 84' lang='lat' dir='ltr'><strong>vam</strong></span> <span class='ocrx_word' id='word_1_193' title='bbox 200 2392 240 2428; x_wconf 87' lang='lat' dir='ltr'><strong>in</strong></span> <span class='ocrx_word' id='word_1_194' title='bbox 278 2392 403 2428; x_wconf 88' lang='lat' dir='ltr'><strong>Attica</strong></span> <span class='ocrx_word' id='word_1_195' title='bbox 441 2393 596 2430; x_wconf 85' lang='lat' dir='ltr'><strong>cultam.</strong></span> <span class='ocrx_word' id='word_1_196' title='bbox 636 2433 639 2436; x_wconf 54' lang='grc'><strong>,</strong></span> <span class='ocrx_word' id='word_1_197' title='bbox 661 2393 730 2429; x_wconf 86' lang='lat' dir='ltr'><strong>Est</strong></span> 
     </span>
     <span class='ocr_line' id='line_1_39' title="bbox 70 2447 729 2498; baseline 0.002 -15"><span class='ocrx_word' id='word_1_198' title='bbox 70 2459 184 2495; x_wconf 81' lang='lat' dir='ltr'><strong>vero,</strong></span> <span class='ocrx_word' id='word_1_199' title='bbox 224 2455 267 2485; x_wconf 88' lang='lat' dir='ltr'><strong>ut</strong></span> <span class='ocrx_word' id='word_1_200' title='bbox 297 2449 338 2485; x_wconf 91' lang='lat' dir='ltr'><strong>C.</strong></span> <span class='ocrx_word' id='word_1_201' title='bbox 370 2449 414 2485; x_wconf 93' lang='grc' dir='ltr'><strong>Ο.</strong></span> <span class='ocrx_word' id='word_1_202' title='bbox 446 2450 596 2486; x_wconf 78' lang='lat' dir='ltr'><strong>Miiller.</strong></span> <span class='ocrx_word' id='word_1_203' title='bbox 629 2447 729 2498; x_wconf 84' lang='lat' dir='ltr'><strong>(Zur</strong></span> 
     </span>
     <span class='ocr_line' id='line_1_40' title="bbox 71 2503 727 2543; baseline 0.002 -3"><span class='ocrx_word' id='word_1_204' title='bbox 71 2505 186 2540; x_wconf 83' lang='lat' dir='ltr'><strong>Karte</strong></span> <span class='ocrx_word' id='word_1_205' title='bbox 206 2503 272 2541; x_wconf 88' lang='lat' dir='ltr'><strong>des</strong></span> <span class='ocrx_word' id='word_1_206' title='bbox 290 2504 413 2542; x_wconf 79' lang='lat' dir='ltr'><strong>nordl.</strong></span> <span class='ocrx_word' id='word_1_207' title='bbox 428 2504 727 2543; x_wconf 80' lang='lat' dir='ltr'><strong>Griechenlands</strong></span> 
     </span>
     <span class='ocr_line' id='line_1_41' title="bbox 69 2560 728 2613; baseline 0.005 -17"><span class='ocrx_word' id='word_1_208' title='bbox 69 2572 156 2611; x_wconf 85' lang='lat' dir='ltr'><strong>pag.</strong></span> <span class='ocrx_word' id='word_1_209' title='bbox 173 2605 180 2613; x_wconf 30' lang='lat' dir='ltr'>x</span> <span class='ocrx_word' id='word_1_210' title='bbox 199 2560 278 2610; x_wconf 83' lang='lat'><strong>36)</strong></span> <span class='ocrx_word' id='word_1_211' title='bbox 328 2561 520 2610; x_wconf 76' lang='lat' dir='ltr'><strong>observat,</strong></span> <span class='ocrx_word' id='word_1_212' title='bbox 569 2561 728 2599; x_wconf 76' lang='lat' dir='ltr'><strong>Paeonia</strong></span> 
     </span>
     <span class='ocr_line' id='line_1_42' title="bbox 68 2617 727 2667; baseline 0.005 -14"><span class='ocrx_word' id='word_1_213' title='bbox 68 2629 209 2654; x_wconf 87' lang='lat' dir='ltr'><strong>nomen</strong></span> <span class='ocrx_word' id='word_1_214' title='bbox 232 2618 406 2667; x_wconf 83' lang='lat' dir='ltr'><strong>regionis,</strong></span> <span class='ocrx_word' id='word_1_215' title='bbox 438 2618 639 2656; x_wconf 82' lang='lat' dir='ltr'><strong>Paeonidae</strong></span> <span class='ocrx_word' id='word_1_216' title='bbox 658 2617 727 2656; x_wconf 92' lang='lat' dir='ltr'><strong>de-</strong></span> 
     </span>
     <span class='ocr_line' id='line_1_43' title="bbox 69 2674 727 2726; baseline 0.005 -17"><span class='ocrx_word' id='word_1_217' title='bbox 69 2674 124 2710; x_wconf 90' lang='lat' dir='ltr'><strong>mi</strong></span> <span class='ocrx_word' id='word_1_218' title='bbox 171 2687 329 2711; x_wconf 88' lang='lat' dir='ltr'><strong>nomen.</strong></span> <span class='ocrx_word' id='word_1_219' title='bbox 425 2674 540 2726; x_wconf 88' lang='lat' dir='ltr'><strong>Apud</strong></span> <span class='ocrx_word' id='word_1_220' title='bbox 586 2677 727 2712; x_wconf 86' lang='lat' dir='ltr'><strong>Grote-</strong></span> 
     </span>
     <span class='ocr_line' id='line_1_44' title="bbox 68 2729 728 2782; baseline 0.003 -16"><span class='ocrx_word' id='word_1_221' title='bbox 68 2729 172 2768; x_wconf 84' lang='lat' dir='ltr'><strong>fend.</strong></span> <span class='ocrx_word' id='word_1_222' title='bbox 221 2730 297 2780; x_wconf 89' lang='lat' dir='ltr'><strong>(De</strong></span> <span class='ocrx_word' id='word_1_223' title='bbox 331 2729 451 2768; x_wconf 89' lang='lat' dir='ltr'><strong>demis</strong></span> <span class='ocrx_word' id='word_1_224' title='bbox 472 2738 509 2768; x_wconf 89' lang='lat' dir='ltr'><strong>et</strong></span> <span class='ocrx_word' id='word_1_225' title='bbox 528 2733 635 2782; x_wconf 84' lang='lat' dir='ltr'>pagis</span> <span class='ocrx_word' id='word_1_226' title='bbox 654 2733 728 2768; x_wconf 82' lang='lat' dir='ltr'><strong>At-</strong></span> 
     </span>
     <span class='ocr_line' id='line_1_45' title="bbox 68 2786 727 2839; baseline 0.005 -17"><span class='ocrx_word' id='word_1_227' title='bbox 68 2787 152 2825; x_wconf 78' lang='lat' dir='ltr'><strong>tice.</strong></span> <span class='ocrx_word' id='word_1_228' title='bbox 174 2800 261 2839; x_wconf 82' lang='lat' dir='ltr'><strong>pag.</strong></span> <span class='ocrx_word' id='word_1_229' title='bbox 289 2789 338 2829; x_wconf 87' lang='lat'><strong>31</strong></span> <span class='ocrx_word' id='word_1_230' title='bbox 375 2794 413 2824; x_wconf 89' lang='lat' dir='ltr'><strong>et</strong></span> <span class='ocrx_word' id='word_1_231' title='bbox 433 2787 505 2839; x_wconf 82' lang='grc'><strong>32)</strong></span> <span class='ocrx_word' id='word_1_232' title='bbox 527 2786 727 2825; x_wconf 84' lang='lat' dir='ltr'><strong>exhibetur</strong></span> 
     </span>
    </p>
   </div>
   <div class='ocr_carea' id='block_1_8' title="bbox 783 747 1464 2825">
    <p class='ocr_par' dir='ltr' id='par_1_8' title="bbox 798 747 1464 1083">
     <span class='ocr_line' id='line_1_46' title="bbox 801 747 1463 788; baseline -0.005 0"><span class='ocrx_word' id='word_1_233' title='bbox 801 751 969 788; x_wconf 84' lang='grc' dir='ltr'><em>Παιαν</em></span> <span class='ocrx_word' id='word_1_234' title='bbox 984 750 997 788; x_wconf 85' lang='grc' dir='ltr'><strong>ι’</strong></span> <span class='ocrx_word' id='word_1_235' title='bbox 1010 764 1034 788; x_wconf 91' lang='grc' dir='ltr'><em>α</em></span> <span class='ocrx_word' id='word_1_236' title='bbox 1063 747 1197 786; x_wconf 84' lang='lat' dir='ltr'><strong>demus</strong></span> <span class='ocrx_word' id='word_1_237' title='bbox 1218 749 1336 786; x_wconf 86' lang='lat' dir='ltr'><strong>tribus</strong></span> <span class='ocrx_word' id='word_1_238' title='bbox 1356 749 1463 786; x_wconf 86' lang='lat' dir='ltr'><strong>Pan-</strong></span> 
     </span>
     <span class='ocr_line' id='line_1_47' title="bbox 800 805 1464 857; baseline 0 -14"><span class='ocrx_word' id='word_1_239' title='bbox 800 805 961 844; x_wconf 88' lang='lat' dir='ltr'><strong>dionidis</strong></span> <span class='ocrx_word' id='word_1_240' title='bbox 990 807 1119 843; x_wconf 83' lang='lat' dir='ltr'><strong>multis</strong></span> <span class='ocrx_word' id='word_1_241' title='bbox 1139 819 1189 843; x_wconf 85' lang='lat' dir='ltr'><strong>ex</strong></span> <span class='ocrx_word' id='word_1_242' title='bbox 1206 806 1464 857; x_wconf 84' lang='lat' dir='ltr'><strong>inscriptioni-</strong></span> 
     </span>
     <span class='ocr_line' id='line_1_48' title="bbox 798 864 1464 915; baseline -0.003 -14"><span class='ocrx_word' id='word_1_243' title='bbox 798 864 881 911; x_wconf 92' lang='lat' dir='ltr'>bus,</span> <span class='ocrx_word' id='word_1_244' title='bbox 902 865 1072 915; x_wconf 85' lang='lat' dir='ltr'><strong>itemque</strong></span> <span class='ocrx_word' id='word_1_245' title='bbox 1095 864 1314 902; x_wconf 82' lang='grc' dir='ltr'><em>Παιονίδαι</em></span> <span class='ocrx_word' id='word_1_246' title='bbox 1333 865 1464 900; x_wconf 87' lang='lat' dir='ltr'><strong>Leon-</strong></span> 
     </span>
     <span class='ocr_line' id='line_1_49' title="bbox 799 918 1463 961; baseline 0.003 -4"><span class='ocrx_word' id='word_1_247' title='bbox 799 919 898 961; x_wconf 74' lang='lat' dir='ltr'><strong>fidis.</strong></span> <span class='ocrx_word' id='word_1_248' title='bbox 931 942 988 948; x_wconf 88' lang='lat'><strong>-—</strong></span> <span class='ocrx_word' id='word_1_249' title='bbox 1033 919 1097 957; x_wconf 91' lang='lat' dir='ltr'><strong>Ad</strong></span> <span class='ocrx_word' id='word_1_250' title='bbox 1126 921 1242 958; x_wconf 80' lang='lat' dir='ltr'><strong>verba</strong></span> <span class='ocrx_word' id='word_1_251' title='bbox 1272 922 1354 959; x_wconf 82' lang='grc' dir='ltr'><em>πᾶν</em></span> <span class='ocrx_word' id='word_1_252' title='bbox 1397 918 1463 959; x_wconf 78' lang='grc' dir='ltr'><strong>ἐπὶ</strong></span> 
     </span>
     <span class='ocr_line' id='line_1_50' title="bbox 801 977 1462 1030; baseline 0 -15"><span class='ocrx_word' id='word_1_253' title='bbox 801 980 906 1016; x_wconf 86' lang='grc' dir='ltr'><em>τοῖσι</em></span> <span class='ocrx_word' id='word_1_254' title='bbox 942 977 1293 1030; x_wconf 79' lang='grc' dir='ltr'><em>Πεισιστρατίδῃσι</em></span> <span class='ocrx_word' id='word_1_255' title='bbox 1334 991 1462 1028; x_wconf 83' lang='grc' dir='ltr'><em>μηχα-</em></span> 
     </span>
     <span class='ocr_line' id='line_1_51' title="bbox 801 1029 1462 1083; baseline -0.005 -10"><span class='ocrx_word' id='word_1_256' title='bbox 801 1029 978 1083; x_wconf 80' lang='grc' dir='ltr'><em>νώμενοι</em></span> <span class='ocrx_word' id='word_1_257' title='bbox 997 1034 1097 1070; x_wconf 82' lang='lat' dir='ltr'><strong>conf.</strong></span> <span class='ocrx_word' id='word_1_258' title='bbox 1114 1040 1210 1071; x_wconf 87' lang='lat' dir='ltr'><strong>nott.</strong></span> <span class='ocrx_word' id='word_1_259' title='bbox 1223 1032 1271 1070; x_wconf 85' lang='lat' dir='ltr'><strong>ad</strong></span> <span class='ocrx_word' id='word_1_260' title='bbox 1280 1034 1343 1081; x_wconf 85' lang='lat' dir='ltr'><strong>IV,</strong></span> <span class='ocrx_word' id='word_1_261' title='bbox 1369 1033 1462 1075; x_wconf 83' lang='lat'><strong>154.</strong></span> 
     </span>
    </p>

    <p class='ocr_par' dir='ltr' id='par_1_9' title="bbox 783 1090 1463 2825">
     <span class='ocr_line' id='line_1_52' title="bbox 858 1090 1463 1141; baseline -0.002 -14"><span class='ocrx_word' id='word_1_262' title='bbox 858 1091 1129 1140; x_wconf 78' lang='grc' dir='ltr'><em>μισθοῦνται]</em></span> <span class='ocrx_word' id='word_1_263' title='bbox 1162 1091 1188 1128; x_wconf 88' lang='lat' dir='ltr'><strong>i.</strong></span> <span class='ocrx_word' id='word_1_264' title='bbox 1213 1103 1246 1126; x_wconf 87' lang='lat' dir='ltr'><strong>e.</strong></span> <span class='ocrx_word' id='word_1_265' title='bbox 1267 1090 1463 1141; x_wconf 50' lang='lat' dir='ltr'><strong>aedifican-</strong></span> 
     </span>
     <span class='ocr_line' id='line_1_53' title="bbox 800 1146 1462 1196; baseline 0 -13"><span class='ocrx_word' id='word_1_266' title='bbox 800 1147 884 1184; x_wconf 83' lang='lat' dir='ltr'><strong>dum</strong></span> <span class='ocrx_word' id='word_1_267' title='bbox 918 1146 1118 1184; x_wconf 71' lang='lat' dir='ltr'><strong>conducunt</strong></span> <span class='ocrx_word' id='word_1_268' title='bbox 1147 1147 1330 1196; x_wconf 82' lang='lat' dir='ltr'><strong>templum,</strong></span> <span class='ocrx_word' id='word_1_269' title='bbox 1373 1160 1462 1183; x_wconf 89' lang='lat' dir='ltr'><strong>cum</strong></span> 
     </span>
     <span class='ocr_line' id='line_1_54' title="bbox 799 1201 1462 1255; baseline -0.005 -13"><span class='ocrx_word' id='word_1_270' title='bbox 799 1205 979 1252; x_wconf 82' lang='grc' dir='ltr'><em>μισθοῦν</em></span> <span class='ocrx_word' id='word_1_271' title='bbox 995 1201 1042 1239; x_wconf 89' lang='lat' dir='ltr'><strong>de</strong></span> <span class='ocrx_word' id='word_1_272' title='bbox 1062 1216 1107 1240; x_wconf 91' lang='lat' dir='ltr'><strong>eo</strong></span> <span class='ocrx_word' id='word_1_273' title='bbox 1125 1202 1283 1251; x_wconf 86' lang='lat' dir='ltr'><strong>dicatur,</strong></span> <span class='ocrx_word' id='word_1_274' title='bbox 1306 1204 1373 1255; x_wconf 89' lang='lat' dir='ltr'><strong>qui</strong></span> <span class='ocrx_word' id='word_1_275' title='bbox 1390 1203 1462 1239; x_wconf 86' lang='lat' dir='ltr'><strong>elo-</strong></span> 
     </span>
     <span class='ocr_line' id='line_1_55' title="bbox 798 1259 1462 1307; baseline -0.002 -10"><span class='ocrx_word' id='word_1_276' title='bbox 798 1263 870 1307; x_wconf 80' lang='lat' dir='ltr'><strong>cat,</strong></span> <span class='ocrx_word' id='word_1_277' title='bbox 888 1267 931 1297; x_wconf 91' lang='lat' dir='ltr'><strong>ut</strong></span> <span class='ocrx_word' id='word_1_278' title='bbox 950 1261 1004 1307; x_wconf 84' lang='grc' dir='ltr'><strong>Π,</strong></span> <span class='ocrx_word' id='word_1_279' title='bbox 1040 1262 1133 1301; x_wconf 89' lang='grc'><strong>180.</strong></span> <span class='ocrx_word' id='word_1_280' title='bbox 1192 1260 1258 1296; x_wconf 89' lang='lat' dir='ltr'><strong>Tu</strong></span> <span class='ocrx_word' id='word_1_281' title='bbox 1277 1259 1355 1297; x_wconf 80' lang='lat' dir='ltr'><strong>vid.</strong></span> <span class='ocrx_word' id='word_1_282' title='bbox 1377 1261 1462 1296; x_wconf 87' lang='lat' dir='ltr'><strong>Ku-</strong></span> 
     </span>
     <span class='ocr_line' id='line_1_56' title="bbox 795 1316 1463 1354; baseline 0.001 -1"><span class='ocrx_word' id='word_1_283' title='bbox 795 1323 883 1353; x_wconf 85' lang='lat' dir='ltr'><strong>ster.</strong></span> <span class='ocrx_word' id='word_1_284' title='bbox 906 1316 953 1354; x_wconf 90' lang='lat' dir='ltr'><strong>de</strong></span> <span class='ocrx_word' id='word_1_285' title='bbox 973 1317 1104 1354; x_wconf 75' lang='lat' dir='ltr'><strong>ver-bb.</strong></span> <span class='ocrx_word' id='word_1_286' title='bbox 1135 1318 1294 1354; x_wconf 83' lang='lat' dir='ltr'><strong>Graeco.</strong></span> <span class='ocrx_word' id='word_1_287' title='bbox 1325 1316 1463 1354; x_wconf 82' lang='lat' dir='ltr'><strong>mediis</strong></span> 
     </span>
     <span class='ocr_line' id='line_1_57' title="bbox 794 1372 1462 1425; baseline -0.019 -4"><span class='ocrx_word' id='word_1_288' title='bbox 794 1374 884 1420; x_wconf 74' lang='lat' dir='ltr'><strong>II§·</strong></span> <span class='ocrx_word' id='word_1_289' title='bbox 910 1376 960 1415; x_wconf 84' lang='lat'><strong>16</strong></span> <span class='ocrx_word' id='word_1_290' title='bbox 980 1386 1069 1425; x_wconf 75' lang='lat' dir='ltr'><strong>pag·</strong></span> <span class='ocrx_word' id='word_1_291' title='bbox 1103 1372 1196 1414; x_wconf 85' lang='lat'><strong>146.</strong></span> <span class='ocrx_word' id='word_1_292' title='bbox 1255 1372 1318 1410; x_wconf 88' lang='lat' dir='ltr'><strong>Ad</strong></span> <span class='ocrx_word' id='word_1_293' title='bbox 1345 1386 1462 1425; x_wconf 86' lang='lat' dir='ltr'><strong>argu—</strong></span> 
     </span>
     <span class='ocr_line' id='line_1_58' title="bbox 794 1430 1462 1482; baseline 0.001 -15"><span class='ocrx_word' id='word_1_294' title='bbox 794 1437 972 1467; x_wconf 86' lang='lat' dir='ltr'><strong>mentum</strong></span> <span class='ocrx_word' id='word_1_295' title='bbox 1002 1430 1077 1467; x_wconf 83' lang='lat' dir='ltr'><strong>loci</strong></span> <span class='ocrx_word' id='word_1_296' title='bbox 1113 1430 1306 1482; x_wconf 83' lang='lat' dir='ltr'><strong>pertinent</strong></span> <span class='ocrx_word' id='word_1_297' title='bbox 1334 1432 1462 1468; x_wconf 88' lang='lat' dir='ltr'><strong>Hero—</strong></span> 
     </span>
     <span class='ocr_line' id='line_1_59' title="bbox 796 1485 1458 1540; baseline -0.002 -15"><span class='ocrx_word' id='word_1_298' title='bbox 796 1486 875 1525; x_wconf 90' lang='lat' dir='ltr'><strong>dot.</strong></span> <span class='ocrx_word' id='word_1_299' title='bbox 896 1487 926 1536; x_wconf 87' lang='lat'><strong>1,</strong></span> <span class='ocrx_word' id='word_1_300' title='bbox 957 1485 1011 1527; x_wconf 86' lang='lat'><strong>50</strong></span> <span class='ocrx_word' id='word_1_301' title='bbox 1031 1486 1113 1534; x_wconf 64' lang='lat' dir='ltr'><strong>fin„</strong></span> <span class='ocrx_word' id='word_1_302' title='bbox 1134 1488 1264 1540; x_wconf 86' lang='lat' dir='ltr'><strong>ibique</strong></span> <span class='ocrx_word' id='word_1_303' title='bbox 1291 1494 1389 1528; x_wconf 89' lang='lat' dir='ltr'><strong>nott.</strong></span> <span class='ocrx_word' id='word_1_304' title='bbox 1410 1489 1458 1535; x_wconf 85' lang='grc' dir='ltr'><strong>Π,</strong></span> 
     </span>
     <span class='ocr_line' id='line_1_60' title="bbox 798 1542 1459 1596; baseline 0.002 -16"><span class='ocrx_word' id='word_1_305' title='bbox 798 1545 891 1585; x_wconf 88' lang='grc'><strong>180.</strong></span> <span class='ocrx_word' id='word_1_306' title='bbox 948 1542 1134 1591; x_wconf 85' lang='lat' dir='ltr'><strong>Incendii,</strong></span> <span class='ocrx_word' id='word_1_307' title='bbox 1166 1557 1243 1596; x_wconf 90' lang='lat' dir='ltr'><strong>quo</strong></span> <span class='ocrx_word' id='word_1_308' title='bbox 1268 1545 1459 1596; x_wconf 86' lang='lat' dir='ltr'><strong>templum</strong></span> 
     </span>
     <span class='ocr_line' id='line_1_61' title="bbox 792 1598 1460 1652; baseline 0.001 -15"><span class='ocrx_word' id='word_1_309' title='bbox 792 1598 1026 1652; x_wconf 63' lang='lat' dir='ltr'><strong>Deiphicum</strong></span> <span class='ocrx_word' id='word_1_310' title='bbox 1035 1601 1107 1651; x_wconf 80' lang='lat' dir='ltr'><strong>fuit</strong></span> <span class='ocrx_word' id='word_1_311' title='bbox 1121 1600 1353 1649; x_wconf 90' lang='lat' dir='ltr'><strong>absumtum,</strong></span> <span class='ocrx_word' id='word_1_312' title='bbox 1374 1601 1460 1638; x_wconf 91' lang='lat' dir='ltr'><strong>cul-</strong></span> 
     </span>
     <span class='ocr_line' id='line_1_62' title="bbox 791 1656 1459 1710; baseline 0.001 -16"><span class='ocrx_word' id='word_1_313' title='bbox 791 1670 885 1708; x_wconf 85' lang='lat' dir='ltr'><strong>pam</strong></span> <span class='ocrx_word' id='word_1_314' title='bbox 903 1657 944 1694; x_wconf 85' lang='lat' dir='ltr'><strong>iu</strong></span> <span class='ocrx_word' id='word_1_315' title='bbox 963 1656 1214 1696; x_wconf 82' lang='lat' dir='ltr'><strong>Pisistratidas</strong></span> <span class='ocrx_word' id='word_1_316' title='bbox 1242 1658 1356 1695; x_wconf 84' lang='lat' dir='ltr'><strong>fuisse</strong></span> <span class='ocrx_word' id='word_1_317' title='bbox 1376 1658 1459 1710; x_wconf 82' lang='lat' dir='ltr'><strong>col-</strong></span> 
     </span>
     <span class='ocr_line' id='line_1_63' title="bbox 792 1714 1458 1762; baseline 0.003 -12"><span class='ocrx_word' id='word_1_318' title='bbox 792 1714 922 1762; x_wconf 88' lang='lat' dir='ltr'><strong>latam,</strong></span> <span class='ocrx_word' id='word_1_319' title='bbox 942 1721 1138 1762; x_wconf 79' lang='lat' dir='ltr'><strong>testantur,</strong></span> <span class='ocrx_word' id='word_1_320' title='bbox 1159 1721 1318 1752; x_wconf 82' lang='lat' dir='ltr'><strong>notante</strong></span> <span class='ocrx_word' id='word_1_321' title='bbox 1337 1716 1458 1753; x_wconf 89' lang='lat' dir='ltr'><strong>Wes-</strong></span> 
     </span>
     <span class='ocr_line' id='line_1_64' title="bbox 792 1770 1458 1822; baseline 0.002 -15"><span class='ocrx_word' id='word_1_322' title='bbox 792 1771 940 1822; x_wconf 81' lang='lat' dir='ltr'><strong>seling.‚</strong></span> <span class='ocrx_word' id='word_1_323' title='bbox 974 1778 1122 1808; x_wconf 84' lang='lat' dir='ltr'><strong>veteres</strong></span> <span class='ocrx_word' id='word_1_324' title='bbox 1143 1772 1264 1808; x_wconf 86' lang='lat' dir='ltr'><strong>critici</strong></span> <span class='ocrx_word' id='word_1_325' title='bbox 1291 1770 1342 1809; x_wconf 82' lang='lat' dir='ltr'><strong>ad</strong></span> <span class='ocrx_word' id='word_1_326' title='bbox 1360 1772 1458 1808; x_wconf 85' lang='lat' dir='ltr'><strong>Pin-</strong></span> 
     </span>
     <span class='ocr_line' id='line_1_65' title="bbox 792 1826 1458 1880; baseline 0.002 -17"><span class='ocrx_word' id='word_1_327' title='bbox 792 1826 872 1866; x_wconf 85' lang='lat' dir='ltr'><strong>dar.</strong></span> <span class='ocrx_word' id='word_1_328' title='bbox 918 1826 1036 1880; x_wconf 77' lang='lat' dir='ltr'><strong>Pyth.</strong></span> <span class='ocrx_word' id='word_1_329' title='bbox 1073 1827 1157 1864; x_wconf 87' lang='lat' dir='ltr'><strong>VII.</strong></span> <span class='ocrx_word' id='word_1_330' title='bbox 1227 1828 1302 1873; x_wconf 78' lang='lat' dir='ltr'><strong>Qui</strong></span> <span class='ocrx_word' id='word_1_331' title='bbox 1338 1827 1458 1865; x_wconf 88' lang='lat' dir='ltr'><strong>iidem</strong></span> 
     </span>
     <span class='ocr_line' id='line_1_66' title="bbox 791 1883 1454 1935; baseline 0.002 -16"><span class='ocrx_word' id='word_1_332' title='bbox 791 1883 1047 1920; x_wconf 83' lang='lat' dir='ltr'><strong>Pisistratidae</strong></span> <span class='ocrx_word' id='word_1_333' title='bbox 1070 1883 1224 1935; x_wconf 88' lang='lat' dir='ltr'><strong>Olymp.</strong></span> <span class='ocrx_word' id='word_1_334' title='bbox 1244 1885 1383 1932; x_wconf 82' lang='lat' dir='ltr'>LXIII,</span> <span class='ocrx_word' id='word_1_335' title='bbox 1414 1886 1454 1932; x_wconf 84' lang='grc'><strong>2,</strong></span> 
     </span>
     <span class='ocr_line' id='line_1_67' title="bbox 793 1939 1452 1991; baseline 0.005 -16"><span class='ocrx_word' id='word_1_336' title='bbox 793 1953 869 1991; x_wconf 88' lang='lat' dir='ltr'><strong>quo</strong></span> <span class='ocrx_word' id='word_1_337' title='bbox 892 1952 993 1976; x_wconf 85' lang='lat' dir='ltr'><strong>anno</strong></span> <span class='ocrx_word' id='word_1_338' title='bbox 1014 1940 1205 1990; x_wconf 86' lang='lat' dir='ltr'><strong>templum</strong></span> <span class='ocrx_word' id='word_1_339' title='bbox 1226 1939 1452 1991; x_wconf 82' lang='lat' dir='ltr'><strong>deflagrasse</strong></span> 
     </span>
     <span class='ocr_line' id='line_1_68' title="bbox 792 1997 1454 2046; baseline 0.006 -15"><span class='ocrx_word' id='word_1_340' title='bbox 792 1997 929 2043; x_wconf 83' lang='lat' dir='ltr'><strong>fertur,</strong></span> <span class='ocrx_word' id='word_1_341' title='bbox 959 1997 1056 2046; x_wconf 86' lang='lat' dir='ltr'><strong>patri</strong></span> <span class='ocrx_word' id='word_1_342' title='bbox 1075 1999 1295 2034; x_wconf 85' lang='lat' dir='ltr'><strong>successisse</strong></span> <span class='ocrx_word' id='word_1_343' title='bbox 1317 1997 1454 2043; x_wconf 83' lang='lat' dir='ltr'><strong>dicun-</strong></span> 
     </span>
     <span class='ocr_line' id='line_1_69' title="bbox 791 2051 1455 2105; baseline 0.008 -16"><span class='ocrx_word' id='word_1_344' title='bbox 791 2059 865 2089; x_wconf 86' lang='lat' dir='ltr'><strong>tur.</strong></span> <span class='ocrx_word' id='word_1_345' title='bbox 923 2051 986 2089; x_wconf 91' lang='lat' dir='ltr'><strong>Ad</strong></span> <span class='ocrx_word' id='word_1_346' title='bbox 1007 2053 1168 2089; x_wconf 83' lang='lat' dir='ltr'><strong>verbum</strong></span> <span class='ocrx_word' id='word_1_347' title='bbox 1195 2052 1455 2105; x_wconf 78' lang='grc' dir='ltr'><em>ἐξοικοδομῆ-</em></span> 
     </span>
     <span class='ocr_line' id='line_1_70' title="bbox 791 2109 1453 2158; baseline -0.002 -9"><span class='ocrx_word' id='word_1_348' title='bbox 791 2120 858 2149; x_wconf 84' lang='grc' dir='ltr'><em>σαι</em></span> <span class='ocrx_word' id='word_1_349' title='bbox 879 2109 979 2145; x_wconf 85' lang='lat' dir='ltr'><strong>conf.</strong></span> <span class='ocrx_word' id='word_1_350' title='bbox 1001 2116 1094 2146; x_wconf 75' lang='lat' dir='ltr'><strong>nott.</strong></span> <span class='ocrx_word' id='word_1_351' title='bbox 1117 2109 1165 2146; x_wconf 90' lang='lat' dir='ltr'><strong>ad</strong></span> <span class='ocrx_word' id='word_1_352' title='bbox 1181 2112 1227 2158; x_wconf 87' lang='lat'><strong>11,</strong></span> <span class='ocrx_word' id='word_1_353' title='bbox 1254 2110 1346 2151; x_wconf 89' lang='grc'><strong>175.</strong></span> <span class='ocrx_word' id='word_1_354' title='bbox 1363 2113 1453 2152; x_wconf 88' lang='grc'><strong>176.</strong></span> 
     </span>
     <span class='ocr_line' id='line_1_71' title="bbox 792 2163 1451 2218; baseline 0.008 -17"><span class='ocrx_word' id='word_1_355' title='bbox 792 2168 871 2212; x_wconf 80' lang='lat'><strong>180</strong></span> <span class='ocrx_word' id='word_1_356' title='bbox 892 2173 929 2202; x_wconf 92' lang='lat' dir='ltr'><strong>et</strong></span> <span class='ocrx_word' id='word_1_357' title='bbox 950 2164 999 2202; x_wconf 91' lang='lat' dir='ltr'><strong>ad</strong></span> <span class='ocrx_word' id='word_1_358' title='bbox 1032 2166 1268 2203; x_wconf 85' lang='lat' dir='ltr'><strong>locutionem</strong></span> <span class='ocrx_word' id='word_1_359' title='bbox 1299 2163 1451 2218; x_wconf 72' lang='grc' dir='ltr'><em>χρημά-</em></span> 
     </span>
     <span class='ocr_line' id='line_1_72' title="bbox 786 2216 1452 2274; baseline 0.002 -14"><span class='ocrx_word' id='word_1_360' title='bbox 786 2237 866 2261; x_wconf 87' lang='grc' dir='ltr'><strong>των</strong></span> <span class='ocrx_word' id='word_1_361' title='bbox 901 2216 947 2261; x_wconf 75' lang='grc' dir='ltr'><strong>εὖ</strong></span> <span class='ocrx_word' id='word_1_362' title='bbox 966 2217 1131 2273; x_wconf 77' lang='grc' dir='ltr'><em>ἥκοντες</em></span> <span class='ocrx_word' id='word_1_363' title='bbox 1164 2223 1207 2271; x_wconf 92' lang='lat' dir='ltr'><strong>(i.</strong></span> <span class='ocrx_word' id='word_1_364' title='bbox 1230 2236 1264 2259; x_wconf 88' lang='lat' dir='ltr'><strong>e.</strong></span> <span class='ocrx_word' id='word_1_365' title='bbox 1292 2226 1452 2274; x_wconf 72' lang='lat' dir='ltr'><strong>pecuniis</strong></span> 
     </span>
     <span class='ocr_line' id='line_1_73' title="bbox 788 2279 1448 2330; baseline 0.002 -14"><span class='ocrx_word' id='word_1_366' title='bbox 788 2279 1030 2328; x_wconf 80' lang='lat' dir='ltr'><strong>abundantes,</strong></span> <span class='ocrx_word' id='word_1_367' title='bbox 1066 2280 1256 2330; x_wconf 81' lang='lat' dir='ltr'><strong>florentes)</strong></span> <span class='ocrx_word' id='word_1_368' title='bbox 1287 2281 1388 2317; x_wconf 86' lang='lat' dir='ltr'><strong>conf.</strong></span> <span class='ocrx_word' id='word_1_369' title='bbox 1418 2282 1448 2328; x_wconf 86' lang='grc' dir='ltr'><strong>Ι,</strong></span> 
     </span>
     <span class='ocr_line' id='line_1_74' title="bbox 787 2335 1445 2376; baseline 0.005 -5"><span class='ocrx_word' id='word_1_370' title='bbox 787 2337 853 2376; x_wconf 84' lang='lat'><strong>30.</strong></span> <span class='ocrx_word' id='word_1_371' title='bbox 873 2335 964 2376; x_wconf 85' lang='lat'><strong>149.</strong></span> <span class='ocrx_word' id='word_1_372' title='bbox 1023 2336 1108 2372; x_wconf 76' lang='lat' dir='ltr'><strong>Alia</strong></span> <span class='ocrx_word' id='word_1_373' title='bbox 1130 2335 1233 2373; x_wconf 84' lang='lat' dir='ltr'><strong>dabit</strong></span> <span class='ocrx_word' id='word_1_374' title='bbox 1244 2338 1376 2374; x_wconf 86' lang='lat' dir='ltr'><strong>Iacobs</strong></span> <span class='ocrx_word' id='word_1_375' title='bbox 1397 2336 1445 2374; x_wconf 86' lang='lat' dir='ltr'><strong>ad</strong></span> 
     </span>
     <span class='ocr_line' id='line_1_75' title="bbox 785 2388 1447 2444; baseline 0.003 -16"><span class='ocrx_word' id='word_1_376' title='bbox 785 2392 935 2428; x_wconf 88' lang='lat' dir='ltr'><strong>Aelian.</strong></span> <span class='ocrx_word' id='word_1_377' title='bbox 956 2393 1003 2429; x_wconf 89' lang='lat' dir='ltr'><strong>N.</strong></span> <span class='ocrx_word' id='word_1_378' title='bbox 1021 2393 1070 2429; x_wconf 87' lang='lat' dir='ltr'><strong>A.</strong></span> <span class='ocrx_word' id='word_1_379' title='bbox 1097 2393 1127 2440; x_wconf 89' lang='grc' dir='ltr'><strong>Ι,</strong></span> <span class='ocrx_word' id='word_1_380' title='bbox 1153 2396 1204 2434; x_wconf 80' lang='lat'><strong>12</strong></span> <span class='ocrx_word' id='word_1_381' title='bbox 1231 2407 1270 2444; x_wconf 87' lang='lat' dir='ltr'><strong>p.</strong></span> <span class='ocrx_word' id='word_1_382' title='bbox 1307 2388 1372 2434; x_wconf 75' lang='grc'><strong>14.</strong></span> <span class='ocrx_word' id='word_1_383' title='bbox 1392 2415 1447 2421; x_wconf 79' lang='lat'><strong>-—</strong></span> 
     </span>
     <span class='ocr_line' id='line_1_76' title="bbox 785 2444 1447 2497; baseline 0.005 -13"><span class='ocrx_word' id='word_1_384' title='bbox 785 2447 848 2485; x_wconf 89' lang='lat' dir='ltr'><strong>Ad</strong></span> <span class='ocrx_word' id='word_1_385' title='bbox 881 2444 1084 2487; x_wconf 65' lang='grc' dir='ltr'><em>ἀνέκαθεν</em></span> <span class='ocrx_word' id='word_1_386' title='bbox 1116 2449 1218 2486; x_wconf 78' lang='lat' dir='ltr'><strong>conf.</strong></span> <span class='ocrx_word' id='word_1_387' title='bbox 1247 2450 1292 2497; x_wconf 90' lang='lat' dir='ltr'><strong>V,</strong></span> <span class='ocrx_word' id='word_1_388' title='bbox 1325 2451 1378 2491; x_wconf 85' lang='lat'><strong>59</strong></span> <span class='ocrx_word' id='word_1_389' title='bbox 1409 2457 1447 2487; x_wconf 88' lang='lat' dir='ltr'><strong>et</strong></span> 
     </span>
     <span class='ocr_line' id='line_1_77' title="bbox 785 2503 1447 2557; baseline 0.003 -16"><span class='ocrx_word' id='word_1_390' title='bbox 785 2504 833 2541; x_wconf 91' lang='lat' dir='ltr'><strong>de</strong></span> <span class='ocrx_word' id='word_1_391' title='bbox 853 2506 991 2542; x_wconf 83' lang='lat' dir='ltr'><strong>vocula</strong></span> <span class='ocrx_word' id='word_1_392' title='bbox 1009 2503 1066 2544; x_wconf 76' lang='grc' dir='ltr'><strong>ἔτι</strong></span> <span class='ocrx_word' id='word_1_393' title='bbox 1085 2505 1138 2542; x_wconf 89' lang='lat' dir='ltr'><strong>sic</strong></span> <span class='ocrx_word' id='word_1_394' title='bbox 1156 2506 1362 2557; x_wconf 58' lang='lat' dir='ltr'><strong>postposita</strong></span> <span class='ocrx_word' id='word_1_395' title='bbox 1384 2507 1447 2543; x_wconf 86' lang='lat' dir='ltr'><strong>Ia-</strong></span> 
     </span>
     <span class='ocr_line' id='line_1_78' title="bbox 784 2560 1445 2613; baseline 0.003 -15"><span class='ocrx_word' id='word_1_396' title='bbox 784 2561 888 2599; x_wconf 88' lang='lat' dir='ltr'><strong>cobs.</strong></span> <span class='ocrx_word' id='word_1_397' title='bbox 921 2560 970 2598; x_wconf 91' lang='lat' dir='ltr'><strong>ad</strong></span> <span class='ocrx_word' id='word_1_398' title='bbox 1005 2562 1155 2599; x_wconf 85' lang='lat' dir='ltr'><strong>Aelian.</strong></span> <span class='ocrx_word' id='word_1_399' title='bbox 1192 2563 1239 2601; x_wconf 88' lang='lat' dir='ltr'><strong>N.</strong></span> <span class='ocrx_word' id='word_1_400' title='bbox 1271 2563 1319 2598; x_wconf 91' lang='lat' dir='ltr'><strong>A.</strong></span> <span class='ocrx_word' id='word_1_401' title='bbox 1357 2575 1445 2613; x_wconf 86' lang='lat' dir='ltr'><strong>pag.</strong></span> 
     </span>
     <span class='ocr_line' id='line_1_79' title="bbox 784 2616 1447 2670; baseline 0.006 -17"><span class='ocrx_word' id='word_1_402' title='bbox 784 2616 881 2659; x_wconf 88' lang='grc'><strong>659.</strong></span> <span class='ocrx_word' id='word_1_403' title='bbox 910 2641 961 2646; x_wconf 92' lang='grc'>-</span> <span class='ocrx_word' id='word_1_404' title='bbox 1010 2619 1158 2656; x_wconf 88' lang='lat' dir='ltr'><strong>Vocem</strong></span> <span class='ocrx_word' id='word_1_405' title='bbox 1193 2617 1447 2670; x_wconf 82' lang='grc' dir='ltr'><em>παράδειγμα</em></span> 
     </span>
     <span class='ocr_line' id='line_1_80' title="bbox 783 2673 1441 2725; baseline 0.002 -15"><span class='ocrx_word' id='word_1_406' title='bbox 783 2673 887 2711; x_wconf 86' lang='lat' dir='ltr'><strong>idem</strong></span> <span class='ocrx_word' id='word_1_407' title='bbox 905 2675 1037 2712; x_wconf 88' lang='lat' dir='ltr'><strong>Iacobs</strong></span> <span class='ocrx_word' id='word_1_408' title='bbox 1057 2675 1096 2711; x_wconf 88' lang='lat' dir='ltr'><strong>in</strong></span> <span class='ocrx_word' id='word_1_409' title='bbox 1115 2675 1241 2711; x_wconf 85' lang='lat' dir='ltr'><strong>Attica</strong></span> <span class='ocrx_word' id='word_1_410' title='bbox 1259 2687 1347 2725; x_wconf 83' lang='lat' dir='ltr'><strong>pag.</strong></span> <span class='ocrx_word' id='word_1_411' title='bbox 1361 2677 1441 2715; x_wconf 87' lang='lat'><strong>333</strong></span> 
     </span>
     <span class='ocr_line' id='line_1_81' title="bbox 783 2729 1442 2781; baseline 0 -14"><span class='ocrx_word' id='word_1_412' title='bbox 783 2732 835 2768; x_wconf 84' lang='lat' dir='ltr'><strong>sic</strong></span> <span class='ocrx_word' id='word_1_413' title='bbox 856 2732 1034 2781; x_wconf 82' lang='lat' dir='ltr'><strong>exponit:</strong></span> <span class='ocrx_word' id='word_1_414' title='bbox 1058 2730 1152 2779; x_wconf 82' lang='lat' dir='ltr'><strong>„der</strong></span> <span class='ocrx_word' id='word_1_415' title='bbox 1171 2732 1265 2778; x_wconf 86' lang='lat' dir='ltr'><strong>Riss,</strong></span> <span class='ocrx_word' id='word_1_416' title='bbox 1286 2730 1360 2767; x_wconf 89' lang='lat' dir='ltr'><strong>den</strong></span> <span class='ocrx_word' id='word_1_417' title='bbox 1381 2729 1442 2768; x_wconf 88' lang='lat' dir='ltr'><strong>die</strong></span> 
     </span>
     <span class='ocr_line' id='line_1_82' title="bbox 785 2785 1442 2825; baseline 0.002 -1"><span class='ocrx_word' id='word_1_418' title='bbox 785 2785 1066 2824; x_wconf 82' lang='lat' dir='ltr'><strong>Unternehmer</strong></span> <span class='ocrx_word' id='word_1_419' title='bbox 1094 2788 1198 2824; x_wconf 86' lang='lat' dir='ltr'><strong>eines</strong></span> <span class='ocrx_word' id='word_1_420' title='bbox 1228 2788 1342 2825; x_wconf 81' lang='lat' dir='ltr'><strong>Bau’s</strong></span> <span class='ocrx_word' id='word_1_421' title='bbox 1372 2788 1442 2825; x_wconf 86' lang='lat' dir='ltr'><strong>be-</strong></span> 
     </span>
    </p>
   </div>
  </div>
 </body>
</html>
