1851 3181
261 729 360 775 108

93 791 158 818 Soti
169 793 367 822 Plataeenses

93 825 326 856 Atheniensfibus

105 864 219 897 »mesto
237 866 315 890 sunt.

124 895 292 922 ecessimdo

94 931 290 965 utrorumque
315 938 368 956 un-

94 961 132 988 de
143 962 291 1000 originem
306 967 367 992 tra-

94 1000 183 1023 xerit.

422 215 507 256 378

834 212 1299 251 HERODOTI

426 322 630 377 ἐξευρεῖν·
675 322 733 374 ὥς
763 323 809 367 δὲ
847 320 930 366 οὐκ
961 321 1161 377 ἐφαίνετό
1192 324 1236 366 οἱ
1265 322 1288 365 ὁ
1326 321 1463 375 ὀδών,
1505 321 1685 366 ἀναστε-

398 389 582 442 ΰνάξας,
635 388 727 433 εἶπε
766 390 880 444 πρός
918 389 1022 440 τοὺς
1068 390 1368 444 παραστάτας·
1416 390 1497 443 ,ῘΗ
1525 393 1581 446 γῆ
1608 389 1685 446 ἥδε

427 456 538 510 ,,οὕκ
576 455 757 514 ἡμετέρη
797 457 913 510 ἐστὶ,
962 457 1068 502 οὐδέ
1097 475 1173 514 μιν
1202 457 1482 515 δυνησόμεθα
1510 457 1677 513 ὑποχει-
1697 465 1742 499 60

426 527 554 579 ,,ριήν
582 524 873 581 ποιήσασθαι·
921 524 1081 570 ὁκόσον
1119 527 1165 570 δέ
1203 531 1244 571 τί
1281 544 1354 583 μοι
1384 527 1515 583 μέρος
1542 530 1690 581 μετῆν,

427 591 478 644 ,,ὁ
510 591 626 636 ὀδών
646 592 846 649 μετέχει.“
901 592 1066 650 Ἱππίης
1109 594 1187 650 μὲν
1217 595 1268 653 δὴ
1297 595 1433 653 ταύτῃ
1471 593 1550 650 τὴν
1588 592 1693 645 ὄψιν

425 659 685 716 συνεβάλετο
716 661 1029 717 ἐξεληλυθέναι.

514 728 787 785 Ἀθηναίοισι
807 730 853 773 δὲ
873 730 1165 786 τεταγμένοισι
1192 731 1239 775 ἐν
1257 730 1421 787 τεμένεϊ
1444 727 1688 783 Ἡρακλέος,

425 796 620 851 ἐπῆλθον
659 797 921 853 βοηθέοντες
954 798 1188 849 Πλαταιέες
1214 800 1442 854 πανδημεί.
1494 799 1566 842 καὶ
1607 797 1747 853 γαρ65

423 865 497 907 καὶ
537 864 805 908 ἐδεδώκεσαν
844 866 980 922 σφέας
1011 865 1175 918 αὐτούς
1203 872 1314 910 τοῖσι
1348 865 1618 923 Ἀθηναίοισι
1648 867 1693 909 οἱ

427 933 688 984 Πλαταιέες,
740 934 812 976 καὶ
847 934 1013 986 πόνους
1055 935 1167 989 ὑπὲρ
1207 933 1354 978 αὐτῶν
1388 936 1436 977 οἱ
1469 933 1693 990 Ἀθηναῖοι

397 1000 617 1056 Ξσυχνούς
644 1000 726 1057 ἤδη
752 1000 985 1056 ἄναιρέατο
1002 1020 1010 1029 ·
1042 1004 1200 1048 ἔδοσαν
1219 1003 1265 1046 δὲ
1285 998 1381 1047 ὦδε.
1423 1001 1692 1056 πιεζεύμενοι

426 1067 515 1112 ὑπὸ
544 1071 755 1126 ἼΘηβαίων
784 1072 828 1114 οἱ
859 1073 1116 1127 Πλαταιέες,
1148 1073 1352 1116 ἐδίδοσαν
1379 1074 1529 1126 πρῶτα
1557 1084 1691 1124 παρα-

425 1143 607 1193 τυχοῦσι
646 1140 884 1194 Κλεομένεϊ·
917 1157 961 1184 τε
989 1144 1051 1200 τῷ
1076 1139 1415 1196 Ἀναξανδρίδεω
1455 1138 1529 1182 καὶ
1557 1140 1693 1181 Λακε-

427 1207 694 1261 δαιμονίοισι
735 1208 874 1263 σφέας
913 1206 1098 1260 αὐτούς·
1146 1211 1191 1252 οἱ
1219 1208 1287 1260 δὲ,
1341 1206 1397 1251 οὐ
1447 1204 1690 1260 δεκόμενοι,
1705 1210 1751 1244 70

398 1273 581 1328 δέ’λεγόν
610 1285 691 1330 σφι
718 1274 840 1319 τάδε·
881 1276 1049 1333 ,ξΗμεῖς
1067 1276 1146 1334 μὲν
1175 1274 1387 1330 ἑκαστέρω
1407 1290 1451 1318 τε
1480 1274 1694 1330 οἰκέομεν,

371 1412 612 1463 Scriptorum
642 1414 736 1451 alius
768 1416 864 1466 quis.
923 1414 1033 1453 Ster-

370 1477 595 1507 nutamenta
616 1478 745 1508 autem
772 1473 873 1508 inter
903 1473 1033 1508 omina

374 1539 395 1562 a
415 1528 604 1564 veteribus
623 1526 753 1565 habita
772 1529 885 1565 fuisse
907 1530 1033 1579 plures

372 1590 557 1621 testantur
582 1585 658 1621 loci
695 1584 964 1636 Xenophontis
993 1588 1034 1623 in

371 1641 497 1677 Anab.
517 1642 583 1688 ΙΙΙ,
605 1644 631 1680 2
653 1643 690 1687 ᾧ.
713 1643 737 1681 9
768 1643 855 1679 coll.
875 1644 1032 1681 Homer.

373 1696 507 1749 Odyss.
549 1699 669 1746 XVII,
718 1697 795 1738 541
812 1728 822 1747 ,
864 1701 893 1735 F
896 1701 1036 1737 rontin-

375 1755 539 1805 Stra‘teg.
559 1756 590 1802 I,
616 1757 667 1795 12
687 1755 725 1800 ξ.
750 1757 814 1794 11.
845 1756 964 1793 Cicer.
979 1758 1038 1792 De

376 1810 494 1850 divin.
523 1813 571 1859 ΙΙ,
596 1809 663 1858 40,
699 1811 765 1847 ubi
795 1811 873 1849 vid.
906 1814 1036 1853 Davis.

374 1867 437 1904 Ad
457 1869 619 1906 verbum
636 1866 792 1918 ,ἐπῆλθε
812 1869 914 1906 conf.
941 1877 1038 1907 nott.

374 1924 423 1961 ad
461 1927 492 1972 I,
532 1927 585 1965 30
623 1930 659 1960 et
698 1923 745 1961 at]
785 1925 1037 1980 πρεσβυτέρῳ

374 1981 510 2018 Matth.
532 1983 599 2018 Gr.
622 1982 687 2018 Gr.
708 1994 797 2032 pag.
820 1982 915 2023 853.
942 1985 1039 2020 Mox

376 2038 465 2075 dedi
483 2033 636 2077 τούτων
658 2051 728 2088 pro
756 2037 928 2079 τουτέων
957 2047 994 2077 et
1016 2038 1039 2079 ὁ

377 2091 484 2134 ὀδών
508 2107 576 2144 pro
607 2092 630 2133 ὁ
660 2090 794 2142 (ἕδους.
861 2098 1038 2149 Namque

374 2150 594 2188 Eustathius
615 2149 663 2187 ad
682 2153 726 2188 Il.
741 2154 799 2188 XI
822 2167 859 2203 p.
880 2152 1039 2201 854,14

377 2224 406 2245 s.
428 2208 508 2249 795
531 2207 635 2256 (coll.
650 2209 757 2247 Foes.
782 2210 924 2247 Oecon.
940 2212 1039 2260 Hip-

380 2265 502 2316 pocr.)
525 2266 577 2301 sic
597 2266 802 2316 praecipit:
832 2261 971 2305 Ἰακὸν
997 2264 1039 2304 δέ

381 2333 505 2371 φασιν
536 2319 556 2360 ὅ
586 2316 706 2360 ὀδών.
772 2323 867 2358 Mox
896 2322 1041 2359 restitui

379 2372 631 2429 παραστάτας
650 2378 835 2414 librorum
846 2379 1039 2429 plurimo-

381 2448 469 2472 rum
488 2449 508 2470 e
524 2447 709 2471 consensu
729 2447 798 2485 pro
822 2437 1040 2486 παρεστεῶ-

381 2507 469 2539 τας,
490 2489 596 2543 quod
605 2492 958 2541 cuinWesselingio
981 2498 1041 2528 te-

382 2550 465 2585 nuit
484 2546 722 2585 Schaeferus.
766 2547 948 2585 Matthiae
970 2547 1039 2584 de-

382 2604 436 2643 dit
472 2599 759 2657 παραστοῖντας.
817 2606 862 2641 In
891 2603 1038 2642 duobus

384 2660 496 2700 codd.
521 2657 798 2713 παριστάντας.

599 2717 691 2769 Cap.
713 2718 844 2755 CVIII.

439 2772 748 2825 ἐξεληλυθέναι]
797 2773 907 2812 Cous.
943 2780 1039 2811 nott.

385 2831 431 2868 ad
452 2833 515 2880 VI,
535 2834 602 2873 80.
658 2833 702 2868 In
730 2844 836 2884 seqq.
858 2828 946 2868 dedi
967 2825 1041 2869 αὕ-

1091 1417 1172 1454 τοῖν
1203 1427 1272 1465 pro
1301 1407 1459 1451 αὐτέων
1480 1419 1517 1449 et
1537 1407 1748 1462 οἷναιρέατο

1088 1485 1160 1523 pro
1181 1472 1285 1522 vulg.
1295 1466 1548 1517 ἅναιρέοντο.
1578 1468 1749 1516 Bekkenf.

1085 1525 1350 1581 roc’vaocapicno
1372 1525 1490 1564 dedit.
1544 1526 1608 1565 Ad
1623 1526 1751 1576 ,ἐπῆλ-

1091 1590 1171 1625 θον
1191 1585 1291 1622 conf.
1311 1585 1375 1632 IV,
1396 1582 1462 1623 46.

1150 1664 1191 1704 ἐν
1223 1662 1378 1714 τεμένεϊ
1399 1659 1635 1714 Γἔπῖρακλεόςῇ
1666 1659 1756 1697 Vid.

1092 1722 1156 1768 Vl,
1182 1724 1272 1762 116.
1330 1721 1476 1756 Auctor
1514 1724 1569 1754 est
1607 1718 1756 1753 Pausa-

1093 1779 1175 1815 nias
1194 1779 1224 1825 I,
1240 1781 1305 1824 32,
1320 1776 1345 1816 4
1366 1790 1387 1812 a
1402 1773 1650 1811 Marathoniis
1671 1774 1756 1809 cul-

1093 1842 1179 1872 tum
1223 1834 1336 1870 fuisse
1370 1833 1596 1869 Herculem:
1639 1842 1756 1882 quem

1095 1891 1212 1928 deum
1233 1892 1300 1927 sibi
1323 1891 1453 1941 primis
1481 1890 1581 1925 iuter
1610 1894 1754 1923 ceteros

1096 1950 1261 1985 Graecos
1282 1948 1497 1998 apparuisse
1525 1942 1756 1981 Marathonii

1095 2005 1281 2043 dicebant.
1346 2006 1481 2055 Itaque
1518 2000 1624 2038 haud
1656 2013 1756 2037 vana

1093 2062 1245 2100 videtur
1263 2062 1390 2098 Krusii
1409 2059 1570 2110 suspicio
1599 2056 1755 2107 (Hellas

1093 2121 1124 2168 Ι,
1149 2122 1168 2159 1
1192 2133 1232 2170 p.
1255 2118 1359 2167 276)
1390 2130 1509 2168 prope
1537 2116 1640 2152 viam
1669 2125 1756 2150 ma-

1094 2189 1213 2227 gnam
1232 2173 1335 2211 haud
1355 2175 1470 2223 longe
1491 2185 1512 2208 a
1543 2172 1650 2208 fonte
1669 2171 1756 2206 Ma—

1094 2233 1195 2269 caria
1222 2231 1394 2267 Herculis
1412 2230 1526 2266 fuisse
1553 2227 1756 2277 templum,

1094 2301 1175 2326 non
1213 2286 1326 2325 valde
1362 2292 1555 2322 remotum
1592 2284 1640 2320 ab
1673 2285 1755 2334 ipso

1096 2343 1237 2397 oppido
1267 2342 1506 2380 Marathone.

1154 2431 1374 2485 ἑκαστέρω]
1418 2433 1479 2470 :Ita
1518 2437 1621 2468 recte
1651 2443 1755 2468 nunc

1098 2489 1243 2528 editum
1262 2503 1331 2541 pro
1354 2487 1537 2539 ἑκατέρω.
1586 2486 1756 2534 Vid.J·H‚

1100 2550 1191 2587 101.
1221 2548 1404 2598 Apollon.
1434 2544 1561 2583 Rhod.
1595 2545 1660 2592 IV,
1690 2546 1754 2584 90.

1094 2602 1259 2655 Hesych.
1280 2606 1298 2640 Ι
1317 2617 1354 2655 p.
1381 2603 1487 2644 1125
1518 2601 1632 2651 (ubi:
1665 2598 1756 2639 ἑκα-

1097 2659 1244 2713 στέρω·
1302 2657 1541 2711 ποῤῥωτέρω
1594 2670 1755 2707 κεχωρι-

1096 2716 1280 2768 σμένως.)
1318 2718 1422 2754 Haec
1452 2715 1576 2753 attulit
1594 2714 1755 2750 wesse-

1095 2774 1188 2824 ling.
1217 2776 1276 2811 De
1305 2772 1551 2823 comparativi
1579 2781 1650 2808 usu
1676 2766 1753 2805 vid.

1095 2829 1230 2870 matth.
1252 2831 1317 2868 Gr.
1340 2831 1406 2868 Gr.
1427 2841 1512 2879 pag.
1534 2826 1629 2868 854.
1652 2825 1754 2862 ,Mox
