1789 3258
402 247 864 288 POLYMNIA
923 248 1023 286 VII.

1279 247 1363 288 623

106 356 286 411 σαλικοὲ,
325 356 406 401 τόν
433 373 478 401 τε·
504 354 741 414 Ὄλυμπον
766 357 839 402 καὶ
868 356 949 414 τὴν
975 354 1155 408 Ὄσσαν,
1187 354 1420 412 pernities-40

104 443 148 471 τε
191 423 438 482 ὑπερμήκεα
477 424 624 479 ἐόντα,
666 425 739 471 διοὶ
770 426 907 481 μέσου
934 441 978 469 τε
1007 423 1155 467 αὐτῶν
1185 421 1364 470 αὐλῶνα

47 600 255 636 accuratius
273 598 512 650 perquisivit:
539 612 633 651 quos
650 606 704 637 et-

46 657 124 693 iam
160 656 331 707 inprimis
390 654 504 692 duces
553 664 703 694 secutus

46 713 212 749 Klausen
227 712 273 749 de
287 713 451 764 Olympo
462 720 592 750 monte
603 715 705 764 opti-

45 783 109 806 me
129 771 303 820 exposuit
329 771 370 806 in
390 769 522 806 Ersch.
545 777 581 807 et
602 772 705 807 Gru-

45 827 125 866 ber.
159 827 369 879 Encyclop.
398 827 499 864 Sect.
520 828 573 863 III
603 829 653 864 T.
675 831 700 868 3

43 896 132 934 pag.
162 886 242 925 328
263 897 341 936 seq.
372 885 547 935 Namque
560 885 705 935 Olympi

43 942 168 978 montis
186 942 344 977 nomine
354 942 463 991 plura
476 942 702 993 plerumque

44 997 306 1048 significantur
343 999 536 1034 montium
567 999 704 1035 altissi-

43 1067 198 1091 morum
226 1056 335 1105 iuga,
386 1068 483 1106 quae
510 1062 598 1092 sunt
631 1069 703 1092 ex·-

43 1118 165 1148 trema
185 1112 283 1148 illius
304 1119 466 1160 tractus,
487 1113 554 1164 qui
575 1113 620 1149 ab
639 1126 703 1149 oc-

43 1181 132 1205 casu
143 1169 329 1205 orientem
340 1182 468 1206 versus
478 1169 600 1205 ferme
612 1182 704 1220 por-

41 1232 165 1262 rectus
202 1232 238 1262 et
284 1225 550 1263 Cambuniorum
587 1239 704 1263 mon-

42 1283 140 1318 tium
166 1283 325 1319 nomine
358 1290 470 1319 notus
492 1283 613 1331 (nunc
632 1296 705 1320 vo-

42 1346 130 1376 cant
148 1347 323 1376 montem
348 1338 514 1391 Volutza)
537 1341 578 1376 in
597 1339 701 1377 hunc

39 1397 166 1447 ipsum
181 1397 335 1448 Olympi
345 1403 519 1434 montem
529 1399 704 1434 omnium

41 1466 133 1490 sane
167 1454 393 1490 altissimum
430 1467 473 1490 ac
501 1455 598 1491 mari
621 1455 704 1490 Ae-

42 1508 138 1560 gaeo
157 1512 379 1560 proximum
399 1509 556 1549 desinat.
597 1512 703 1557 Quae

42 1568 222 1604 altissima
259 1569 399 1604 montis
428 1568 603 1605 feruntur
636 1581 704 1605 ca-

43 1625 198 1661 cumina
218 1621 359 1675 (οὕρεα
391 1621 563 1677 μεγάθεϊ
577 1624 704 1677 ὑπερ-

43 1677 174 1732 μήκεα
192 1679 330 1732 ἐόντα)
349 1680 397 1718 ad
417 1695 485 1721 sex
503 1696 533 1719 s.
554 1689 701 1733 septem

42 1739 148 1775 mille
169 1737 285 1789 pedes
303 1740 545 1789 exsurgentia
566 1738 702 1787 (1017

42 1796 80 1832 T
83 1797 176 1832 oises
218 1796 326 1846 ponit
358 1797 573 1845 Bernoulli)
612 1797 702 1832 nive

39 1853 267 1904 plerumque
294 1853 466 1901 obtecta,
494 1853 702 1889 terribilem

40 1910 174 1960 utique
204 1908 426 1960 adspectum
446 1911 619 1946 cominus
635 1922 702 1946 ac-

41 1965 261 2002 cedentibus
304 1967 486 2016 praebere
523 1965 702 2003 dicuntur

42 2023 91 2059 ob
129 2022 249 2058 multa
276 2035 367 2058 saxa
401 2029 604 2074 praerupta
634 2036 704 2059 ru-

41 2091 185 2130 pesque
206 2077 368 2115 declives
403 2092 445 2115 ac
477 2080 701 2130 praecipites

42 2148 181 2187 easque
202 2136 371 2172 maxime
392 2135 513 2173 aridas
538 2150 609 2173 nec
639 2137 703 2173 ul-

40 2193 85 2229 lis
116 2191 242 2229 herbis
280 2193 465 2244 plantisve
492 2200 631 2241 tectas3
681 2207 701 2229 e

41 2249 254 2301 longinquo
301 2256 513 2300 spectantes
569 2251 699 2287 animo

41 2307 245 2343 maiestatis
282 2307 397 2357 pleno
435 2307 499 2343 illa
532 2307 703 2345 afficiunt

42 2369 155 2415 atque
173 2363 394 2401 incendunt.
422 2365 557 2416 Neque
572 2372 703 2401 tamen

45 2432 133 2456 cum
153 2421 350 2457 Helvetiae
370 2421 544 2472 Alpibus,
567 2435 587 2458 e
604 2435 702 2474 qua-

43 2489 129 2513 rum
146 2478 404 2515 cacuminibus
413 2491 613 2531 nunquam
625 2479 703 2516 dis-

28 2580 30 2582 Υ
43 2533 445 2585 cedjtnix,comparari
456 2537 703 2588 posseOlym—

31 2593 137 2641 'pum
158 2603 333 2641 expresse
352 2604 568 2630 monemur.
612 2593 701 2631 Vid.

42 2646 315 2684 Vaudoncourt
345 2646 600 2700 Schilderung
635 2649 701 2688 des

43 2701 188 2755 heutig.
229 2701 445 2741 Griechenl.
483 2718 572 2756 pag.
607 2709 703 2747 388.

30 2760 331 2813 ''Poucquevillei
360 2761 483 2797 itiner.
516 2763 545 2809 1,
567 2764 593 2802 2
613 2775 700 2813 pag.

45 2813 125 2857 400
145 2831 228 2869 cap.
250 2817 309 2858 76
325 2816 383 2854 ed.
411 2831 566 2855 vernae.
594 2818 705 2856 Dod-

46 2873 144 2912 well.
163 2875 273 2912 Reise.
294 2873 332 2912 d.
353 2873 505 2914 Griech.
527 2876 574 2923 H,
600 2878 619 2916 1
643 2889 705 2927 cp.

735 1797 875 1835 vmodo
907 1798 1087 1848 cognosci
1115 1796 1268 1833 dixeris.

762 602 813 642 19
833 612 920 651 pag.
946 600 1024 639 190
1045 611 1126 651 seq.
1158 599 1263 635 Inter
1283 596 1420 650 Olym-

759 670 853 708 pum
882 662 1055 692 montem
1087 668 1130 692 rc
1155 668 1260 691 mare
1293 667 1419 705 angu-

759 721 861 751 stum
872 714 1037 764 spatium
1057 711 1174 763 idque
1184 719 1418 762 stagnosum‚

759 784 828 823 per
858 769 961 823 quod
980 770 1042 805 via
1071 768 1175 805 ducit
1196 782 1216 805 a
1236 767 1420 805 Macedo-

760 830 823 864 nia
842 830 882 864 in
904 825 1169 873 Thessaliam3
1211 839 1232 862 a
1263 832 1419 876 septen-

757 887 880 922 trione
901 897 1017 937 aquas
1036 884 1155 921 volvit
1165 883 1332 934 Enipeus
1343 882 1419 918 flu-

758 944 840 980 vius
860 955 929 993 per
958 942 1156 992 planitiem
1185 947 1336 991 postera
1352 952 1420 976 ae-

758 1006 834 1036 tate
864 1000 912 1036 ob
934 1000 1199 1035 Romanorum
1230 1010 1272 1034 ac
1293 998 1420 1033 Mace-

759 1055 905 1093 donum
943 1068 1090 1106 pugnas
1118 1055 1419 1101 celeberrimam,

760 1126 782 1149 a
810 1112 970 1150 meridIe
1011 1111 1148 1149 adsunt
1187 1113 1340 1163 Tempe
1375 1123 1419 1148 ac

759 1172 932 1217 Peneus,
956 1168 1004 1206 ad
1038 1170 1144 1206 cuius
1175 1170 1334 1205 alteram
1366 1168 1421 1205 ri-

758 1241 850 1278 pam
889 1228 1056 1276 exsurgit
1088 1227 1180 1264 Ossa
1209 1239 1343 1273 mons,
1384 1231 1421 1261 et

759 1286 839 1335 ipse
860 1296 1046 1336 perquam
1065 1283 1174 1331 altus,
1196 1282 1263 1319 sed
1284 1283 1420 1333 Olym-

760 1355 856 1392 pum
910 1354 990 1378 non
1041 1353 1221 1392 aequans.
1307 1341 1421 1375 Nunc

762 1400 948 1450 Olympus
975 1404 1069 1434 teste
1101 1399 1214 1434 Krus.
1254 1397 1383 1433 Hellas
1402 1395 1422 1432 I

759 1470 798 1506 p.
815 1459 897 1497 282
909 1469 930 1492 a
952 1455 1105 1492 Graecis
1124 1461 1283 1491 vocatur
1301 1453 1422 1490 Elim-

760 1514 800 1549 bo
834 1509 1072 1564 (”Ελιμπος)
1094 1524 1115 1547 a
1133 1513 1271 1548 Turcis
1292 1511 1422 1548 Sema-

758 1569 943 1606 rat-Evz'
972 1571 999 1606 i.
1030 1583 1063 1608 e.
1095 1569 1215 1605 domus
1244 1568 1422 1617 coelestis,-

757 1627 798 1663 in
828 1639 905 1678 quo
936 1627 1018 1676 ipso
1054 1633 1224 1663 veterem
1256 1625 1420 1676 appella-

758 1685 924 1731 tionem7
957 1697 1006 1719 ex
1022 1696 1098 1735 qua
1128 1683 1339 1734 Olympum
1359 1695 1421 1719 se-

757 1739 846 1778 dem
858 1740 1018 1777 deorum
1028 1738 1422 1791 finxerant‚quoda1n-

1341 1794 1420 1833 Sed

759 1854 806 1891 de
826 1853 897 1902 his,
919 1867 1017 1906 quae
1039 1852 1078 1890 h.
1099 1854 1126 1890 l.
1147 1853 1317 1905 pluribus
1330 1865 1420 1903 per-

757 1913 865 1963 sequi
885 1924 965 1947 non
985 1917 1116 1958 vacat,
1137 1909 1215 1947 vid.
1238 1910 1419 1946 Klausen.

755 1969 780 2004 l.
801 1969 841 2015 l.‚
866 1969 932 2019 qui
951 1966 1055 2003 idem
1076 1981 1114 2018 p.
1131 1965 1297 2007 3321100
1320 1979 1420 2018 quo-

758 2037 833 2076 que
853 2026 986 2075 attigit,
1013 2024 1059 2060 ab
1092 2022 1286 2060 Herodoto
1314 2022 1418 2061 hunc

757 2088 931 2118 montem
979 2080 1200 2118 Thessaliae
1244 2079 1419 2129 adscribi,

758 2151 847 2175 cum
883 2139 946 2175 alii
992 2139 1139 2175 serioris
1177 2138 1419 2189 potissimum

758 2196 887 2232 aetatis
930 2197 1131 2247 scriptores
1171 2208 1261 2231 eum
1298 2194 1417 2232 modo

757 2251 977 2290 Thessaliae
1013 2251 1131 2289 modo
1168 2251 1419 2289 Macedoniae

759 2307 879 2361 (unde
911 2311 973 2348 vel
1009 2308 1258 2358 Macedonici,
1276 2310 1419 2347 montis

756 2380 900 2404 nomen
931 2367 1155 2419 acquisivit)
1186 2365 1341 2404 addant.
1361 2388 1418 2394 —

755 2425 814 2460 De
861 2424 953 2462 Ossa
990 2423 1068 2462 vid.
1107 2430 1203 2464 nott.
1246 2423 1295 2461 ad
1334 2424 1418 2473 VII,

813 2534 879 2577 διοὶ
903 2535 1023 2588 μέσου
1040 2551 1080 2586 ve
1102 2533 1238 2577 αὐτῶν
1254 2532 1417 2576 αὐλῶνα

757 2591 913 2633 στεινόν
955 2590 1266 2645 πυνθανόμενος
1303 2589 1418 2642 εἶναι,

759 2646 816 2690 δι’
849 2645 899 2690 οὗ
933 2649 1013 2699 ῥέει
1041 2649 1065 2691 ὅ
1097 2647 1292 2701 Πηνειός]
1324 2652 1418 2687 Iun-

758 2719 893 2758 gamus
913 2706 1016 2744 hisce
1038 2720 1094 2755 ea,
1126 2720 1223 2759 quae
1244 2708 1324 2753 vn,
1338 2707 1416 2746 173

760 2771 928 2801 exstant:
962 2760 1121 2802 ἀπίκετο
1140 2763 1178 2809 ἐς
1197 2759 1245 2801 τοὶ
1262 2761 1418 2813 Τέμπεα

760 2819 800 2867 ἐς
818 2818 891 2872 τήν
912 2815 1207 2871 ἐσβολήν,ἥπερ
1229 2813 1309 2859 cino*
1322 2822 1418 2858 Μα-

759 2876 943 2927 κεδονίης
975 2878 1047 2927 τῆς
1074 2872 1181 2915 κάτω
1208 2875 1248 2923 ἔς
1268 2877 1416 2916 Θεσσα-
