1815 3181
405 234 488 275 2530

801 215 1261 258 HERODOTI

379 338 495 394 3,,ὄὶν
525 352 599 393 μιν
627 335 687 389 τῷ
711 331 840 386 ἑτέρῳ
881 327 1048 384 βασιλέϊ
1086 319 1269 369 ἐλθόντα
1309 319 1665 376 συλλαμβάνειν.“

410 409 523 462 ἔλεγε
552 404 597 447 δὲ
626 404 764 444 ταῦτα
794 398 836 450 ἐξ
865 396 1088 450 ἐπιστολῆς
1116 394 1194 448 τῆς
1213 387 1488 446 Δημαρήτου.
1529 389 1666 430 Κλεο-

411 475 540 530 μένης
580 469 650 520 δὲ,
696 463 1045 519 ἀπελαυνόμενος
1089 460 1136 502 έκ
1175 460 1250 512 τῆς
1290 455 1487 510 Αἰγίνης,
1528 455 1667 507 εἴρετο

411 542 486 585 τὸν
516 541 655 591 Κρῖον
683 534 710 578 ὅ
749 551 791 577 τι
836 533 879 575 οί
917 532 981 586 ε’ίη
1017 526 1066 572 τό
1116 524 1303 578 οὔνομα”
1356 519 1380 564 ὁ
1420 522 1467 564 δὲ
1501 520 1550 564 τό
1594 519 1667 562 έόν

384 605 582 664 4έ’φρασέ
611 606 666 647 οἵ.
707 601 731 648 ὁ
762 601 809 645 δὲ
837 597 1083 653 Κλεομένης
1109 592 1218 647 πρὸς
1248 588 1386 633 αὐτόν
1407 589 1508 644 ἔφη·
1538 586 1670 640 ,ζΉδη
1726 586 1805 630 460

412 679 523 729 ,,νῦν
553 669 849 726 καταχάλκου,
883 660 916 709 ὦ
944 662 1071 720 Κριὲ,
1114 660 1167 703 τοὶ
1197 658 1349 713 κέρεα,
1385 655 1443 705 ὥς
1472 653 1668 698 συνοισό-
1681 660 1726 695 66
1790 652 1793 662 ’

897 736 914 745 a-

288 749 351 798 51
411 757 565 800 ,,μενος
596 736 765 795 μεγάλῳ
795 738 955 792 κακῳ.“
1015 729 1090 773 Ἐν
1129 727 1174 770 δὲ
1213 729 1264 781 τῇ
1301 722 1481 778 Σπάρτῃ
1510 720 1671 766 τοῦτον

414 810 492 854 τόν
523 806 684 864 χρόνον
714 801 947 858 ὑπομένων
965 795 1225 854 Δημάρητος
1256 790 1278 835 ὁ
1305 788 1562 845 Ἀρίστωνος
1593 788 1675 833 διέ-

418 880 545 935 βαλλε
567 873 645 917 τὸν
664 867 926 925 Κλεομένεα,
959 866 1043 910 ἐών
1064 859 1264 920 βασιλεὺς
1284 859 1357 902 καὶ
1387 853 1514 908 οὗτος
1532 861 1676 910 Σπαρ-

417 945 616 1002 τιητέων,
660 940 798 994 οἰκίης
839 935 885 980 δὲ
919 939 995 990 τῆς
1034 928 1373 983 ὑποδεεστέρης·
1423 923 1521 968 κατ’
1574 924 1734 967 ἅλλοΊΟ

418 1014 498 1070 μέν
529 1010 660 1055 οὐδέν
687 1003 1024 1058 ὑποδεεστέρης,
1056 998 1140 1042 ἀπὸ
1170 995 1253 1053 γὰρ
1283 997 1362 1037 τοῦ
1394 991 1529 1036 αὑτοῦ
1558 989 1678 1047 γεγό-

417 1091 542 1124 νασι·
573 1076 682 1121 κατὰ
711 1072 1047 1130 πρεσβυγενείην
1076 1068 1122 1110 δέ
1150 1081 1237 1115 κως
1265 1063 1485 1117 τετίμηται
1513 1061 1680 1115 μᾶλλον

420 1147 447 1205 ἡ
478 1143 800 1199 Εὐρυσθένεος.

1568 1163 1600 1181 Q.

503 1209 845 1267 Λακεδαιμόνιοι
863 1204 969 1264 γὰρ,
1000 1198 1309 1260 ὁμολογέοντες
1329 1192 1479 1240 οὐδενὶ
1508 1191 1680 1246 ποιητῇ,

996 1408 1004 1423 Ι

427 1422 548 1476 εἷ’ρετο
569 1417 639 1460 τόν
653 1418 781 1469 Κρῒον
809 1410 832 1454 ὅ
852 1427 889 1452 τι
906 1410 947 1451 οἷ
966 1409 1028 1460 εἰη

371 1476 414 1520 τὸ
451 1477 631 1529 οὕνομα]
674 1473 880 1523 „Suspicor
909 1468 1030 1517 Aegi-

371 1544 503 1574 netam
522 1537 636 1573 istum
656 1532 786 1568 Crium
806 1530 1031 1565 luctatorem

371 1594 509 1641 fuisse,
554 1602 671 1643 quem
700 1584 916 1624 Simonides
948 1594 1033 1617 oar-

373 1652 479 1687 mine
498 1645 780 1685 memoraverit.
822 1642 879 1677 Cf.
902 1636 1033 1676 Schol.

376 1706 426 1744 ad
445 1703 639 1755 Aristoph.
658 1701 757 1738 Nub.
773 1698 891 1739 1359.
913 1696 1035 1731 Acer-

376 1763 427 1800 bo
452 1764 538 1799 ioco
577 1757 762 1797 Herodoti
799 1755 1034 1796 Cleomenes,

380 1832 471 1856 cum
495 1819 681 1868 Aegineta
710 1813 780 1850 sibi
799 1822 942 1847 nomen
959 1819 1037 1843 esse

382 1875 537 1913 dixisset
562 1873 704 1925 Κρέον,
734 1867 812 1920 ’ἤδη
849 1868 926 1904 νῦν
958 1865 1038 1900 aie-

381 1933 447 1969 bat
463 1962 473 1980 ‚
503 1925 774 1980 καταχάλκου,
805 1917 837 1962 ὦ
857 1918 961 1973 κριὲ,
991 1916 1039 1957 τὰ

383 1987 516 2040 κέρεα,
548 1986 601 2033 ὥς
617 1977 900 2032 συνοισόμενος
921 1971 1042 2029 μεγά-

386 2048 441 2098 λῳ
462 2046 586 2096 κακῷ.
643 2040 722 2078 Iam
740 2050 832 2075 nunc
851 2040 904 2082 tu,
924 2036 1041 2079 velut,

388 2102 443 2137 vir
471 2101 613 2148 gregis,
642 2098 765 2133 aerata
792 2098 857 2130 tua
871 2091 936 2141 fac
968 2102 1043 2126 cor-

388 2169 481 2203 nua,
503 2156 626 2205 quibus
643 2154 753 2203 possis
770 2150 901 2186 luctari
918 2146 1045 2183 adver-

390 2225 450 2249 sus
469 2223 633 2260 magnum
670 2208 822 2252 malum,
861 2203 951 2253 quod
980 2202 1047 2237 tibi

391 2269 553 2306 imminet.
594 2265 714 2302 Paulo
736 2258 1046 2298 inconsideratius

391 2329 597 2374 negaverat
626 2321 830 2370 Aegineta,
870 2316 1048 2351 Cleome-

394 2393 485 2417 nem
528 2374 673 2418 οὐδένα
719 2373 828 2421 ἄξειν
863 2370 1049 2422 χαίροντα

395 2434 664 2488 Αἰγινητέωντ
709 2430 850 2468 dictum
871 2426 1051 2476 indigna-

396 2500 478 2539 tus,
509 2505 556 2528 ex
586 2489 715 2541 Κρίου
738 2487 895 2523 nomine
927 2487 1051 2532 captat

399 2547 566 2586 hominis
585 2542 765 2583 irridendi
796 2554 864 2578 rex
893 2539 1050 2590 Sparta-

400 2618 472 2643 nus
492 2605 754 2647 occasionemz,
785 2605 896 2649 atque
927 2608 969 2631 ea
992 2594 1051 2630 di—

403 2663 475 2710 cit,
497 2673 594 2713 quae
615 2661 655 2696 in
673 2657 752 2696 veri
771 2653 934 2691 nominis
955 2653 1053 2687 arie-

402 2725 481 2756 tem
494 2716 795 2769 petulantior-em,
810 2705 922 2761 κριόν
941 2703 1055 2746 οἶσελ-

403 2773 598 2827 γόκερων,
630 2771 703 2808 dici
731 2772 923 2821 poterant,
951 2765 1055 2800 cuius

407 2831 594 2882 protervia
638 2828 746 2866 brevi
783 2820 1054 2862 refutaretur.“

1092 1403 1312 1443 Valcken.
1341 1399 1520 1438 adiiciens
1540 1394 1662 1434 simile
1677 1392 1742 1430 Ci-

1086 1463 1231 1500 ceronis
1253 1460 1398 1497 dictum
1415 1458 1456 1492 in
1475 1456 1651 1500 Verrem,
1681 1450 1744 1487 cui

1088 1534 1108 1557 e
1128 1520 1284 1556 nomine
1304 1516 1414 1553 verris
1432 1510 1615 1549 invidiam
1636 1519 1745 1545 crea-

1087 1584 1157 1616 ret.
1214 1577 1259 1612 In
1277 1574 1383 1610 Verr.
1404 1571 1455 1617 ΙΙ,
1485 1570 1539 1609 78
1570 1566 1656 1604 coll.
1681 1563 1746 1611 IV,

1089 1633 1156 1674 25.
1178 1630 1243 1679 43,
1261 1631 1331 1666 alia
1350 1628 1409 1664 his
1434 1626 1601 1676 gemina.
1621 1623 1747 1658 Hero-

1092 1690 1203 1727 dotea
1232 1698 1385 1738 quoque
1417 1683 1539 1731 attigit
1575 1675 1748 1716 Eustath.

1092 1745 1141 1783 ad
1152 1746 1359 1795 Dionys.51
1372 1744 1405 1787 1,
1419 1738 1629 1788 eademque
1641 1746 1751 1771 com-

1092 1802 1227 1849 mode,
1278 1803 1434 1836 notante
1465 1794 1546 1841 Cr.‚
1579 1789 1752 1842 Apostoli

1092 1860 1216 1896 verbis
1241 1858 1281 1892 iu
1308 1855 1426 1905 Epist.
1458 1849 1507 1887 ad
1536 1850 1658 1886 Galat.
1687 1846 1752 1894 lv,

1095 1917 1148 1956 25
1180 1912 1352 1951 adhibuit
1382 1911 1540 1958 Bor-ger,
1568 1907 1609 1942 in
1637 1905 1750 1940 Com-

1095 1979 1214 2009 ment.
1244 1984 1281 2020 p.
1304 1969 1398 2008 309.
1455 1966 1530 2000 Pro
1560 1955 1752 2011 καταχάλ-

1097 2043 1170 2068 κου
1204 2027 1339 2075 Steger
1368 2022 1534 2073 reposuit
1565 2018 1753 2067 καταχαλ-

1098 2087 1187 2132 κοῦ,
1217 2090 1259 2119 ut
1279 2084 1324 2118 sit
1343 2079 1517 2115 medinm
1530 2076 1691 2115 verbum
1704 2070 1753 2108 ad

1099 2138 1148 2180 w*
1172 2138 1286 2191 κέρεα
1307 2142 1492 2187 spectans.

1341 2193 1431 2241 Cap.
1453 2189 1517 2225 LI.

1160 2249 1364 2301 διέβαλλε]
1397 2248 1478 2282 Hoc
1498 2242 1648 2294 reposui
1666 2251 1756 2277 cum
1788 2244 1790 2246 '

1104 2305 1322 2356 Schweigh.
1356 2311 1393 2340 et
1424 2302 1541 2339 Gainf.
1582 2311 1652 2349 pro
1680 2294 1756 2335 διέ-

1103 2367 1211 2417 βαλε.
1268 2364 1326 2398 De
1346 2361 1451 2397 verbi
1484 2355 1758 2407 significatione

1104 2422 1203 2458 cons.
1217 2419 1264 2456 ad
1277 2419 1320 2465 V,
1331 2419 1383 2458 35
1404 2421 1545 2453 notata.
1559 2434 1615 2440 ——
1635 2411 1760 2456 Quam

1105 2476 1318 2514 herodotus
1347 2475 1407 2510 hic
1437 2472 1526 2508 dicit
1544 2468 1760 2519 πρεσβυγε-

1106 2537 1229 2583 νείην,
1251 2531 1454 2568 Pausanias
1474 2528 1539 2574 111,
1560 2529 1584 2566 3
1598 2525 1634 2570 ξ.
1656 2526 1761 2565 8νο-

1109 2593 1207 2628 cavit
1226 2588 1460 2641 πρεσβείην,
1493 2585 1518 2622 i.
1542 2596 1574 2618 e.
1596 2581 1761 2628 dignita·

1109 2652 1176 2684 tem
1209 2647 1350 2683 senioris
1377 2645 1454 2679 sive
1494 2639 1635 2676 maioris
1658 2639 1761 2673 natu.

1111 2704 1221 2741 Conf.
1252 2701 1410 2740 Siebelis
1434 2696 1482 2734 ad
1513 2695 1553 2733 h.
1571 2695 1598 2731 1.
1627 2706 1666 2744 p.
1697 2693 1763 2732 10.

1338 2757 1429 2806 Cap.
1448 2754 1530 2791 LII.

1168 2812 1445 2868 ὁμολογέοντες
1477 2803 1636 2850 οὐδενὶ.
1649 2816 1765 2853 ποιη-
