1815 3181
402 237 486 277 306

796 218 1256 262 HERODOTI

405 341 534 400 χωρὶς
570 332 898 391 Σπαρτιητέων,
945 329 1118 388 ἀριθμῷ
1157 330 1247 372 τῶν
1282 325 1519 381 περιοίκων
1558 321 1657 366 ἀνα-

379 407 623 468 5γκαστούς
662 404 704 454 ἐς
743 401 794 445 τὸ
830 401 964 457 κῆδος
1005 398 1129 442 ἰέναι.
1181 393 1349 438 τούτων
1378 388 1440 436 ὧν
1468 389 1658 434 καὶτῶν

408 474 613 522 εἱλωτέων
641 471 713 514 καὶ
743 467 889 512 αὐτῶν
908 463 1218 520 Σπαρτιητέων
1246 461 1375 506 ἐπεὰν
1404 455 1659 513 συλλεχθέω-
1670 460 1716 494 90

409 558 452 589 σι
495 543 538 593 ἐς
573 536 711 584 τώυτὸ
759 536 914 580 πολλαὶ
952 532 1153 590 χιλιάδες,
1213 528 1404 586 σύμμιγα
1447 529 1546 581 τῇσι
1583 520 1681 577 ‘pv-¹

407 611 519 663 ναιξὶ
548 606 780 652 κόπτονταί
808 619 852 647 τε
868 601 921 646 τὰ
940 602 1113 659 μέτωπα
1133 595 1395 652 προθύμως,
1423 594 1497 637 καὶ
1527 591 1661 645 οἰμω-

405 683 463 736 γῇ
492 674 771 732 διαχρέωνται
809 670 995 729 ἀπλέτῳ·
1037 667 1225 724 φάμενοι
1251 662 1328 707 τὸν
1355 662 1544 705 ὕστατον
1581 656 1663 699 αἰεὶ

410 744 738 805 ἀπογενόμενον
776 744 865 784 τῶν
902 736 1136 794 βασιλέων,
1175 735 1336 775 τοῦτον
1376 729 1427 784 δὴ
1465 724 1666 783 γενέσθαι

378 815 603 868 ὅόίριστον.
651 809 699 861 ὃς
730 806 768 852 δ’
815 806 870 850 ἂν
908 807 955 849 ἐν
993 801 1163 860 πολέμῳ
1200 803 1286 842 τῶν
1324 796 1534 854 βασιλέων
1564 790 1666 834 ἀπο-

409 880 552 938 θάνῃ,
579 875 720 933 τούτῳ
752 874 797 919 δὲ
837 875 1017 918 εἴδωλον
1046 867 1351 917 σκευάσαντες,
1391 864 1439 908 ἐν
1467 861 1590 916 κλίνῃ
1618 854 1668 901 εὗ
1678 861 1723 896 95

352 1033 432 1069 lero
471 1031 563 1068 Dor.
605 1028 653 1074 Π,
690 1026 743 1066 99
772 1020 946 1072 iungenti
960 1020 1014 1072 τῷ

355 1084 520 1140 ἀριθμῷ
533 1087 614 1124 τοῖν
626 1080 838 1134 περιοίκων
859 1084 896 1114 et
916 1076 1014 1113 dati-

355 1157 451 1183 vum
471 1139 636 1193 ἀριθμῷ
655 1136 848 1176 revocanti
865 1133 913 1170 ad
933 1133 1014 1178 δεῖς

357 1212 526 1254 quocum
557 1198 683 1235 dativo
714 1194 780 1246 qui
813 1190 1015 1228 convenire

356 1258 474 1309 possit
484 1255 714 1292 accusativus
727 1242 978 1300 α’ναγκαστοῦ
984 1260 1014 1291 ς,

357 1313 568 1366 perspicere
606 1307 710 1346 haud
755 1307 878 1344 valen.
938 1303 1017 1338 Nec

361 1370 528 1422 denique
572 1365 772 1404 audiamus
813 1360 1019 1398 Pauwium

359 1440 430 1480 pro
469 1418 743 1477 οἷναγκαστοΰς
767 1423 1020 1469 reponentem

578 1478 585 1491 l

363 1480 609 1533 ὅνομαστους
642 1480 668 1515 i.
700 1490 734 1514 e.
772 1474 1019 1519 honoratiores,

361 1539 554 1579 nobiliores.
611 1537 678 1572 Tu
697 1532 801 1570 conf.
821 1531 1021 1581 geminum

363 1596 514 1634 Aeliani
530 1595 661 1631 locum
679 1591 726 1628 V.
742 1590 791 1625 H.
811 1587 875 1634 VI,
900 1589 935 1633 1,
955 1585 1022 1621 ubi

364 1653 412 1691 de
441 1653 716 1703 Spartanorum
748 1647 790 1681 in
817 1643 1022 1680 Messenios

362 1710 557 1762 perioecos
579 1705 804 1742 acerbitate:
828 1697 899 1745 τὰς
921 1698 1022 1737 ἐλευ-

366 1764 491 1816 θέρας
511 1760 746 1816 (γυναῖκας)
771 1757 827 1803 εἰς
857 1753 904 1794 ‘ca'
927 1754 1023 1793 πέν-

366 1826 426 1873 θη
472 1820 644 1872 βαδίζειν
684 1810 908 1867 ἠνάγκαζον
957 1808 1025 1849 καὶ

369 1874 462 1924 τούς
481 1872 709 1927 ἀλλοτρίους
720 1870 788 1910 καὶ
799 1867 922 1921 μηδὲν
932 1878 1027 1916 σφι-

371 1947 411 1975 σι
430 1927 704 1986 προσήκοντας
727 1922 892 1976 νεκρούς
916 1923 1026 1962 κλαί-

372 2005 442 2030 ειν.
455 2011 511 2016 ——
529 1988 663 2026 Verbis
684 1985 726 2024 ἐκ
743 1979 876 2032 πάσης
894 1984 1028 2019 Λακε-

373 2047 564 2097 δαίμονος
585 2042 648 2080 hic
666 2040 826 2077 iudicari
845 2035 919 2088 τήν
939 2040 1028 2075 Λα-

372 2098 549 2151 κωνικήν
579 2099 792 2136 Laconicam
812 2099 960 2140 terram,
986 2098 1029 2128 ut

364 2159 456 2206 VH,
478 2154 558 2198 234
578 2161 678 2191 recte
698 2159 831 2190 monet
846 2148 1028 2198 Schwgh.

377 2216 494 2252 Cuius
528 2212 675 2248 incolae
701 2210 913 2246 maximam
940 2218 1031 2256 par-

376 2278 457 2309 tem
476 2275 562 2320 sunt
583 2267 623 2306 οἷ
639 2266 849 2316 περίοικοι,
871 2275 892 2298 a
913 2262 1031 2312 Spar-

370 2328 475 2381 tanis
509 2336 629 2376 aeque
663 2321 798 2358 diversi
826 2325 940 2370 atque
986 2316 1032 2352 ab

378 2383 544 2428 Helotis,
575 2380 689 2417 servis
719 2377 897 2428 publicis,
927 2373 1035 2409 liberi

379 2433 529 2492 prorsus
540 2435 712 2473 homines
722 2434 792 2470 nisi
806 2430 907 2483 quod
917 2430 1035 2480 Spar—

379 2503 440 2534 tae
460 2494 618 2545 imperio
639 2496 784 2542 parent,
804 2495 942 2524 terram
955 2488 1032 2521 La-

382 2553 556 2591 conicam
575 2548 738 2586 colentes
755 2552 791 2582 et
816 2543 1036 2588 habitantes,

381 2607 485 2646 unde
514 2613 550 2643 et
578 2606 648 2656 ipsi
668 2603 756 2640 dicti
785 2593 1039 2649 Λακεδαιμό-

384 2680 463 2704 νιοι
486 2670 599 2714 atque
627 2656 880 2704 Λακωνικοὶ,
910 2655 1039 2692 nomi-

384 2723 442 2760 nis
476 2719 588 2756 huius
627 2716 897 2767 significatione
929 2713 1038 2748 latius

388 2783 565 2828 repente,
587 2779 623 2811 et
643 2774 688 2810 ab
710 2772 799 2823 ipsis
830 2769 1037 2820 Spartanis,

390 2834 524 2887 qulbus
542 2830 780 2884 peculiariter
790 2825 979 2874 convenit,
991 2823 1039 2860 ad

1052 1102 1057 1107 .
1069 1075 1124 1110 las
1161 1071 1346 1110 traducta.

1069 1017 1234 1068 reliquos
1265 1014 1381 1051 etiam
1409 1009 1574 1061 regionis
1615 1006 1726 1042 inco-

1413 1070 1545 1118 Ipsum
1582 1073 1726 1100 nomen

1070 1131 1284 1181 περιοίκων
1317 1126 1508 1171 tulerunt,
1554 1125 1727 1170 respectu

1070 1186 1198 1223 habito
1222 1185 1322 1220 urbis
1334 1181 1533 1232 primariae
1555 1178 1727 1227 Spartae,

1072 1245 1169 1279 circa
1186 1253 1301 1294 quam
1318 1246 1459 1275 terram
1472 1235 1642 1272 incolant
1651 1232 1729 1268 La-

1075 1301 1259 1336 conicam.
1337 1297 1428 1332 Post
1463 1289 1650 1330 Valcken.
1680 1285 1730 1323 ad

1073 1357 1144 1403 IX,
1169 1357 1214 1394 11
1238 1353 1347 1404 plura
1377 1350 1424 1388 de
1453 1348 1512 1385 his
1547 1344 1730 1397 perioecis

1074 1416 1306 1449 monuerunt
1322 1408 1365 1445 C.
1378 1405 1580 1444 Offlluller.
1599 1403 1627 1438 l.
1646 1401 1672 1438 l.
1693 1399 1731 1435 Π

1074 1482 1114 1520 p.
1139 1471 1189 1508 21
1223 1478 1302 1517 seq.
1330 1458 1604 1502 Wachsmuth.
1637 1456 1734 1494 Hel-

1076 1528 1152 1562 len.
1173 1521 1335 1560 Altertb.
1355 1522 1386 1568 I,
1404 1522 1424 1559 1
1448 1533 1487 1569 p.
1509 1518 1601 1557 161.
1631 1515 1734 1566 Kor-

1078 1585 1174 1619 tum.
1213 1581 1253 1616 in
1285 1576 1492 1615 Schlosser.
1523 1579 1561 1610 et
1578 1570 1734 1608 Bercht.

1079 1635 1232 1674 Archiv.
1254 1636 1305 1672 IV
1326 1646 1414 1684 pag.
1437 1633 1517 1672 160
1537 1641 1643 1680 seqq.

1142 1692 1210 1731 καὶ
1257 1686 1389 1730 αὐτῶν
1427 1681 1736 1737 Σπαρτιητέων]

1080 1752 1184 1786 Haec
1204 1748 1318 1785 verba
1331 1776 1340 1793 ,
1362 1758 1384 1782 a
1405 1741 1609 1782 Schaefero
1623 1769 1636 1786 ,
1657 1739 1737 1775 aliis

1082 1806 1227 1854 deleta,
1262 1803 1399 1840 merito
1437 1811 1541 1836 nunc
1569 1797 1740 1833 restituta

1082 1869 1193 1909 sunt,
1231 1861 1418 1912 probante
1447 1866 1600 1908 quoqne
1629 1852 1671 1888 C.
1692 1851 1739 1887 Ο.

1082 1918 1305 1956 manenti.
1318 1917 1354 1952 11
1364 1929 1404 1965 p.
1413 1916 1479 1953 99.
1521 1911 1621 1949 Sunt
1635 1908 1741 1944 enim

1083 1978 1155 2013 tria
1166 1974 1355 2011 Laconiae
1365 1970 1577 2007 incolarum
1586 1975 1740 2016 genera,

1082 2032 1255 2078 helotae,
1295 2027 1460 2080 perioeci
1498 2038 1541 2061 ac
1575 2023 1741 2072 denique

1082 2090 1154 2140 ipsi
1174 2087 1363 2138 Spartani.
1383 2105 1439 2110 —
1476 2082 1522 2117 In
1541 2093 1619 2131 seq.
1641 2089 1742 2130 quo-

1085 2159 1160 2198 que
1179 2144 1408 2180 restituimus
1429 2151 1518 2203 cu}n
1541 2134 1742 2182 Schweig-

1083 2201 1255 2238 haeuser.
1295 2205 1331 2234 et
1365 2191 1550 2232 Gaisford.
1587 2188 1636 2229 τοὶ
1672 2187 1743 2240 μέ-

1088 2271 1220 2303 τωπα,
1261 2251 1364 2305 quod
1412 2251 1538 2287 omisit
1574 2245 1744 2284 Bekker.

1097 2315 1180 2349 Hae
1203 2323 1314 2347 voces
1344 2322 1364 2345 a
1393 2305 1583 2344 Saucrofti
1612 2302 1743 2341 codice

1096 2371 1252 2415 absunt,
1297 2365 1363 2403 sed
1400 2365 1439 2400 in
1469 2362 1621 2413 reliquis
1640 2359 1744 2396 libris

1091 2430 1322 2476 comparent.
1378 2419 1440 2457 Ad
1472 2420 1599 2470 ipsum
1627 2426 1744 2465 argu-

1090 2489 1265 2519 mentum
1284 2479 1358 2516 loci
1386 2476 1487 2514 conf.
1509 2486 1606 2526 quae
1625 2472 1744 2509 colle-

1092 2541 1146 2590 git
1171 2537 1327 2574 Dorvill.
1362 2533 1410 2571 ad
1431 2531 1570 2570 Charit.
1589 2543 1628 2581 p.
1648 2527 1742 2567 411.

1093 2597 1195 2646 Lips.
1228 2592 1377 2629 Eodem
1397 2601 1508 2627 seusu
1527 2582 1744 2626 κόπτεσθαι

1093 2654 1140 2699 II,
1154 2654 1220 2692 61.
1249 2648 1311 2687 Ad
1328 2648 1466 2685 verba:
1485 2643 1637 2696 οἰμωγῇ
1656 2640 1745 2679 δια-

1093 2707 1282 2761 χρέωνται
1303 2701 1456 2757 οἷπλέτῳ
1487 2701 1535 2737 cf.
1557 2698 1655 2745 VllI,
1676 2697 1744 2736 99.

1151 2761 1196 2811 ὃς
1221 2759 1259 2802 δ’
1283 2758 1334 2801 ἂν
1352 2760 1395 2800 ἐν
1421 2747 1745 2809 πολέμῳ-τού-

1093 2835 1148 2875 τῳ
1182 2817 1225 2860 δὲ
1252 2818 1416 2859 εἴδωλον
1453 2806 1743 2856 σκευάσαντες]
