1834 3258
430 232 908 271 POLYMNIA.
966 233 1069 273 VII.

1311 236 1395 275 429

97 340 263 398 5γνούς
292 339 316 383 ὁ
337 344 527 395 Δαρεῖος
558 339 614 392 ὥς
643 341 763 397 λέγοι
794 343 952 395 δίκαια,
983 340 1162 399 βασιλέα
1180 359 1256 397 μιν
1285 340 1391 391 ἆπὲ-
1449 351 1530 391 507

125 410 226 460 δεξε.
271 408 413 452 δοκέει
443 408 489 452 δέ
518 425 595 464 μοι
623 409 697 452 καὶ
738 409 844 452 ἄνευ
874 410 1033 467 ταύτης
1062 414 1136 466 τῆς
1163 409 1396 466 ὑποθήκης
1409 418 1453 451 50

124 479 380 532 βασιλεῦσαι
411 476 467 519 ἂν
496 477 682 533 Ξέρξης·
728 477 756 532 ἡ
785 477 868 532 γὰρ
887 477 1075 523 ’Ἀτοσσα
1106 477 1188 535 εἶχε
1226 477 1275 522 τὸ
1306 482 1396 521 πᾶν

25 541 58 584 4
125 544 292 596 κράτος.
350 541 585 595 ἶΑποδέξας
633 545 679 588 δὲ
735 545 916 601 βασιλέα
965 547 1163 604 Πέρσῃσι
1207 551 1396 601 Δαρεῖος
1455 558 1557 585 Altero
1569 561 1726 594 postanno

93 611 300 665 ΞΞὲρξεα,
332 611 498 668 ὅρμητο
525 613 850 666 στρατεύεσθαι,
893 610 1002 657 ἀλλὰ
1029 614 1127 670 γὰρ,
1158 614 1264 669 μετὰ
1292 617 1395 657 ταῦ·
1452 593 1730 662 ῗῖᾗῖἷῗρῧᾞὲἶιῗω

1454 661 1602 688 instructo
1613 681 1622 695 ‚
1649 661 1731 689 diem

120 678 174 722 τά
213 697 257 724 τε
296 680 368 723 καὶ
406 679 633 736 Αἰγύπτου
686 679 929 724 ἀπόστασιν
975 687 1037 741 τῷ
1080 682 1250 739 ὑστέρῳ
1300 681 1396 732 ἔτεϊ,
1454 695 1712 729 supremumohit.

120 748 561 804 παρασκευαζόμενον
590 749 819 805 συνήνεικε
852 748 988 792 αὐτόν
1019 755 1234 804 Δαρεῖον,
1274 752 1450 805 βασι-53

119 815 334 858 λεύσαντα
363 816 416 859 vo?
447 815 589 860 πάντα
623 817 665 869 ἔξ
695 833 738 860 τε
768 817 842 859 καὶ
870 817 1107 873 τριήκοντα
1137 818 1256 868 ἔτεα,
1289 817 1394 861 ἄπο-

118 888 295 927 θανεῖν·
327 883 430 928 οὐδέ
452 887 496 928 οἱ
524 885 735 942 ἐξεγένετο
757 885 859 929 οὔτε
888 886 991 936 τοὺς
1021 883 1290 937 ἀπεστεῶτας
1317 889 1392 930 Λί-

90 952 332 1007 3γυπτίους
372 952 474 998 οὔτε
509 952 768 1012 Ἀθηναίους
815 953 1158 1010 τιμωρήσασθαι.
1208 953 1393 999 Ἀποθα-

62 1148 170 1190 κέειν
209 1146 243 1190 δ’
282 1149 393 1202 ἐμοὶ,
437 1150 617 1203 equidem
638 1164 729 1188 cum

63 1207 183 1245 Gaisf.
199 1214 235 1245 et
255 1206 390 1245 Matth.
413 1206 503 1244 dedi
535 1207 662 1248 δοκέει
685 1206 728 1248 δέ

65 1279 161 1315 μοι,
208 1264 314 1316 quod
350 1266 591 1303 Florentinus
630 1266 726 1303 liber

37 1368 42 1371 ⁷
63 1321 341 1373 suppeditabat.

306 1434 396 1486 cap.
416 1435 482 1472 IV.

121 1542 270 1598 ὅρμητο
283 1543 586 1598 στρατεύεσθαι]
600 1546 726 1598 Supra

63 1603 144 1650 VH,
168 1606 186 1642 1
211 1601 382 1654 ὥρμητο.
421 1605 480 1642 Ac
502 1602 723 1655 Schweigh.

63 1660 122 1709 (in
137 1661 233 1697 Lex.
245 1659 390 1698 Herod.
411 1674 440 1698 s·
455 1675 492 1699 v.
512 1663 526 1709 )
547 1674 725 1698 commo-

61 1716 146 1755 dior
172 1717 277 1754 locus
297 1715 360 1754 hic
383 1731 463 1755 esse
488 1717 725 1756 videturim—

59 1775 228 1826 perfecto
239 1772 401 1826 ὁρμᾶτο,
421 1774 525 1827 quod
534 1788 624 1811 cum
636 1774 724 1813 edd.

59 1838 152 1869 vett.
175 1829 251 1867 duo
273 1830 386 1868 codd.
409 1830 592 1868 exhibent
606 1861 616 1879 ‚
647 1831 723 1870 hoc

57 1887 139 1924 fere
158 1899 294 1924 sensu:
317 1891 539 1939 properavit,
569 1892 665 1925 totus
685 1891 724 1927 in

61 1956 100 1982 eo
113 1943 206 1994 suit.
264 1945 391 1980 Inesse
423 1947 527 1982 enim
558 1946 610 1981 ait
646 1944 722 1982 hoc

61 2001 102 2037 in
121 2001 239 2038 verbo
255 2013 538 2053 nonnunquam
570 2002 722 2038 acrioris

61 2056 260 2095 cuiusdam
280 2059 446 2108 impetus
475 2058 726 2108 significatio-

59 2127 174 2162 nem3
197 2127 314 2166 quare
335 2115 450 2151 etiam
469 2116 550 2163 VII,
564 2117 614 2155 19
635 2128 725 2152 ver-

60 2172 110 2209 ba
131 2169 350 2225 ὥρμημένῳ
367 2170 492 2225 Ξέρξῃ
506 2174 725 2224 στρατηλα-

58 2227 182 2275 τέειν,
238 2240 336 2280 quae
384 2229 501 2279 vulgo
548 2234 721 2266 verttmt:

56 2289 243 2336 postquam
269 2287 324 2322 ita
344 2285 465 2322 Xerxi
489 2289 567 2324 erat
591 2287 724 2322 consti-

60 2345 192 2389 tutum,
212 2343 349 2379 rectius
369 2343 422 2380 sic
437 2341 723 2394 interpretanda

63 2410 143 2434 esse
179 2405 327 2436 censet:
362 2398 484 2436 Xerxi
492 2432 497 2437 t
515 2400 564 2437 ad
595 2399 722 2437 bellum

62 2454 281 2505 inferendum
318 2458 489 2493 concitato
502 2485 512 2503 ‚
570 2458 720 2493 incenso.

63 2511 129 2548 Tu
157 2511 258 2548 conf.
286 2512 369 2559 Vll,
399 2514 466 2552 21.
498 2514 590 2554 150.
620 2513 722 2560 VIII,

66 2570 158 2608 109.
195 2569 265 2615 ΙΧ,
297 2570 364 2608 61.
394 2567 576 2620 Thucyd.
604 2569 668 2616 VI,
697 2572 722 2609 6

61 2625 146 2661 init.
170 2626 233 2664 19.
253 2645 309 2650 —
337 2625 381 2660 In
402 2637 508 2676 seqq.
527 2632 614 2662 ante
634 2639 725 2663 ver-

62 2681 112 2718 ba
141 2676 352 2733 Αἰγύπτου
382 2675 600 2720 ἀπόστασιν
631 2683 724 2719 arti-

64 2737 195 2774 culum
226 2734 300 2788 τη“ν
332 2738 490 2789 requirit
521 2737 724 2789 Schweig-

62 2791 193 2832 liaeus.
222 2795 279 2830 Ac
301 2807 403 2841 sane,
424 2795 454 2831 si
476 2795 599 2831 bonae
610 2802 723 2832 notae

61 2850 146 2887 libri
184 2850 384 2899 afferrent,
436 2850 542 2888 haud
586 2850 722 2889 dubius

785 1151 1008 1201 reciperem.
1052 1150 1116 1188 Ad
1135 1151 1298 1190 verbum
1323 1151 1448 1204 συνή-

784 1221 889 1247 νεικε
911 1207 1013 1246 conf.
1033 1215 1130 1247 nott.
1148 1208 1198 1246 ad
1216 1210 1282 1257 ΠΙ,
1305 1212 1371 1249 66.

838 1315 1128 1371 βασιλεύσαντα
1160 1318 1208 1360 τοὶ
1242 1317 1375 1361 πάντα
1408 1321 1446 1369 ἕξ

782 1390 824 1416 τε
844 1376 912 1416 καὶ
926 1372 1138 1429 τριήκοντα
1165 1378 1262 1426 ἔτεα,
1283 1374 1448 1417 οἷποθα-

782 1435 897 1483 νεῖν]
930 1433 1016 1473 ἔτεα
1038 1435 1154 1484 vulgo
1189 1437 1344 1486 ponitur
1363 1443 1448 1486 post

780 1487 831 1529 τὰ
849 1486 981 1529 πάντα
1011 1490 1078 1540 (de
1110 1505 1185 1543 quo
1211 1492 1289 1530 vid.
1308 1491 1446 1531 Matth.

784 1548 849 1584 Gr.
873 1548 939 1584 Gr.
957 1549 994 1593 ξ.
1016 1550 1099 1588 266
1120 1561 1207 1599 pag.
1226 1549 1350 1599 549)3
1376 1563 1447 1586 nos

781 1605 1047 1641 Florentinmn
1073 1606 1215 1642 librum
1250 1608 1446 1658 alimnque

782 1663 902 1698 secuti
933 1662 1205 1700 collocavimus
1236 1671 1323 1700 ante
1345 1660 1449 1702 ἄπο-

781 1722 941 1758 θανεῖν.
972 1719 1018 1754 In
1037 1720 1120 1770 ipso
1143 1721 1208 1771 qui
1228 1718 1291 1757 hic
1312 1719 1446 1771 prodi-

781 1781 844 1811 tur
863 1788 1055 1812 annorum
1083 1789 1247 1814 nume-ro
1279 1776 1448 1814 dissentit

783 1832 925 1869 Ctesias
955 1833 1120 1869 Persico.
1153 1834 1192 1878 ξ.
1235 1835 1284 1873 19
1327 1846 1446 1870 annos

782 1889 939 1937 triginta
958 1902 1083 1925 unum
1103 1902 1278 1939 regnasse
1287 1892 1448 1926 Darium

780 1946 960 1983 scribens.
1018 1946 1071 1981 At
1091 1946 1286 1983 Herodoto
1307 1947 1447 1984 suffra—

780 2008 921 2050 gantur
949 2002 1152 2053 Syncellus
1180 2010 1294 2055 atque
1321 2005 1446 2040 Euse-

780 2058 887 2105 bius,
932 2071 1098 2110 quorum
1120 2060 1225 2097 locos
1257 2062 1364 2097 attuli
1395 2060 1444 2097 ad

780 2114 946 2151 Ctesiam
965 2116 1028 2155 l.l,
1040 2128 1129 2166 pag.
1152 2117 1243 2164 149,
1273 2118 1444 2169 itemque

779 2172 992 2208 Ptolemaei
1020 2185 1157 2210 canon.
1216 2175 1317 2211 Hinc
1339 2176 1445 2211 Darii

777 2241 882 2266 mors
911 2227 1046 2265 incidit
1074 2231 1115 2265 in
1136 2242 1283 2268 annum
1303 2232 1384 2272 485
1407 2244 1442 2272 3.

779 2284 870 2326 Chr.
901 2299 964 2334 n„
995 2287 1128 2337 quinto
1157 2295 1243 2337 post
1269 2301 1443 2339 pugnam

777 2342 1060 2379 Marathoniam
1081 2356 1196 2392 anno,
1217 2358 1336 2397 quam
1349 2358 1444 2382 con—

777 2401 885 2436 tinuo
921 2401 1134 2450 excipiebat
1170 2409 1372 2452 apparatus
1395 2401 1443 2438 ad

777 2469 925 2493 novum
953 2457 1100 2493 bellum
1150 2459 1365 2505 triennalis,
1407 2466 1443 2495 et

779 2520 912 2565 quarto
945 2525 1047 2551 anno
1067 2515 1235 2566 Aegypti
1265 2515 1440 2554 defectio.

781 2570 1059 2620 Wesselingius
1105 2569 1153 2607 de
1181 2570 1240 2609 his
1279 2573 1444 2609 conferri

779 2627 863 2664 vult
893 2628 1025 2667 Petav.
1064 2628 1194 2667 Doctr.
1227 2630 1367 2679 Temp‚
1390 2630 1440 2675 X,

780 2686 833 2724 23
847 2690 884 2720 et
903 2682 1092 2723 Dodwell.
1104 2686 1208 2725 Anu,
1230 2684 1438 2736 Thucydd.

779 2752 868 2790 pag.
887 2738 954 2780 44.
983 2741 1227 2784 Aristotelem
1246 2743 1277 2778 si
1306 2741 1441 2778 audia-

779 2809 865 2833 mus
897 2795 1024 2834 Rhett.
1053 2797 1100 2842 11,
1133 2799 1186 2836 20
1217 2810 1255 2848 p.
1283 2799 1365 2839 569
1394 2799 1440 2834 E.

779 2866 858 2906 seq.
891 2851 967 2902 (II,
1002 2855 1052 2894 16
1081 2853 1117 2898 ᾗ.
1144 2855 1171 2893 2
1198 2867 1238 2906 p·
1274 2858 1350 2897 120
1380 2854 1442 2895 ed.

1456 729 1497 763 [a.
1509 727 1584 764 485]
