1851 3181
464 212 550 252 514

870 210 1338 247 HERODOTI

465 319 596 363 ἔθυσε
636 320 748 374 βοῦς
790 320 952 373 χιλίας’
992 318 1099 374 χοάς
1144 319 1189 362 δὲ
1219 320 1264 362 οῖ
1291 317 1423 375 μάγοι
1451 322 1567 362 τοῖσι
1593 316 1738 375 ἥρωσι

465 387 654 443 ἐχέαντο.
711 389 850 429 ταῦτα
889 387 936 429 δὲ
973 387 1337 443 ποιησαμένοισι,
1384 385 1547 437 νυκτός
1590 384 1792 442 φόβος40

434 455 510 506 3ἐς
539 454 588 498 τὸ
620 453 920 507 στρατόπεδον
951 454 1132 500 ἐνέπεσε.
1173 454 1262 510 ἅμα
1290 453 1430 512 ἡμέρῃ
1461 454 1508 498 δὲ
1538 453 1740 509 ἓπορεύε,

464 539 512 565 το
537 522 754 573 ἐνθεῦτεν,
783 522 830 564 ἐν
856 519 1062 579 ἀριστερῇ
1092 522 1170 578 μὲν
1191 521 1390 578 ἀπέργων
1415 522 1630 565 Ῥοίτειον
1657 521 1736 566 πό-

463 594 534 633 λιν
566 591 641 632 καὶ
669 587 962 645 Ὀφρύνειον,
993 591 1066 634 καὶ
1095 591 1353 645 Δάρδανον,
1383 589 1492 645 ἥπερ
1523 589 1576 646 δή
1601 588 1736 646 Ἀβύ-

465 659 528 714 δῳ
560 655 753 714 ὅμουρός
781 658 890 702 ἐστι·
932 659 978 701 ἐν
1008 658 1125 714 δεξιῇ
1156 659 1215 711 δὲ,
1248 657 1466 715 Γέργιθας
1499 656 1736 714 Τευκρούς.

406 840 461 881 ut,
491 846 559 884 pro
591 834 700 870 solita
728 839 901 870 vetemun
935 845 1070 883 super-

404 891 554 927 stitione
592 888 633 927 id
660 903 808 926 numen
836 890 905 926 sibi
938 890 1071 940 propi-

403 949 502 983 tium
540 946 727 983 redderet.
805 945 916 982 Unde
954 946 1069 983 simul

403 1004 638 1054 intelligitur,
662 1017 683 1040 a
695 1005 902 1040 Persarum
913 1003 1069 1053 religio-

404 1061 516 1097 nibus
542 1073 621 1097 non
641 1073 793 1111 prorsus
829 1058 1069 1096 abhorruisse

402 1119 601 1154 notionem
645 1117 693 1154 de
739 1117 962 1154 numinibus
1009 1117 1070 1153 se-

403 1175 553 1211 mineis.

458 1228 555 1281 χοοὶς
591 1226 634 1269 δὲ
664 1228 706 1268 οἵ
735 1224 857 1280 μάγοι
883 1232 985 1267 τοῖσι
1018 1224 1070 1279 ἥ-

403 1299 502 1338 ρωσι
543 1285 726 1337 ἐχέαντο]
771 1283 866 1336 χοοὶς
910 1283 1068 1335 ἐχέαντο

402 1342 587 1381 Valcken.
607 1349 710 1379 recte
720 1344 865 1392 accepit
884 1355 952 1392 pro
975 1337 1070 1392 ἐνή-

402 1412 541 1452 γισαν;
573 1399 620 1436 de
642 1412 717 1452 quo
737 1400 853 1437 verbo
875 1397 951 1437 vid.
970 1405 1068 1435 nott.

404 1456 453 1493 ad
472 1458 502 1506 Ι,
526 1459 618 1496 167.
678 1457 757 1492 Nec
788 1457 895 1492 aliter
914 1455 1069 1492 intelle-

401 1515 501 1550 xisse
516 1512 628 1550 video
644 1514 780 1564 Heyne
801 1511 850 1549 ad
867 1511 1070 1549 Lecheva-

399 1572 470 1607 lier
503 1570 529 1606 l.
562 1571 588 1606 l.
619 1582 708 1620 pag.
745 1570 797 1609 58
828 1576 925 1606 nott.
984 1569 1067 1606 Sub

399 1627 558 1664 heroibus
579 1634 709 1663 autem
729 1624 768 1662 h.
788 1626 815 1662 l.
836 1624 1018 1663 Kleuker.
1039 1626 1067 1662 l.

399 1685 424 1722 l.
455 1696 542 1734 pag.
571 1681 625 1724 24
657 1683 818 1733 intelligi
847 1683 929 1721 vult
951 1682 1067 1719 heroes

399 1740 622 1787 Homericos,
650 1753 783 1791 quum,
805 1737 1066 1790 Xenophonte

399 1810 556 1849 quoque
566 1803 680 1840 teste,
702 1797 822 1847 Cyrus
835 1803 948 1848 atque
961 1796 1066 1847 Magi

398 1854 698 1905 uniuscuiusque
712 1860 842 1901 terrae,
855 1866 972 1905 quam
981 1866 1066 1904 per-

398 1917 584 1957 mearent,
605 1909 740 1946 heroes
761 1909 948 1948 advocare
969 1922 1066 1946 con-

399 1968 592 2005 sueverint
618 1966 835 2017 indigenas,
871 1980 966 2019 quos
995 1967 1065 2004 sibi

397 2025 579 2074 propitios
598 2022 814 2061 redderent.
851 2026 985 2075 Neque
1004 2030 1065 2060 ta-

395 2081 446 2116 lia
477 2078 680 2117 abhorrere
709 2087 817 2131 putat
846 2094 868 2117 a
887 2081 1064 2117 Persicae

396 2137 590 2186 religionis
627 2136 779 2185 indole3
837 2138 869 2174 si
905 2136 1062 2189 quidem

397 2194 537 2230 Persae
574 2191 708 2230 heroes
758 2207 836 2230 non
876 2201 1062 2245 tanquam

399 2249 490 2286 deos
508 2250 618 2300 ipsos,
641 2248 708 2286 sed
727 2257 769 2286 ut
789 2251 920 2299 genios
942 2251 1062 2287 bonos

397 2307 476 2343 sive
496 2307 638 2343 summi
649 2307 740 2342 boni
759 2308 861 2356 genii
872 2308 1063 2343 ministros

398 2370 514 2414 atque
535 2361 735 2410 adiutores,
759 2363 887 2413 quales
916 2376 1063 2400 vocau-

397 2426 459 2456 tur
487 2418 637 2467 Feruer,
659 2420 845 2455 coluerint
865 2426 979 2471 atque
999 2421 1061 2455 in-

396 2477 629 2513 vocaverint.
700 2476 751 2512 At
784 2476 893 2512 Gallo
935 2475 1059 2525 docto,

397 2531 576 2569 Choiseul
596 2553 618 2560 -
638 2532 810 2569 Gouffier
832 2562 842 2580 ‚
901 2533 1059 2584 Voyage

396 2590 630 2641 pittoresque
662 2595 733 2626 etc.
776 2590 812 2625 11
850 2602 938 2640 pag.
977 2590 1058 2631 385

395 2647 461 2683 vix
482 2645 660 2683 credibile
680 2645 840 2694 videtur,
870 2648 1002 2697 Magos
1023 2649 1062 2683 in

396 2704 589 2753 peregrini
608 2701 733 2740 herois
754 2701 942 2739 honorem
962 2703 1061 2740 liba-

396 2760 519 2796 tiones
538 2760 691 2805 secisse3
736 2761 863 2812 itaque
883 2759 1061 2797 Herodo-

397 2821 481 2852 tum
501 2814 596 2854 haec
627 2817 753 2854 forsan
781 2829 829 2854 ex
862 2818 1059 2855 Hellanico

1129 831 1365 883 descripsisse
1394 840 1580 872 autumat.
1647 833 1693 868 In
1714 845 1791 884 quo

1126 903 1191 926 me
1227 889 1385 941 quidem
1415 903 1495 927 non
1524 890 1792 927 assentientem

1125 945 1198 983 hab
1205 947 1295 983 ebit.

1182 1022 1324 1071 νυκτὸς
1334 1021 1463 1076 φόβος
1472 1047 1527 1053 —
1538 1023 1715 1074 ἐνέπεσε]
1745 1027 1791 1062 In

1127 1083 1207 1119 aliis
1237 1083 1341 1119 libris
1371 1089 1493 1119 exstat
1513 1081 1682 1122 ἕσέπεσε.
1739 1084 1792 1120 At

1127 1140 1228 1176 conf.
1244 1140 1308 1186 IV,
1321 1140 1416 1179 203.
1436 1139 1535 1187 VIII,
1553 1142 1620 1180 37.
1632 1140 1793 1177 Miscell.

1128 1197 1310 1234 Observv.
1329 1197 1383 1231 ΙΠ
1401 1207 1490 1246 pag.
1515 1194 1607 1235 144.

1181 1285 1376 1325 ΓΡοίτειον
1409 1280 1527 1324 πόλιν
1537 1285 1554 1333 ]
1597 1284 1791 1323 Rhoeteum

1126 1355 1148 1378 a
1178 1343 1293 1393 Sigeo
1317 1340 1393 1394 (de
1421 1354 1498 1393 quo
1517 1340 1595 1378 vid.
1614 1348 1711 1383 nott.
1741 1341 1811 1402 ad¹

1125 1399 1171 1446 V,
1194 1400 1264 1449 64)
1288 1400 1485 1449 sexaginta
1504 1397 1631 1435 stadiis
1657 1411 1789 1435 remo-

1125 1462 1209 1493 tum
1229 1463 1323 1493 teste
1345 1456 1523 1493 Strabon.
1543 1456 1637 1492 XIII
1655 1455 1787 1506 p.595

1124 1526 1155 1550 s.
1195 1515 1277 1553 890
1303 1514 1376 1561 A.‚
1425 1513 1466 1548 in
1509 1512 1786 1563 promontorio,
1825 1520 1829 1521 ⁷

1125 1568 1231 1621 quod
1276 1583 1380 1606 nunc
1419 1576 1560 1606 vocant
1594 1569 1630 1607 Τ
1627 1569 1788 1607 εεΙιασαΐα

1122 1625 1251 1663 Burun
1279 1625 1461 1678 quodque
1482 1627 1574 1662 olim
1604 1632 1642 1663 et
1660 1627 1788 1677 ipsum

1122 1681 1340 1719 Rhoeteum
1359 1683 1586 1730 vocabatur,
1606 1683 1787 1733 probabi-

1120 1740 1206 1776 liter
1225 1739 1297 1776 fuit
1318 1745 1565 1786 exstructum,
1587 1740 1652 1775 ubi
1681 1752 1786 1776 nunc

1121 1797 1226 1833 vicus
1237 1798 1334 1832 mari
1344 1795 1491 1832 adiacet
1501 1797 1659 1833 nomine
1667 1796 1788 1833 Evin-

1122 1852 1216 1890 Kevi
1232 1867 1261 1890 s.
1281 1853 1335 1890 Ec
1358 1853 1500 1891 Gulmes
1513 1882 1522 1900 ‚
1553 1860 1639 1901 aut,
1660 1859 1704 1890 ut
1723 1853 1786 1889 alii

1121 1911 1302 1956 scribunt3
1314 1908 1341 1946 I
1339 1914 1352 1946 t
1363 1931 1383 1936 -
1395 1909 1678 1947 Guelmes-Kevi.
1698 1908 1786 1947 Vid.

1122 1966 1326 2004 Tzchuck.
1354 1965 1402 2003 ad
1431 1967 1522 2007 Mel.
1554 1968 1584 2013 Ι,
1617 1969 1669 2008 18
1698 1967 1736 2012 §.
1759 1964 1785 2006 5

1120 2031 1217 2060 nott.
1248 2036 1386 2073 exegg.
1408 2021 1489 2074 (ΠΙ,
1518 2024 1560 2071 1)
1581 2035 1668 2074 pag.
1689 2021 1786 2064 542.

1121 2082 1243 2117 Kruse
1271 2081 1298 2117 l.
1330 2093 1443 2130 supra
1473 2079 1577 2117 laud.
1597 2092 1686 2131 pag.
1717 2080 1785 2119 68.

1121 2137 1330 2174 Choiseul—
1342 2136 1513 2173 Gouffier
1531 2137 1558 2174 l.
1588 2137 1615 2172 l.
1638 2137 1676 2172 11
1695 2147 1785 2186 pag.

1119 2192 1216 2234 444.
1273 2195 1397 2239 Quem
1415 2194 1546 2230 vicum
1570 2191 1784 2229 Larcherus

1118 2251 1245 2286 minus
1255 2257 1356 2287 recte
1367 2263 1436 2300 pro
1449 2256 1624 2286 veterum
1638 2249 1782 2300 Ophry-

1117 2319 1179 2343 neo
1199 2305 1332 2355 habet,
1366 2305 1470 2358 quod
1499 2319 1578 2343 non
1607 2305 1656 2343 ad
1674 2317 1782 2342 mare

1118 2363 1189 2399 fuit
1208 2365 1323 2400 situm
1337 2394 1346 2410 ,
1381 2362 1449 2400 sed
1476 2364 1516 2399 in
1538 2370 1660 2400 tractu
1680 2364 1781 2399 iute-

1119 2421 1207 2456 riori
1218 2433 1335 2471 prope
1345 2419 1570 2456 Dardanum
1588 2421 1627 2456 in
1647 2425 1780 2456 moute

1117 2478 1230 2528 sylvis
1243 2476 1472 2525 abundante,
1494 2490 1565 2514 nec
1577 2476 1711 2527 procul
1729 2475 1777 2511 ab

1118 2547 1163 2571 eo
1191 2535 1300 2578 loco,
1340 2547 1415 2586 quo
1448 2534 1620 2572 Hectoris
1648 2531 1777 2583 sepul-

1117 2604 1226 2627 crum
1259 2604 1338 2628 esse
1376 2589 1544 2628 tradunt.
1608 2589 1683 2627 Vix
1715 2593 1776 2623 ta·-

1118 2661 1210 2684 men
1243 2648 1452 2684 accuratius
1493 2644 1623 2698 oppidi
1660 2646 1774 2681 situm

1117 2704 1285 2741 indicare
1299 2706 1387 2741 licet
1400 2733 1410 2752 ,
1442 2716 1563 2755 quum
1583 2701 1653 2738 hae
1672 2701 1776 2751 ipsae

1117 2763 1291 2811 regiones
1312 2759 1437 2798 adhuc
1463 2771 1598 2811 parum
1613 2757 1686 2794 siut
1706 2769 1774 2793 co-

1115 2819 1244 2869 gnitae
1274 2831 1318 2855 ac
1340 2818 1595 2869 pei-lustratae.
1661 2813 1771 2852 Conf.
