1806 3181
354 162 438 202 788
754 156 1219 195 HERODOTI

358 268 532 324 ξάμενοι
567 265 650 309 ἀπὸ
683 270 762 310 τοῦ
792 269 1036 323 στρατηγοῦ
1066 263 1353 309 Λεοντιάδεω·
1413 265 1494 306 τοῦ
1534 260 1612 305 τὸν
1669 273 1747 315 615

357 338 492 379 παῖδα
552 332 820 390 Εὐρύμαχον
875 334 1018 392 χρόνῳ
1082 333 1302 388 μετέπειτα
1368 330 1615 386 ἐφόνευσαν

359 402 602 452 Πλαταιέες,
636 401 991 459 στρατηγήσαντα
1023 399 1199 456 ἀνδρῶν
1230 399 1434 455 Θηβαίων
1467 414 1616 452 τετρα-

358 471 531 519 κοσίων,
563 469 635 512 καὶ
657 469 815 525 σχόντα
845 470 894 514 τὸ
917 469 1026 513 ἄστυ
1057 468 1106 511 τό
1140 466 1405 510 Πλαταιέων.
1625 470 1673 503 30

446 538 499 580 Οἱ
520 536 598 592 μὲν
617 536 668 591 δὴ
699 537 796 588 περὶ
832 537 1118 593 Θερμοπύλας
1135 535 1340 591 ρΈλληνες
1360 532 1475 577 οὕτω
1504 529 1614 587 ἠγω-

355 606 549 648 νίσαντο·
623 603 782 660 Ξέρξης
820 606 866 649 δε
903 605 1085 655 καλέσας
1128 602 1416 660 Ληιιάρητον,
1458 597 1614 652 εἰρώτα

358 671 596 726 αρξάμενος
636 672 834 717 ἐνθένδε·
888 672 1164 729 ,.Δηιιόιρητε,
1204 671 1314 752 ἀνὴρ
1346 667 1405 720 εἷς
1436 664 1615 722 ἀγαθός.

199 551 298 598 234

27 617 118 645 Xerxi
128 617 282 646 fortitudi-

27 661 65 680 ne
83 653 300 687 Spartanorum

28 688 167 723 perculso

360 741 671 795 ,τεκμαίρομαι
711 740 756 784 δε
794 758 846 797 τῃ
889 740 1102 796 ἄληθηῖῃ·

917 813 1002 852 ἰῠν
1043 808 1088 851 δέ
1118 825 1192 864 μοι
1222 807 1323 857 εἰπὲ,
1353 804 1478 849 κόσοι
1506 799 1674 850 τινές35

331 814 374 858 2,
379 822 533 849 ,παντα
563 806 700 864 ἀπέβη
733 808 858 852 οὕτω.

1144 739 1227 784 ὅσα
1255 739 1337 796 γὰρ
1377 735 1524 786 εἶπας,
1562 732 1617 776 ἅ-

362 875 469 924 ,,εἷσι
499 875 542 916 οἷ
571 876 715 918 λοιποὶ
745 877 1105 932 Λακεδαιμόνιοι,
1146 875 1219 918 καὶ
1261 872 1433 917 τούτων
1461 868 1617 915 ὁκόσοι

330 946 583 990 3,,τοιοῦτοι
620 941 672 985 τὰ
709 942 913 998 πολέμια,
951 947 1033 987 εἴτε
1077 943 1149 986 καὶ
1189 942 1417 992 ἅπαντες.“

517 1012 591 1061 ,Ω
619 1012 820 1065 βασιλεῦ,
851 1015 1020 1067 πλῆθος
1050 1011 1128 1066 μὲν
1163 1008 1342 1053 πάντων
1360 1011 1450 1052 τῶν
1478 1010 1620 1049 Λακε-

360 1007 477 1052 εἶπε·

1490 936 1540 980 Ὃ
1583 934 1620 979 δ,

332 1080 634 1132 4,,δαιμονίων
661 1077 837 1131 πολλὸν,
868 1079 940 1122 καὶ
969 1078 1093 1130 πόλις
1121 1079 1300 1121 πολλαί·
1331 1076 1380 1120 τό
1407 1076 1453 1119 δὲ
1477 1074 1620 1123 θέλεις

362 1143 616 1198 ,,ἐκμαθὲειν
627 1178 639 1197 ,
697 1145 891 1201 εἰδήσεις.

959 1145 1082 1189 ’Ἐστι
1129 1146 1174 1189 ἐν
1220 1149 1273 1201 τῇ
1323 1142 1676 1197 Λακεδαίμονι40

362 1211 595 1268 ,,Σπάρτη,
625 1213 748 1265 πόλις
778 1212 957 1268 ἀνδρῶν
984 1215 1316 1269 ὀκτακισχιλίων
1336 1210 1519 1268 μάλιστά
1549 1226 1618 1265 κη.

305 1411 496 1458 stigmata,
538 1422 635 1460 quae
656 1411 780 1459 qualia
810 1409 961 1453 fuerint,

304 1466 410 1503 haud
429 1467 539 1502 facile
559 1479 648 1502 sane
661 1466 812 1503 dixeris.
840 1468 963 1502 Ram-

306 1536 381 1574 que
400 1526 500 1560 notae
519 1521 590 1559 hac
619 1535 713 1559 voce
733 1523 961 1568 indicantur,

305 1592 403 1631 quae
424 1580 485 1616 vel
504 1580 617 1615 servis
652 1580 714 1615 vel
740 1580 961 1616 facinorosis

304 1636 367 1672 vel
406 1636 523 1686 captis
578 1636 705 1671 aliisve
743 1636 959 1676 inuruntur.

304 1693 420 1728 Plura
441 1693 580 1728 excitat
607 1693 760 1728 VViner.
782 1691 831 1728 ad
850 1693 962 1728 Pauli

304 1750 377 1799 Ep.
394 1748 443 1785 ad
475 1749 595 1785 Galat.
608 1749 671 1796 VI,
686 1752 749 1788 17.
791 1750 849 1785 De
860 1755 962 1785 stru-

305 1812 413 1842 ctura
444 1805 549 1842 verbi
580 1805 723 1852 στίζειν
758 1805 808 1843 cf.
827 1804 962 1843 Matth.

307 1863 374 1899 Gr.
406 1862 472 1898 Gr.
502 1862 539 1906 §.
559 1863 636 1902 421
660 1867 756 1898 nott.
778 1865 851 1912 3p.
865 1862 962 1904 775.

310 1916 412 1955 Add.
431 1916 625 1954 Plutarch.
646 1918 782 1955 Pericl.
801 1921 870 1958 26.

365 1971 495 2027 χρόνῳ
531 1973 729 2025 μετέπειτα
747 1975 764 2023 ]
815 1973 965 2011 Accidit

306 2029 381 2067 hoc
403 2032 679 2082 quinquaginta
698 2031 777 2067 fere
797 2038 882 2081 post
894 2044 966 2067 an-

307 2088 378 2133 nis,
394 2089 517 2137 primo
534 2088 621 2123 belli
650 2088 966 2138 Peloponnesiaci

311 2155 424 2190 mmo,
452 2149 495 2179 ut
525 2142 639 2180 tradit
668 2142 890 2195 Thucydid.
914 2145 962 2192 ΙΙ,

311 2202 350 2240 2.
370 2199 394 2239 5
407 2228 418 2246 ‚
449 2200 514 2250 qui
532 2199 822 2250 Eurymachum
841 2201 966 2237 virum

309 2253 588 2292 Thebanorum
647 2257 965 2306 potentissimum,

310 2309 584 2350 δυνατώτατον
629 2313 804 2362 appellat.
883 2313 966 2357 Quo

311 2367 447 2404 eodem
468 2374 621 2404 auctore
640 2367 869 2420 Thucydide
889 2381 968 2405 uon

311 2431 418 2460 erant
462 2423 728 2475 quadringenti
777 2423 968 2472 The-bani,

314 2481 451 2532 quibus
480 2481 542 2516 ille
571 2481 745 2531 praefuit,
768 2480 834 2518 sed
856 2482 968 2532 paulo

312 2538 438 2588 plures
460 2539 631 2574 trecenti&
675 2536 862 2575 Diodorus
883 2539 968 2586 XII,

312 2593 364 2633 41
405 2594 623 2644 simpliciter
666 2593 756 2631 dicit
792 2598 968 2632 trecentos.

314 2651 441 2701 Atque
470 2649 535 2686 has
566 2651 664 2687 rixas
686 2652 784 2687 iuter
811 2650 968 2688 Theba-

314 2718 382 2742 nos
405 2719 446 2742 ac
466 2707 704 2744 Plataeenses
725 2706 814 2744 inde
833 2709 968 2758 repetit

314 2762 356 2798 C.
385 2762 430 2800 Ο.
450 2763 598 2801 Miiller.
621 2762 850 2802 Orchomen.
876 2777 966 2816 pag.

1018 1411 1123 1453 413,
1157 1408 1261 1461 quod
1289 1416 1437 1446 mature
1471 1421 1493 1445 a
1523 1408 1677 1446 Boeotis

1019 1480 1228 1518 eorumque
1247 1466 1412 1514 foedere,
1435 1467 1497 1502 cui
1516 1465 1678 1503 Thebae

1017 1530 1236 1575 praeerant,
1286 1522 1530 1561 discesserant
1584 1523 1678 1560 Pla-

1017 1588 1200 1618 taeenses.

1167 1669 1259 1720 cap.
1291 1669 1536 1707 ccxxxw.

1073 1744 1121 1787 τοέ
1149 1746 1344 1799 πολέμια]
1376 1750 1495 1785 Plane
1514 1750 1567 1786 sic
1593 1750 1676 1798 Vll,

1018 1807 1111 1845 238.
1173 1804 1260 1843 vid.
1288 1812 1385 1842 nott.
1406 1805 1454 1843 ad
1473 1807 1539 1854 III,
1561 1805 1600 1846 4.
1621 1827 1678 1833 —

1019 1862 1065 1897 In
1088 1874 1194 1913 seqq.
1230 1861 1278 1898 ad
1308 1862 1474 1898 formam
1505 1859 1680 1913 εἰδήσεις

1020 1917 1098 1957 vid.
1127 1916 1263 1956 Matth.
1294 1920 1359 1956 Gr.
1382 1920 1448 1957 Gr.
1469 1920 1506 1965 ᾗ,
1527 1921 1607 1960 231
1638 1933 1681 1971 p.

1075 2026 1190 2077 πόλις
1223 2026 1384 2084 ἀνδρῶν
1420 2026 1683 2082 ὀκτακισχιλί-

1024 2102 1078 2125 ων
1101 2085 1268 2137 μάλιστα
1279 2090 1348 2137 κη]
1362 2088 1484 2125 Affert
1504 2086 1681 2130 Eustath.

1021 2143 1069 2180 ad
1089 2145 1132 2182 ΙΙ.
1153 2157 1241 2195 pag.
1261 2146 1355 2193 294,
1377 2147 1478 2185 275.
1498 2147 1592 2192 222,
1613 2143 1681 2184 47-

1024 2201 1148 2245 Quem
1177 2214 1267 2238 vero
1288 2199 1329 2238 h.
1348 2202 1373 2238 l.
1402 2203 1536 2238 Noster
1555 2198 1682 2250 prodit

1023 2270 1229 2293 numerum
1257 2258 1417 2303 civium,
1440 2269 1529 2292 eum
1549 2269 1570 2292 a
1589 2269 1681 2294 vero

1024 2326 1101 2349 non
1119 2315 1232 2363 longe
1244 2314 1384 2360 abesse,
1395 2312 1484 2349 inde
1494 2314 1574 2349 iure
1585 2311 1683 2350 mihi

1026 2371 1203 2420 colligere
1232 2382 1341 2419 posse
1369 2368 1521 2416 videor,
1563 2367 1680 2422 quod,

1025 2426 1123 2462 victa
1144 2426 1340 2473 Messenia,
1356 2439 1494 2477 aequas
1506 2427 1682 2463 omnium

1027 2482 1304 2532 Spartanorum
1333 2490 1448 2519 sortes
1482 2483 1595 2520 fuisse
1616 2496 1684 2520 ac-

1027 2540 1196 2588 cepimus
1226 2551 1343 2576 novem
1369 2540 1474 2586 mille,
1515 2541 1555 2576 in
1587 2552 1681 2591 quas

1025 2596 1106 2635 scil,
1146 2596 1268 2632 omnis
1300 2602 1394 2632 esset
1425 2595 1539 2632 divisa
1561 2603 1682 2643 terra3

1025 2664 1113 2687 cum
1135 2659 1244 2688 antea
1259 2651 1376 2688 modo
1392 2665 1452 2689 sex
1464 2652 1569 2698 milla
1589 2653 1679 2700 sive,

1023 2715 1066 2744 ut
1104 2709 1166 2744 alii
1215 2707 1378 2756 tradunt,
1420 2713 1571 2758 quatuor
1594 2709 1682 2745 mil-

1022 2765 1069 2811 le,
1101 2771 1137 2801 et
1173 2764 1275 2817 quod
1296 2766 1481 2813 excurrit,
1524 2765 1680 2802 fuissent
