1870 3249
0 304 66 350 97

373 182 1028 221 TERPSICHORE.
1087 182 1133 218 V.

1314 183 1398 223 197

209 294 454 348 Νομίζουσι
477 290 531 346 δή
552 294 709 344 ταῦτα,
739 290 813 333 καὶ
833 288 1211 346 διαβεβλημένοισι
1230 289 1273 340 ἐς
1290 289 1396 342 τούς

128 362 318 415 Πέρσας,
359 360 406 403 έν
446 358 590 416 τούτῳ
621 357 674 414 δὴ
712 361 772 416 τῷ
802 361 944 414 καιρῷ
984 356 1007 401 ὁ
1041 358 1262 415 Μιλήσιος
1290 357 1395 412 Ἀρι-

121 427 356 485 σταγόρης,
399 427 485 472 ὑπό
517 426 785 482 Κλεομένεος
823 428 904 468 τοῦ
935 428 1288 482 Λακεδαιμονίου
1317 426 1451 478 {ge-80

117 498 295 548 λασθεὶς
323 497 370 541 ἐκ
399 501 475 553 τῆς
508 495 740 550 Σπάρτης,
771 491 950 536 ἀπίκετο
981 494 1024 545 ές
1042 493 1249 550 Ἀθήνας·
1281 493 1392 551 αὕτη
1451 496 1523 520 ῑῐόῑ·

87 563 206 621 2de
236 564 264 622 ἡ
283 564 409 616 πόλις
439 569 527 608 τῶν
553 563 745 608 λοιπέων
772 559 1031 605 ἐδυνάστευε
1054 562 1244 618 μέγιστα.
1274 562 1393 606 ἐπελ-

115 631 214 677 θών
243 633 290 677 δὲ
320 633 388 677 ἐπὶ
420 633 497 676 τόν
527 634 670 689 δῆμον
699 631 723 674 ὁ
754 628 1082 686 Ἀρισταγόρης,
1112 635 1250 674 ταῦτα
1280 631 1394 687 ἔλεγε

115 700 169 744 τὰ
201 702 274 744 καὶ
306 701 353 745 έν
394 704 447 757 τῇ
487 700 698 756 Σπάρτῃ,
740 698 838 751 περὶ
877 702 967 741 τῶν
998 697 1181 755 ἀγαθῶν
1215 703 1305 742 τῶν
1346 699 1393 743 ἐν

114 773 169 826 τῇ
195 767 334 827 Ἀσίῃ,
366 769 440 813 καὶ
475 772 557 812 τοῦ
585 767 780 822 πολέμου
810 770 890 809 τοῦ
920 770 1162 821 Περσικοῦ,
1204 765 1263 816 ὦς
1294 766 1393 810 οὕτε
1406 776 1448 807 85

114 836 277 881 ἀσπίδα
306 836 408 881 οὔτε
435 836 546 891 δόρυ
568 836 804 891 νομίζουσι,
834 832 1028 886 εὐπετέες
1054 850 1098 878 τε
1122 839 1389 891 χειρωθῆναι

84 906 278 961 Βεῖησαν.
336 904 476 949 ταῦτά
515 921 560 949 τε
591 904 644 960 δή
676 904 814 958 ἔλεγε,
859 903 931 946 καὶ
971 902 1084 957 πρὸς
1126 907 1240 946 τοῖσι
1270 903 1389 955 τάδε,

115 971 175 1025 ὥς
212 975 257 1017 οἱ
285 973 504 1031 Μιλήσιοι
543 976 631 1016 τῶν
665 970 912 1027 Ἀθηναίων
949 971 1031 1014 εἶσὶ
1061 969 1266 1021 ἄποικοι,
1317 972 1392 1014 καὶ

113 1040 236 1092 οἰκός
257 1055 394 1097 σφεας
422 1044 487 1098 εἴη
523 1040 712 1096 ῥύεσθαι
742 1039 1018 1094 δυναμένους
1048 1039 1180 1095 μέγα·
1211 1041 1287 1083 καὶ
1317 1039 1390 1084 οὐ-

112 1110 186 1153 δὲν
220 1108 246 1153 ὅ
274 1127 316 1153 τι
353 1109 437 1153 οὐκ
464 1110 687 1164 ὑπίσχετο,
739 1105 812 1151 οἷα
842 1106 983 1161 κάρτα
1014 1105 1242 1162 δεόμενος·
1291 1107 1334 1158 ἐς
1367 1106 1449 1151 890

82 1175 311 1222 4ἆνέπεισέ
341 1190 490 1234 σφεας.

57 1388 164 1423 cuius
183 1387 269 1424 loco
303 1388 420 1438 vulgo
452 1385 657 1435 ἐδέδοκτο,
700 1401 720 1424 e

56 1444 277 1481 Florentino
297 1458 402 1482 nuuc
427 1451 638 1496 receptum.
662 1444 719 1482 Cf.

55 1507 152 1538 nott.
173 1500 221 1538 ad
242 1501 286 1550 V,
306 1501 373 1543 34.

253 1605 346 1656 cap.
367 1604 522 1641 XCVII.

116 1671 336 1722 Νομίζουσι
372 1669 421 1724 δὴ
450 1675 597 1721 ταῦτα,
652 1672 720 1712 καὶ

54 1728 401 1780 διαβεβλημένοισι
421 1744 457 1768 κ.
479 1744 513 1768 τ.
537 1731 591 1778 λ.]
652 1729 716 1767 Ad

54 1786 339 1835 participiorum
349 1799 462 1823 usum
470 1787 572 1824 conf.
583 1785 718 1826 Mat'th.

55 1842 123 1878 Gr.
163 1842 229 1878 Gr.
270 1844 308 1888 ξ.
341 1845 438 1884 401.
504 1844 562 1879 De
602 1844 720 1881 verbo

59 1894 348 1948 διαβάλλεσθαι
381 1898 551 1936 diximus
593 1899 641 1937 ad
674 1900 721 1947 V,

59 1952 114 1994 35
161 1955 247 1991 coll.
286 1957 360 2003 VI,
395 1955 464 1996 46.
522 1957 616 1992 Mox
650 1968 721 2006 pro

60 2009 263 2058 ἐξελαθεὶς
300 2025 392 2049 cmn
433 2019 591 2049 recentt.
632 2011 720 2049 edd.

58 2065 146 2103 dedi
179 2066 431 2115 ἐξελασθείς.
494 2069 551 2105 Cf.
591 2069 634 2117 V,
667 2071 722 2110 92

113 2176 214 2230 αὕτη
241 2178 315 2233 γαρ
343 2179 372 2232 ἦ
396 2176 512 2228 πόλις
539 2183 620 2220 τῶν
642 2184 720 2220 λοι-

55 2234 163 2276 πέων
175 2235 411 2276 ἐδυνάστευε
431 2237 609 2290 μέγιστα]
623 2240 721 2274 Per-

54 2295 150 2331 tinet
170 2292 244 2331 huc
266 2295 361 2331 alter
381 2296 486 2332 locus
504 2296 534 2343 Ι,
557 2295 624 2343 56,
654 2295 720 2331 ubi

55 2351 185 2388 Croesi
204 2358 377 2402 tempore
404 2352 584 2402 Spartam
603 2358 720 2403 atque

55 2406 226 2444 Athenas
253 2409 352 2445 inter
372 2409 554 2446 Graeciae
585 2409 721 2446 civita—

57 2471 110 2502 tes
138 2465 309 2501 maxime
348 2467 516 2502 eminere
557 2464 716 2502 dixerat.

54 2520 117 2558 Ad
137 2522 251 2559 verba
279 2523 455 2572 proxime
477 2536 584 2574 seqq.
604 2521 718 2562 ἔπελ-

54 2575 146 2617 θιὸν
183 2575 225 2617 δὲ
260 2576 325 2618 ἐπὶ
354 2576 425 2618 τὸν
454 2579 582 2629 δῆμον
614 2580 717 2616 conf.

56 2633 186 2672 Schol.
204 2633 386 2686 Thucyd.
407 2633 455 2672 ad
474 2637 503 2683 1,
514 2637 567 2676 90
587 2636 718 2686 ibique

55 2690 202 2729 Duker.
229 2692 316 2729 coll.
336 2693 366 2739 1,
388 2694 455 2732 70.
489 2693 587 2728 Nam
606 2691 717 2742 ἐπέρ-

57 2753 198 2799 χεσθαι
226 2750 343 2800 vulgo
380 2747 535 2785 tradunt
566 2747 639 2784 dici
668 2748 717 2785 de

56 2807 269 2857 peregrino,
290 2805 355 2858 qui
377 2805 414 2842 in
436 2804 609 2842 medium
625 2818 716 2856 pro-

552 1176 754 1228 Πολλούς
781 1175 866 1232 γὰρ
899 1174 991 1221 οἶκε
1011 1173 1124 1220 εἶναι
1144 1174 1390 1220 εὐπετέστε-

778 1385 950 1439 greditur
960 1387 1078 1425 verba
1098 1386 1282 1433 facturus,
1303 1385 1446 1438 παρέρ-

777 1449 921 1496 χεσθαι
942 1443 990 1481 de
1012 1444 1107 1480 cive.
1163 1444 1240 1480 Ubi
1259 1442 1446 1480 Herodoti

777 1503 883 1539 locus
913 1515 935 1538 a
963 1501 1185 1538 Gottlebero
1213 1501 1311 1537 bene
1331 1499 1449 1537 affer-

776 1566 851 1596 tur.
926 1559 1053 1595 Minus
1087 1558 1291 1605 convenit,
1343 1556 1449 1609 quod

777 1614 881 1667 apud
891 1615 1058 1653 eundem
1068 1614 1271 1653 Scholiast.
1286 1621 1322 1651 et
1336 1613 1448 1653 Suid.

777 1674 829 1710 T.
852 1674 888 1709 Π
908 1687 947 1724 p.
969 1672 1024 1713 44
1051 1673 1214 1723 legitur:
1261 1670 1448 1711 ἐπελθεῖν

777 1726 820 1770 τὸ
843 1724 1173 1781 ἀναβαλλόμενον
1197 1725 1328 1781 χρόνῳ
1350 1729 1446 1767 τοῦ·

776 1802 821 1825 το
846 1783 1160 1838 διαπράξασθαι.
1182 1807 1237 1813 -
1266 1786 1361 1821 Mox
1376 1798 1446 1836 pro

777 1846 903 1881 ταῦτα
920 1843 1023 1894 ἔλεγε
1046 1841 1269 1892 Schweigh.
1298 1841 1447 1878 mavult

778 1894 906 1938 τοῖυτά
941 1897 1056 1950 ἔλεγε.
1125 1899 1184 1935 De
1217 1904 1445 1948 argumento

777 1956 855 1992 loci
875 1955 977 1993 conf.
998 1956 1044 2002 V,
1074 1954 1142 1996 49.
1162 1976 1219 1982 —
1240 1955 1362 1992 Paulo
1382 1955 1446 1991 iu-

778 2012 835 2048 fra
856 2024 925 2062 pro
953 2009 1055 2063 πρός
1091 2016 1196 2051 τοῖσι
1221 2012 1262 2048 in
1293 2010 1444 2048 duobus

779 2068 893 2106 codd.
920 2067 1020 2118 πρός
1044 2066 1241 2108 τούτοισιε
1283 2067 1331 2105 de
1367 2081 1444 2120 quo

779 2126 881 2164 conf.
902 2127 930 2170 1.
955 2128 1023 2166 66.
1045 2126 1129 2173 vn,
1151 2124 1245 2166 135.

837 2181 892 2229 ὥς
922 2179 1012 2222 οὕτε
1042 2178 1195 2221 οἷσπίδα
1220 2179 1314 2221 οὔτε
1348 2177 1444 2233 δόρυ

778 2239 1002 2289 νομίζουσι]
1044 2240 1070 2277 i.
1101 2253 1136 2276 e.
1164 2251 1225 2275 nec
1257 2241 1355 2276 scuto
1383 2251 1445 2276 nec

778 2295 888 2333 Ιιαείίι
918 2309 972 2332 eos
1000 2298 1058 2332 uta·
1077 2295 1259 2347 facileque
1282 2298 1446 2346 superari

768 2365 886 2403 posse.
925 2354 982 2389 De
1002 2354 1120 2390 verbo
1141 2353 1318 2403 νομίζειν
1339 2352 1442 2389 conf.

773 2416 868 2446 nott.
893 2409 941 2447 ad
952 2410 1016 2457 IV,
1040 2412 1118 2450 183
1139 2410 1206 2446 fin.
1228 2416 1265 2446 et
1286 2408 1333 2446 de
1351 2422 1443 2460 par-

775 2467 899 2503 ticulis
937 2463 1144 2506 οὔτε-τε
1175 2473 1274 2503 nott.
1307 2465 1356 2503 ad
1375 2466 1440 2513 Vl,

779 2526 814 2563 1.
874 2524 933 2559 De
963 2522 1171 2560 modorum
1202 2524 1349 2559 ratione
1378 2523 1440 2559 vel

773 2581 898 2630 potius
949 2581 1061 2617 celeri
1101 2593 1233 2617 earum
1284 2580 1441 2616 transitu

775 2635 848 2685 (ὥς
886 2638 1094 2688 νομίζουσι
1112 2658 1167 2665 -
1191 2636 1351 2687 εἴησαν,
1404 2642 1439 2671 et

773 2706 888 2730 mox:
948 2692 1074 2741 059—-
1094 2691 1171 2732 εἰσὶ
1219 2691 1284 2731 καὶ
1333 2688 1440 2738 οἰκὸς

773 2749 925 2801 -εἱή)
966 2751 1069 2787 conf.
1103 2747 1240 2786 Matth.
1273 2750 1339 2786 Gr.
1371 2750 1438 2785 Gr.

773 2819 860 2856 pag.
893 2809 1012 2851 1031,
1055 2807 1119 2858 qui
1152 2805 1254 2843 idem
1287 2806 1323 2850 ξ.
1357 2802 1438 2846 483

1454 289 1651 325 Aristagoras
1668 289 1727 316 Mi-

1452 323 1546 351 lesius
1570 322 1705 350 Athena:

1454 357 1538 384 venit
1559 357 1599 391 [e.
1618 357 1690 392 55.],

1452 391 1607 426 facileque
1634 399 1652 418 a
1675 400 1725 426 pos

1454 426 1532 486 plulos
1547 433 1585 485 ἓ
1598 425 1727 465 ‘navium

1453 467 1468 486 c
1483 467 1515 485 as
1536 467 1552 486 e
1597 467 1692 495 unpe—
