1834 3258
493 272 973 323 POLYMNIA.
1033 287 1133 327 VII.

1341 298 1426 340 545

124 376 352 420 4Κισσίων
381 378 428 422 δὲ
458 374 562 437 ἦρχε
589 382 779 444 Ἀνοέφης
809 389 834 433 ὁ
862 389 1062 438 Ὀτάνεω.
1120 396 1345 454 Ὑρκάνιοι
1376 406 1422 450 δὲ
1434 414 1479 449 20

149 442 262 486 κατά
295 459 377 502 περ
417 448 586 504 Πέρσαι
622 451 871 512 ἐσεσάχατο,
910 459 1103 518 ἡγεμόνα
1128 468 1421 526 παρεχόμενοι

80 783 160 820 iam
179 786 278 824 bene
297 788 393 828 vidit
412 793 576 834 Brisson.
596 798 654 834 De
664 811 747 849 reg.

79 840 204 880 Perss.
231 845 393 899 princip.
417 850 446 897 I,
467 848 540 899 49,
572 855 634 890 cui
654 854 744 893 add.

77 896 256 950 Mongez.
277 903 302 941 l.
325 904 352 941 l.
380 918 468 957 pag.
495 907 560 948 15.
616 911 747 950 Accu—

76 956 217 993 ratiora
237 957 342 997 dabit
361 962 392 1001 Ι.
415 962 464 1000 de
484 965 682 1006 Hammer.
704 970 745 1006 in

75 1010 234 1051 Annall.
268 1016 407 1056 Vienn.
433 1022 491 1056 IX
511 1035 600 1074 pag.
623 1024 742 1066 58-—

75 1069 143 1116 62,
176 1071 244 1106 ubi
277 1070 387 1112 docet
416 1079 557 1116 mitram
590 1084 743 1133 proprie

74 1121 150 1160 dici
169 1127 286 1165 fiarae
297 1138 445 1179 partem
461 1143 615 1174 ornatus
628 1151 742 1177 causa

71 1178 241 1220 additam
260 1185 385 1224 forma
413 1191 634 1242 orbiculari,
656 1197 742 1247 api-

72 1249 160 1274 cem
182 1239 323 1280 dixeris
342 1245 460 1283 tiarae
472 1250 737 1302 orbicularem,

37 1293 138 1330 ‘soli
167 1309 197 1333 s.
227 1298 391 1338 Mithrae
420 1303 494 1341 deo
534 1320 738 1347 consecra-

65 1355 152 1387 tum
181 1353 349 1409 indeque
380 1361 495 1398 etiam
529 1365 735 1405 Persarum

63 1408 218 1457 regibus
300 1416 539 1457 attributum.
628 1423 732 1462 Add.

63 1462 234 1505 Schoen.
254 1468 294 1504 in
315 1470 535 1514 Comment.
562 1477 610 1514 de
630 1493 729 1531 pers.

60 1519 101 1556 in
121 1521 254 1575 Eurip.
273 1526 415 1567 Bacch.
438 1545 524 1583 pag.
553 1533 643 1583 141,
664 1539 731 1575 ubi

62 1575 162 1614 bene
201 1581 385 1633 observat,
416 1589 550 1626 mitrae
570 1604 728 1644 nomen,

61 1645 152 1670 cum
169 1635 210 1672 in
231 1641 400 1690 capitalis
435 1646 633 1686 cuiusdam
661 1664 727 1688 or-

58 1697 170 1729 natus
195 1695 512 1746 significationem
542 1707 722 1757 cessisset,

58 1744 212 1786 dilatata
231 1765 440 1807 parumper
451 1760 502 1808 vi,
523 1760 629 1799 idem
649 1764 722 1802 ad-

51 1799 215 1844 hibitum
250 1823 329 1847 esse
367 1813 416 1851 ad
437 1814 718 1869 designandum

51 1860 208 1913 aliquod
244 1868 336 1917 pilei
369 1883 511 1922 genus,
553 1877 658 1928 quod
677 1880 718 1916 in

49 1915 216 1957 barbaris
255 1925 472 1966 nationibus
511 1935 717 1985 praecipue

46 1973 197 2013 Asianis
219 1990 290 2016 usu
310 1984 440 2021 venire
460 1993 715 2034 consueverit.

46 2029 176 2082 Atque
196 2031 270 2072 hoc
297 2050 410 2076 sensu
432 2043 547 2080 etiam
569 2047 616 2083 ab
636 2050 714 2085 He-

44 2086 180 2126 rodoto
193 2090 327 2131 Cissios
342 2095 554 2138 dicistatuit
573 2118 715 2156 μιτρη-

44 2138 208 2196 φόρους,
230 2148 327 2187 bene
360 2151 615 2207 distinguente
635 2159 710 2201 hoc

42 2200 133 2249 pilei
162 2215 284 2253 genus
305 2220 326 2244 a
357 2211 561 2251 Persarum
586 2218 708 2267 pileis.

41 2256 121 2294 Nec
149 2260 257 2299 aliter
289 2264 368 2302 fere
398 2269 512 2308 tradit
540 2272 708 2312 Schnei-

41 2310 120 2351 der.
140 2316 181 2352 in
200 2319 296 2357 Lex.
319 2323 384 2361 Gr.
406 2338 436 2363 s.
452 2341 489 2365 v.
520 2330 649 2383 μίτρα,
683 2345 705 2369 a

47 2368 113 2409 Cr.
135 2375 340 2428 excitatus,
381 2384 447 2434 qui
475 2383 582 2423 idem
609 2386 706 2427 haec

39 2424 258 2480 adscripsit:
339 2439 410 2484 „In
461 2442 548 2480 viris
598 2447 705 2485 mitra

37 2489 92 2520 est
110 2484 285 2526 luxuriae
316 2492 503 2534 Asiaticae
534 2500 701 2551 signum.

37 2538 123 2579 Vid.
146 2544 282 2595 Heyne
302 2547 350 2585 ad
370 2551 502 2603 Virgil.
524 2557 700 2609 Aen.IV,

35 2597 130 2645 216,
156 2601 223 2637 ubi
243 2604 358 2641 etiam
392 2607 439 2644 de
459 2612 613 2651 Baccho
634 2632 701 2667 μι-

34 2651 237 2710 τρηφόρῳ.
279 2660 349 2697 Cui
369 2676 472 2703 nunc
494 2668 580 2708 add.
598 2685 697 2723 quae

33 2712 142 2757 posui
171 2713 219 2751 ad
239 2716 394 2756 Nicetae
415 2723 595 2774 Epitheta
615 2730 696 2765 De-

35 2775 108 2803 orr.
138 2769 179 2806 in
212 2772 359 2813 Melett.
393 2778 412 2813 I
430 2792 519 2831 pag.
540 2785 590 2823 21
614 2792 697 2824 not.

36 2820 135 2861 17.“

85 2875 289 2932 Ὑρκάνιοι
309 2884 353 2926 δὲ
376 2887 477 2931 κατά
496 2907 569 2948 περ
588 2893 694 2950 Πέρ-

91 2935 238 2977 Hmton
248 2953 317 2982 or.
346 2946 415 2985 111.

805 687 846 724 in
873 689 1014 729 Persici
1042 697 1194 747 imperii
1220 705 1472 755 satrapiarmn

804 756 848 781 ac
867 748 1043 796 gentium
1062 752 1300 803 singularum
1333 775 1470 801 recen-

801 802 928 853 sione,
963 818 1062 858 quae
1095 809 1193 849 libro
1223 815 1279 852 ΙΠ
1307 830 1391 870 cap.
1412 823 1468 865 90

802 871 909 912 seqq.
930 862 1148 915 instituitur,
1166 867 1270 909 haud
1291 886 1467 914 comme-

802 925 1013 967 morentur,
1035 935 1098 960 eos
1117 925 1266 976 Daritis,
1286 931 1468 983 Pausicis‚

801 973 884 1010 aliis
904 978 1081 1025 gentibus
1101 993 1214 1033 supra
1228 987 1294 1035 m,
1318 990 1373 1030 92
1401 1003 1466 1028 re-

801 1031 950 1069 censitis
981 1041 1019 1071 et
1050 1037 1204 1077 easdem
1236 1043 1316 1080 fere
1335 1048 1465 1097 regio-

798 1099 889 1135 nes,
919 1102 1018 1141 quae
1036 1094 1236 1145 Hyrcaniis
1265 1101 1382 1152 vulgo
1407 1117 1465 1142 as-

798 1143 1008 1195 signantur,
1045 1157 1110 1188 aut
1129 1162 1231 1191 certe
1252 1163 1462 1198 contermi-

796 1212 865 1237 nas
886 1204 1103 1244 tenentibus
1137 1213 1323 1251 contineri
1354 1225 1463 1267 putat

794 1257 957 1296 Rennel.
985 1274 1076 1313 pag.
1108 1265 1204 1308 502.
1261 1272 1374 1310 Nunc
1396 1288 1460 1312 re-

792 1313 877 1363 gio,
923 1328 1041 1368 quam
1066 1322 1250 1373 Hyrcanii
1277 1329 1370 1366 olim
1391 1344 1460 1369 oc—

791 1381 992 1423 cuparunt,
1005 1385 1164 1416 vocatur
1177 1381 1325 1433 Corlcan,
1339 1400 1456 1426 mon-

788 1433 870 1465 tosa
900 1427 1102 1485 densisque
1134 1438 1248 1489 sylvis
1269 1444 1457 1493 optimam

786 1485 947 1524 navibus
985 1489 1214 1533 fabricandis
1251 1503 1455 1540 materiam

785 1543 1054 1591 praebentibus
1066 1551 1221 1601 repleta,
1243 1555 1456 1598 laetissimis

785 1598 947 1637 vallibus
976 1606 1083 1641 omni
1112 1607 1192 1645 fere
1211 1623 1341 1650 rerum
1362 1629 1456 1666 pro-

785 1662 905 1693 ventu
932 1658 1146 1711 insignibus
1177 1676 1322 1708 ornata.
1362 1672 1451 1713 Vid.

779 1712 945 1752 Heeren.
974 1716 1105 1758 Ideen.
1134 1722 1164 1770 I,
1190 1726 1208 1763 1
1231 1739 1321 1777 pag.
1351 1730 1450 1772 315.

778 1789 832 1796 -
855 1771 931 1807 Pro
952 1771 1163 1827 ἐσεσάχατο
1182 1780 1225 1817 in
1255 1783 1448 1824 Sancrofti

774 1824 872 1863 libro
886 1828 1080 1868 invenitur
1090 1832 1290 1887 ἐτετάχατο
1303 1853 1312 1889 ;
1329 1843 1446 1892 male,

775 1881 977 1923 Eustathio
1000 1901 1155 1941 quoque
1175 1899 1282 1941 teste,
1307 1900 1373 1949 qui
1393 1899 1443 1937 ad

772 1938 816 1976 Il.
837 1940 875 1975 Π
894 1954 933 1991 p.
953 1944 1049 1992 234,
1074 1949 1124 1987 12
1148 1962 1178 1987 s.
1204 1952 1295 2000 177,
1317 1957 1372 1996 26
1394 1969 1444 1995 ex

773 1995 971 2035 Herodoto
988 2000 1098 2039 affert
1127 2002 1339 2059 ἐσεσάχατο
1350 2008 1441 2053 α’ντὶ

770 2053 846 2090 τοῦ
875 2052 1117 2108 ω’πλισμένοι
1139 2055 1257 2112 ἦσαν.
1314 2068 1365 2105 Et
1387 2070 1441 2108 cf.

770 2108 915 2148 Herod.
938 2112 1018 2160 VII,
1041 2117 1108 2155 70.
1137 2121 1205 2159 73.
1236 2124 1304 2164 86.
1333 2124 1439 2165 Add.

769 2163 965 2207 Theocrit.
987 2172 1108 2220 XVII,
1131 2174 1185 2216 94
1211 2184 1248 2214 et
1267 2180 1436 2233 Hesych-

765 2222 802 2257 ΙΙ
822 2225 866 2274 'p.
900 2226 1019 2275 1171,
1056 2230 1123 2267 ubi
1148 2230 1365 2286 σεσάχθαι·
1395 2239 1437 2280 ἒ-

765 2276 1005 2330 σκευοὲσθαι,
1027 2290 1436 2344 καθοπλίζεσθαι,ῐιο-

762 2340 867 2373 tante
888 2338 1074 2379 Valcken.
1133 2345 1198 2382 Tu
1226 2349 1304 2392 vid.
1335 2360 1432 2391 nott.

763 2390 812 2429 ad
839 2394 906 2442 111,
938 2399 965 2436 7
994 2404 1031 2434 et
1070 2400 1118 2437 cf.
1150 2403 1294 2444 Blomf.
1318 2409 1433 2449 Glos-

760 2461 832 2487 sar.
854 2450 903 2488 ad
923 2452 1103 2507 Aeschyl.
1126 2458 1168 2496 S.
1189 2473 1222 2497 c.
1244 2462 1429 2507 Th.119.

759 2506 1131 2561 Plusquamperfecti
1151 2516 1318 2557 formam
1339 2524 1430 2559 atti-

757 2563 814 2612 git
859 2565 996 2604 Matth.
1028 2570 1095 2607 Gr.
1127 2572 1193 2611 Gr.
1221 2589 1311 2628 pag.
1343 2582 1427 2620 377

758 2618 842 2668 (ubi
862 2635 978 2671 prave
988 2625 1215 2677 impressum
1235 2634 1273 2678 2,
1289 2636 1342 2674 62
1355 2648 1424 2685 pro

753 2677 794 2724 7,
817 2679 903 2728 62).
962 2681 1046 2726 Quo
1075 2684 1211 2723 eodem
1231 2690 1423 2739 pertinent

754 2730 959 2786 ἐτετάχατο
980 2738 1059 2786 VII,
1081 2742 1149 2781 87.
1166 2741 1421 2797 ἐπετετάχατο

752 2788 904 2837 V11,85
926 2792 993 2830 fin.
1018 2797 1085 2836 87.
1111 2798 1419 2854 προσετετάχατο

753 2844 834 2894 VII,
864 2850 932 2889 70.
973 2850 1215 2903 κατειλίχατο
1249 2859 1330 2907 VII,
1362 2863 1417 2902 76

753 2899 820 2939 fin·
853 2906 921 2945 90.
963 2904 1203 2952 ἐσταλοὶδατο
1235 2913 1316 2965 VII,
1347 2918 1416 2960 89.
