1815 3181
278 596 339 640 21

73 757 148 786 sime
161 761 275 795 lugent.

410 216 493 256 250

826 214 1290 253 HERODOTI

407 322 634 380 θαλάσσῃ,
665 323 711 365 έν
730 321 874 379 ’Ἀμπῃ
904 322 1031 376 πόλι,
1061 323 1172 377 παρ’
1203 323 1260 380 ἢν
1293 325 1450 380 Τίγρης
1479 327 1673 382 ποταμὸς

381 391 703 447 Ξπαραῤῥέων,
745 390 789 440 ἐς
825 389 1056 434 θάλασσαν
1094 391 1202 443 ἐξίει.
1261 397 1337 448 τῆς
1378 393 1424 436 δὲ
1454 396 1674 451 Μιλησίης

407 459 548 516 χώρης
579 456 705 501 αὐτοὶ
731 457 811 513 μὲν
840 460 885 501 οἱ
914 459 1081 512 Πέρσαι
1119 458 1238 516 εἶχον
1267 459 1320 503 τὰ
1350 461 1449 516 περὶ
1487 462 1568 519 τὴν
1595 462 1670 506 πό-

407 531 476 569 λιν
504 526 579 569 καὶ
605 526 655 569 τὸ
683 527 858 578 πεδίον,
900 527 953 571 τὰ
984 527 1030 570 δὲ
1058 526 1303 582 ὑπεράκρια
1332 528 1491 572 ἔδοσαν
1527 531 1671 585 Καρσὶ

402 595 654 650 Πηδασεῦσι
674 593 894 650 ἐκτῆσθαι.
956 598 1165 639 Παθοῦσι
1192 596 1237 640 δὲ
1257 599 1394 640 ταῦτα
1410 599 1667 653 Μιλησίοισι
1682 607 1726 639 60

322 661 347 688 i·
402 659 515 715 πρὸς
539 661 756 716 Περσέων,
787 661 870 706 οὐκ
891 659 1113 707 ἀπέδοσαν
1130 662 1210 719 τὴν
1226 664 1384 721 ὁμοίην
1405 666 1669 719 Συβαρῖται,

374 804 395 836 Ξ
407 797 673 853 στερημένοι.

162 735 189 753 “¹
214 728 345 756 acerbi&
403 731 447 772 οἳ
476 728 600 772 Λάον
633 746 678 773 τε
717 730 792 774 καὶ
829 733 1029 787 Σκίδρον
1058 732 1227 783 οἴκεον,
1268 735 1345 787 τῆς
1382 729 1538 783 πόλιος
1573 731 1669 776 ἄπε-

741 798 971 854 Συβάριος
1006 799 1091 855 γάρ
1133 797 1325 855 ἁλούσης
1367 799 1455 842 ὑπὸ
1494 802 1651 854 Κροτε*

401 865 607 920 νιητέων,
638 866 853 924 Μλήσιοι
880 867 1038 918 πάντες
1078 865 1249 924 ἡβηδὸν
1279 866 1563 922 ἀπεκείραντο
1597 875 1726 920 ιας65

400 932 613 988 κεφαλὰς,
663 935 737 978 καὶ
775 933 938 986 πένθος
981 935 1091 991 μέγα
1134 934 1464 991 προεθήκαντο·

1524 934 1670 987 πόλιες

398 1001 481 1056 μοὶρ
512 1003 643 1046 αὗται
676 1002 861 1059 μαλιστα
899 1002 954 1060 δή
992 1006 1082 1046 τῶν
1116 1001 1240 1060 ἡμεῖς
1275 1005 1420 1059 ἴδμεν,
1459 1000 1668 1060 ἀλλήλῃσι

341 1193 384 1223 ut
402 1187 432 1234 I,
457 1189 548 1236 180,
568 1188 635 1226 ubi
655 1187 721 1226 vid
740 1188 875 1239 Ampe
894 1188 1000 1237 urbs,

341 1255 364 1279 a
392 1256 468 1295 qua
489 1243 617 1283 differt
639 1239 760 1292 ἷΩπις
778 1246 867 1283 urbs
902 1245 1006 1297 apud

339 1299 526 1338 Herodot.
547 1304 576 1350 Ι,
599 1304 692 1351 189,
712 1304 779 1339 ubi
793 1301 870 1341 vid.
893 1310 1004 1351 nott„

341 1355 391 1393 ad
418 1359 532 1395 maris
552 1360 679 1395 sinum
692 1388 701 1406 ‚
733 1360 774 1395 in
791 1372 909 1411 quem
929 1361 1004 1397 Ti-
1024 1382 1026 1384 -

339 1414 416 1463 gris
435 1415 571 1451 urbem
589 1417 864 1467 praeterlapsus
885 1430 925 1454 se
937 1418 1002 1453 in·-

339 1470 545 1519 fundebat,
575 1473 645 1509 sita
666 1479 764 1521 erat,
792 1481 837 1510 ut
857 1487 906 1510 ex
926 1472 1001 1510 hoc

337 1528 420 1577 ipso
460 1528 545 1565 loco
584 1530 670 1566 satis
711 1536 828 1581 patet.
887 1531 998 1569 Conf.

339 1583 581 1650 StephAEyz.
601 1599 680 1625 s.v.
701 1583 1000 1638 Ρ.121”Αμπη·

338 1637 451 1688 πόλις
469 1657 568 1693 προς
584 1645 636 1697 τῇ
651 1638 829 1697 Ἐρυθρᾷ,
844 1641 1001 1683 θαλάσ-

340 1708 389 1752 σῃ
406 1713 440 1737 κ.
460 1713 493 1737 τ.
507 1701 541 1737 λ.
592 1684 686 1736 Mox
706 1713 775 1751 pro
797 1701 895 1748 ἐξιεῖ
911 1699 1000 1738 dedi

336 1767 426 1791 cum
447 1762 604 1793 receuti.
626 1755 746 1804 ἐξίει·
736 1785 746 1794 .
773 1756 822 1794 de
852 1770 928 1810 quo
949 1758 999 1795 cf.

337 1811 382 1858 V,
407 1814 470 1852 16.
492 1813 554 1859 Vl,
578 1815 632 1853 37
655 1813 722 1850 fin.

391 1864 440 1906 τοῖ
461 1866 504 1907 δὲ
519 1864 771 1921 ὑπεράκρια]
801 1870 828 1906 i.
857 1883 892 1907 e.
920 1870 998 1908 loca

333 1923 508 1974 editiora,
538 1929 729 1974 montana,
759 1932 802 1963 ut
832 1940 946 1977 supra
965 1929 995 1975 Ι,

335 1980 388 2021 59
411 1982 453 2020 οἱ
469 1978 710 2034 ’ὑπεράκριοι
727 1985 910 2032 regionum
919 1984 996 2021 edi-

335 2039 474 2085 timum,
490 2042 660 2076 montium
679 2040 827 2079 incolae.
858 2041 997 2091 Attigit

331 2093 551 2132 Herodotea
584 2094 760 2134 Eustath.
790 2096 840 2134 ad
861 2096 996 2150 Odyss-

334 2163 373 2200 p.
408 2153 526 2198 1636,
556 2151 610 2193 54
638 2166 668 2190 s.
696 2152 790 2201 365,
812 2154 880 2195 51.
936 2155 995 2191 De

336 2205 484 2244 Caribus
503 2207 759 2247 Pedasemibus
788 2209 867 2249 vid.
895 2218 992 2251 nott.

303 2312 307 2322 ‚
333 2261 382 2300 ad
401 2262 449 2312 V,
473 2267 567 2306 121.

551 2366 647 2417 cap.
665 2367 762 2403 XXI

390 2428 466 2473 ουίι
493 2428 693 2473 ἐπέδοσαν
721 2430 795 2485 τήν
827 2434 994 2486 ὁμοίην]

332 2490 357 2526 i.
380 2503 413 2526 e.
435 2503 558 2541 parem
585 2492 745 2540 gratiam
777 2504 847 2528 non
862 2493 995 2530 retule-

331 2549 436 2594 runt,
467 2560 512 2584 eo
533 2546 639 2600 quod
659 2548 738 2584 scil.
761 2548 995 2586 Milesiorum

330 2603 562 2641 calamitates
600 2605 763 2640 minime
797 2606 848 2641 ita
880 2606 993 2656 luge-

331 2661 444 2708 bant,
474 2667 517 2698 ut
546 2661 640 2698 olim
667 2661 836 2698 fecerant
856 2663 992 2699 Milesii

331 2716 369 2752 iu
391 2718 655 2768 Sybaritarum
675 2718 786 2754 rebus
815 2717 991 2757 adversis.

330 2772 393 2810 Ad
414 2773 623 2812 dictionem
642 2771 716 2825 τήν
726 2771 870 2826 ὁμοίην
889 2775 990 2813 cons.

330 2837 425 2869 nott.
449 2830 496 2868 ad
518 2833 580 2879 lv,
606 2833 697 2872 119·

1119 1188 1161 1228 οἳ
1177 1183 1299 1228 Λάον
1322 1202 1363 1228 τε
1379 1187 1448 1227 καὶ
1468 1188 1645 1238 Σκίδρον
1667 1188 1725 1228 οἷ’-

1059 1246 1183 1294 κεον]
1215 1246 1371 1297 Sybaris
1391 1246 1480 1282 urbs
1510 1258 1632 1297 quum
1653 1244 1724 1282 de-

1059 1308 1202 1339 structa
1222 1308 1320 1339 esset
1347 1315 1449 1339 anno
1471 1301 1551 1342 507
1574 1315 1608 1338 a.
1631 1300 1723 1340 chr.

1062 1372 1102 1397 n.
1122 1373 1165 1407 s.⁷
1186 1366 1229 1396 ut
1260 1360 1340 1396 aliis
1360 1360 1499 1409 placet,
1521 1358 1602 1399 510
1623 1357 1720 1408 (vid.

1058 1423 1154 1455 nott.
1177 1415 1226 1453 ad
1246 1417 1290 1463 V,
1307 1415 1402 1466 44),
1432 1416 1459 1452 ii
1490 1415 1558 1466 qui
1585 1428 1725 1466 supera

1056 1474 1159 1509 stites
1178 1471 1269 1510 hinc
1281 1485 1444 1520 evasere,
1454 1471 1576 1508 Laum
1584 1472 1722 1524 (qnam

1057 1530 1325 1581 Sybaritarum
1369 1529 1562 1566 coloniam
1608 1536 1722 1566 vocat

1057 1587 1196 1624 Strabo
1225 1587 1278 1623 VI
1306 1600 1345 1637 p.
1375 1585 1458 1626 253
1486 1599 1518 1622 s,
1550 1587 1632 1626 388
1653 1584 1719 1638 Β.)

1057 1642 1286 1690 condidere,
1333 1643 1505 1693 itemque
1527 1641 1736 1680 Scidrumn

1057 1699 1162 1752 quod
1183 1699 1369 1752 oppidum
1399 1711 1475 1751 quo
1498 1699 1584 1735 loco
1603 1700 1721 1736 situm

1054 1757 1195 1805 fuerit,
1235 1755 1341 1793 haud
1377 1754 1537 1807 quidem
1559 1762 1720 1793 constat.

1052 1815 1234 1852 Vicinum
1251 1813 1366 1850 fuisse
1383 1811 1482 1848 illud
1500 1812 1584 1848 iure
1596 1813 1722 1863 suspi-

1053 1872 1162 1908 ceris.
1218 1872 1276 1907 De
1300 1876 1467 1921 utroque
1496 1869 1582 1906 loco
1602 1870 1721 1906 citant

1051 1925 1229 1964 Mazoch.
1249 1927 1423 1964 Collectt.
1453 1926 1472 1962 Ι
1492 1924 1542 1962 ad
1562 1926 1719 1964 Tabull.

1053 1985 1314 2022 Heracleenss.
1335 1995 1425 2034 pag.
1451 1981 1549 2023 503.

1110 2037 1259 2088 πάντες
1286 2036 1472 2091 ἡβηδόν]
1503 2040 1531 2076 i.
1544 2051 1578 2075 e.
1605 2051 1720 2076 omne-v

1052 2100 1208 2146 omnino,
1257 2099 1390 2135 nemine
1429 2099 1584 2146 excepto.
1629 2094 1717 2135 Vid.

1050 2161 1189 2192 notatt.
1211 2153 1261 2191 ad
1279 2151 1477 2190 Plutarch,
1487 2152 1612 2189 Alcib.
1625 2165 1717 2203 pag.

1055 2210 1148 2251 155.
1206 2212 1251 2247 In
1270 2211 1315 2246 iis
1334 2209 1478 2256 verbis,
1501 2221 1600 2260 quae
1620 2221 1716 2245 con-

1049 2268 1160 2304 tinuo
1179 2273 1410 2319 sequuntur:
1445 2263 1600 2311 πένθος
1617 2263 1717 2318 μέγα

1049 2319 1333 2376 προεθήκαντο
1365 2321 1420 2372 (i.
1448 2334 1482 2358 e.
1512 2320 1716 2373 Schweig-

1051 2379 1236 2417 haeusero
1256 2381 1482 2431 interprete:
1514 2380 1716 2427 „ingentem

1046 2450 1137 2488 prae
1146 2451 1181 2475 se
1191 2437 1348 2474 tulerunt
1358 2435 1536 2485 luctum“)
1552 2436 1714 2472 Floren-

1052 2495 1154 2532 tiuus
1165 2495 1260 2531 liber
1275 2506 1365 2531 cum
1377 2493 1459 2529 aliis
1477 2506 1531 2542 πρ
1543 2506 1565 2532 ο
1577 2503 1600 2530 σ
1611 2486 1715 2543 εθή-

1053 2565 1187 2598 καντο,
1199 2550 1249 2588 de
1269 2563 1346 2603 qua
1365 2549 1590 2587 confusione
1609 2548 1714 2586 conf.

1048 2609 1113 2656 IV,
1134 2608 1188 2650 65
1203 2608 1336 2677 ibique
1365 2612 1463 2644 nott.

1103 2660 1238 2711 πόλιες
1254 2679 1333 2716 γαρ
1347 2664 1466 2703 αὗται
1487 2657 1712 2712 μάλιστα-

1048 2717 1359 2772 ἔξεινώθησαν]
1427 2719 1532 2755 Haec
1576 2723 1712 2754 mutua

1049 2778 1248 2830 utriusque
1277 2777 1401 2828 gentis
1435 2774 1601 2812 amicitia
1621 2786 1711 2810 mu-

1051 2840 1238 2886 tuumque
1268 2832 1500 2884 hospitium,
1534 2831 1564 2869 si
1595 2843 1710 2882 penes
