<?xml version="1.0" encoding="UTF-8"?>
<!DOCTYPE html PUBLIC "-//W3C//DTD XHTML 1.0 Transitional//EN"
    "http://www.w3.org/TR/xhtml1/DTD/xhtml1-transitional.dtd">
<html xmlns="http://www.w3.org/1999/xhtml" xml:lang="en" lang="en">
 <head>
  <title>
</title>
<meta http-equiv="Content-Type" content="text/html;charset=utf-8" />
  <meta name='ocr-system' content='tesseract 3.04.00' />
  <meta name='ocr-capabilities' content='ocr_page ocr_carea ocr_par ocr_line ocrx_word'/>
</head>
<body>
  <div class='ocr_page' id='page_1' title='image "./musaeherodoto03hero_0304.png"; bbox 0 0 1815 3181; ppageno 0'>
   <div class='ocr_carea' id='block_1_1' title="bbox 334 607 582 656">
    <p class='ocr_par' dir='ltr' id='par_1_1' title="bbox 334 607 582 656">
     <span class='ocr_line' id='line_1_1' title="bbox 334 607 582 656; baseline -0.02 0"><span class='ocrx_word' id='word_1_1' title='bbox 334 607 401 656; x_wconf 82' lang='lat'>53</span> <span class='ocrx_word' id='word_1_2' title='bbox 457 610 582 654; x_wconf 84' lang='grc' dir='ltr'><strong><em>λέειν.</em></strong></span> 
     </span>
    </p>
   </div>
   <div class='ocr_carea' id='block_1_2' title="bbox 135 675 408 807">
    <p class='ocr_par' dir='ltr' id='par_1_2' title="bbox 135 675 408 807">
     <span class='ocr_line' id='line_1_2' title="bbox 136 675 361 710; baseline -0.009 -6"><span class='ocrx_word' id='word_1_3' title='bbox 136 676 222 710; x_wconf 84' lang='lat' dir='ltr'>Quae</span> <span class='ocrx_word' id='word_1_4' title='bbox 245 675 361 703; x_wconf 84' lang='lat' dir='ltr'>caeteri</span> 
     </span>
     <span class='ocr_line' id='line_1_3' title="bbox 136 710 408 744; baseline -0.011 -6"><span class='ocrx_word' id='word_1_5' title='bbox 136 710 248 738; x_wconf 87' lang='lat' dir='ltr'>Graeci</span> <span class='ocrx_word' id='word_1_6' title='bbox 259 710 294 736; x_wconf 89' lang='lat' dir='ltr'>de</span> <span class='ocrx_word' id='word_1_7' title='bbox 303 717 408 744; x_wconf 83' lang='lat' dir='ltr'>prosa-</span> 
     </span>
     <span class='ocr_line' id='line_1_4' title="bbox 135 743 406 780; baseline -0.004 -10"><span class='ocrx_word' id='word_1_8' title='bbox 135 745 187 780; x_wconf 83' lang='lat' dir='ltr'>pia</span> <span class='ocrx_word' id='word_1_9' title='bbox 206 752 309 780; x_wconf 76' lang='lat' dir='ltr'>regum</span> <span class='ocrx_word' id='word_1_10' title='bbox 319 743 406 770; x_wconf 76' lang='lat' dir='ltr'>Dori-</span> 
     </span>
     <span class='ocr_line' id='line_1_5' title="bbox 135 780 383 807; baseline -0.016 0"><span class='ocrx_word' id='word_1_11' title='bbox 135 785 236 807; x_wconf 85' lang='lat' dir='ltr'>corum</span> <span class='ocrx_word' id='word_1_12' title='bbox 250 780 383 806; x_wconf 85' lang='lat' dir='ltr'>narrent.</span> 
     </span>
    </p>
   </div>
   <div class='ocr_carea' id='block_1_3' title="bbox 463 235 547 275">
    <p class='ocr_par' dir='ltr' id='par_1_3' title="bbox 463 235 547 275">
     <span class='ocr_line' id='line_1_6' title="bbox 463 235 547 275; baseline -0.012 0"><span class='ocrx_word' id='word_1_13' title='bbox 463 235 547 275; x_wconf 78' lang='lat'>294</span> 
     </span>
    </p>
   </div>
   <div class='ocr_carea' id='block_1_4' title="bbox 861 231 1321 269">
    <p class='ocr_par' dir='ltr' id='par_1_4' title="bbox 861 231 1321 269">
     <span class='ocr_line' id='line_1_7' title="bbox 861 231 1321 269; baseline 0.004 -2"><span class='ocrx_word' id='word_1_14' title='bbox 861 231 1321 269; x_wconf 90' lang='lat' dir='ltr'>HERODOTI</span> 
     </span>
    </p>
   </div>
   <div class='ocr_carea' id='block_1_5' title="bbox 434 338 1761 599">
    <p class='ocr_par' dir='ltr' id='par_1_5' title="bbox 434 338 1761 599">
     <span class='ocr_line' id='line_1_8' title="bbox 434 338 1717 397; baseline 0.002 -15"><span class='ocrx_word' id='word_1_15' title='bbox 434 339 646 391; x_wconf 73' lang='grc' dir='ltr'>Ωσθένεα,</span> <span class='ocrx_word' id='word_1_16' title='bbox 676 343 738 396; x_wconf 74' lang='grc' dir='ltr'>τῷ</span> <span class='ocrx_word' id='word_1_17' title='bbox 767 340 813 383; x_wconf 80' lang='grc' dir='ltr'>δὲ</span> <span class='ocrx_word' id='word_1_18' title='bbox 841 339 1059 397; x_wconf 79' lang='grc' dir='ltr'><strong><em>νεωτέρῳ,</em></strong></span> <span class='ocrx_word' id='word_1_19' title='bbox 1091 340 1303 394; x_wconf 80' lang='grc' dir='ltr'><strong><em>Προκλέα.</em></strong></span> <span class='ocrx_word' id='word_1_20' title='bbox 1341 340 1526 390; x_wconf 80' lang='grc' dir='ltr'><strong><em>τούτους</em></strong></span> <span class='ocrx_word' id='word_1_21' title='bbox 1555 338 1717 394; x_wconf 84' lang='grc' dir='ltr'><em>ἀνδρω-</em></span> 
     </span>
     <span class='ocr_line' id='line_1_9' title="bbox 466 406 1719 464; baseline 0 -12"><span class='ocrx_word' id='word_1_22' title='bbox 466 408 646 459; x_wconf 80' lang='grc' dir='ltr'><strong>θέντας,</strong></span> <span class='ocrx_word' id='word_1_23' title='bbox 679 406 839 457; x_wconf 83' lang='grc' dir='ltr'><em>αὐτούς</em></span> <span class='ocrx_word' id='word_1_24' title='bbox 864 423 930 457; x_wconf 82' lang='grc' dir='ltr'>τε,</span> <span class='ocrx_word' id='word_1_25' title='bbox 960 406 1195 463; x_wconf 75' lang='grc' dir='ltr'><em>ἀδελφεούς</em></span> <span class='ocrx_word' id='word_1_26' title='bbox 1225 407 1396 460; x_wconf 80' lang='grc' dir='ltr'><strong>ἐόντας,</strong></span> <span class='ocrx_word' id='word_1_27' title='bbox 1425 409 1597 464; x_wconf 81' lang='grc' dir='ltr'>λέγουσι</span> <span class='ocrx_word' id='word_1_28' title='bbox 1628 411 1719 452; x_wconf 82' lang='grc' dir='ltr'><em>δια-</em></span> 
     </span>
     <span class='ocr_line' id='line_1_10' title="bbox 464 473 1761 533; baseline 0.001 -14"><span class='ocrx_word' id='word_1_29' title='bbox 464 474 633 533; x_wconf 79' lang='grc' dir='ltr'><em>φόρους</em></span> <span class='ocrx_word' id='word_1_30' title='bbox 663 473 774 518; x_wconf 78' lang='grc' dir='ltr'><em>εἶναι</em></span> <span class='ocrx_word' id='word_1_31' title='bbox 803 476 880 518; x_wconf 86' lang='grc' dir='ltr'>τὸν</span> <span class='ocrx_word' id='word_1_32' title='bbox 907 475 1049 518; x_wconf 80' lang='grc' dir='ltr'><em>πάντα</em></span> <span class='ocrx_word' id='word_1_33' title='bbox 1066 475 1226 531; x_wconf 86' lang='grc' dir='ltr'><em>χρόνον</em></span> <span class='ocrx_word' id='word_1_34' title='bbox 1252 479 1325 533; x_wconf 82' lang='grc' dir='ltr'>τῆς</span> <span class='ocrx_word' id='word_1_35' title='bbox 1356 476 1452 532; x_wconf 80' lang='grc' dir='ltr'>ζόης</span> <span class='ocrx_word' id='word_1_36' title='bbox 1481 473 1717 532; x_wconf 76' lang='grc' dir='ltr'><em>ἀλλήλοισι,</em></span> <span class='ocrx_word' id='word_1_37' title='bbox 1758 524 1761 525; x_wconf 16' lang='lat'><em>⁷</em></span> 
     </span>
     <span class='ocr_line' id='line_1_11' title="bbox 462 541 1716 599; baseline 0.002 -13"><span class='ocrx_word' id='word_1_38' title='bbox 462 543 536 587; x_wconf 82' lang='grc' dir='ltr'>καὶ</span> <span class='ocrx_word' id='word_1_39' title='bbox 575 541 678 594; x_wconf 81' lang='grc' dir='ltr'>τούς</span> <span class='ocrx_word' id='word_1_40' title='bbox 719 541 805 587; x_wconf 80' lang='grc' dir='ltr'>ἀπὸ</span> <span class='ocrx_word' id='word_1_41' title='bbox 833 542 1005 586; x_wconf 86' lang='grc' dir='ltr'>τούτων</span> <span class='ocrx_word' id='word_1_42' title='bbox 1042 544 1302 599; x_wconf 78' lang='grc' dir='ltr'>γενομένους</span> <span class='ocrx_word' id='word_1_43' title='bbox 1337 543 1542 595; x_wconf 79' lang='grc' dir='ltr'><em>ὡσαύτως</em></span> <span class='ocrx_word' id='word_1_44' title='bbox 1580 546 1716 588; x_wconf 85' lang='grc' dir='ltr'><em>διατε-</em></span> 
     </span>
    </p>
   </div>
   <div class='ocr_carea' id='block_1_6' title="bbox 401 919 1071 2891">
    <p class='ocr_par' dir='ltr' id='par_1_6' title="bbox 405 919 1067 1413">
     <span class='ocr_line' id='line_1_12' title="bbox 407 919 1064 973; baseline -0.005 -13"><span class='ocrx_word' id='word_1_45' title='bbox 407 936 498 973; x_wconf 83' lang='grc' dir='ltr'><em>ματι</em></span> <span class='ocrx_word' id='word_1_46' title='bbox 517 922 578 959; x_wconf 77' lang='lat' dir='ltr'>vel</span> <span class='ocrx_word' id='word_1_47' title='bbox 592 921 715 972; x_wconf 76' lang='lat' dir='ltr'>simile</span> <span class='ocrx_word' id='word_1_48' title='bbox 736 919 842 972; x_wconf 83' lang='lat' dir='ltr'>quid.</span> <span class='ocrx_word' id='word_1_49' title='bbox 899 920 1010 966; x_wconf 80' lang='lat' dir='ltr'>Quod</span> <span class='ocrx_word' id='word_1_50' title='bbox 1025 922 1064 957; x_wconf 90' lang='lat' dir='ltr'>in</span> 
     </span>
     <span class='ocr_line' id='line_1_13' title="bbox 405 977 1066 1030; baseline 0 -15"><span class='ocrx_word' id='word_1_51' title='bbox 405 991 512 1030; x_wconf 86' lang='lat' dir='ltr'><strong>seqq.</strong></span> <span class='ocrx_word' id='word_1_52' title='bbox 552 991 574 1014; x_wconf 91' lang='lat' dir='ltr'>a</span> <span class='ocrx_word' id='word_1_53' title='bbox 600 977 793 1025; x_wconf 72' lang='lat' dir='ltr'>mediceo,</span> <span class='ocrx_word' id='word_1_54' title='bbox 833 977 1066 1026; x_wconf 80' lang='lat' dir='ltr'>Florentino,</span> 
     </span>
     <span class='ocr_line' id='line_1_14' title="bbox 407 1032 1065 1088; baseline 0.002 -18"><span class='ocrx_word' id='word_1_55' title='bbox 407 1035 509 1080; x_wconf 81' lang='lat' dir='ltr'>aliis,</span> <span class='ocrx_word' id='word_1_56' title='bbox 531 1036 656 1071; x_wconf 82' lang='lat' dir='ltr'>abest:</span> <span class='ocrx_word' id='word_1_57' title='bbox 687 1036 745 1086; x_wconf 72' lang='grc' dir='ltr'>τῷ</span> <span class='ocrx_word' id='word_1_58' title='bbox 763 1032 960 1088; x_wconf 77' lang='grc' dir='ltr'><em>νεωτέρῳ,</em></span> <span class='ocrx_word' id='word_1_59' title='bbox 984 1034 1025 1071; x_wconf 88' lang='lat' dir='ltr'>id</span> <span class='ocrx_word' id='word_1_60' title='bbox 1044 1048 1065 1071; x_wconf 88' lang='lat' dir='ltr'>e</span> 
     </span>
     <span class='ocr_line' id='line_1_15' title="bbox 407 1090 1065 1141; baseline 0.002 -13"><span class='ocrx_word' id='word_1_61' title='bbox 407 1090 551 1128; x_wconf 86' lang='lat' dir='ltr'>scholio</span> <span class='ocrx_word' id='word_1_62' title='bbox 571 1093 610 1126; x_wconf 91' lang='lat' dir='ltr'>in</span> <span class='ocrx_word' id='word_1_63' title='bbox 621 1098 772 1127; x_wconf 75' lang='lat' dir='ltr'>textum</span> <span class='ocrx_word' id='word_1_64' title='bbox 783 1092 970 1141; x_wconf 82' lang='lat' dir='ltr'><strong>irrepsisse</strong></span> <span class='ocrx_word' id='word_1_65' title='bbox 982 1105 1065 1129; x_wconf 86' lang='lat' dir='ltr'>sns-</span> 
     </span>
     <span class='ocr_line' id='line_1_16' title="bbox 407 1146 1065 1198; baseline 0.003 -15"><span class='ocrx_word' id='word_1_66' title='bbox 407 1149 555 1198; x_wconf 86' lang='lat' dir='ltr'>picatur</span> <span class='ocrx_word' id='word_1_67' title='bbox 584 1146 892 1197; x_wconf 66' lang='lat' dir='ltr'>Sohweighaeus.</span> <span class='ocrx_word' id='word_1_68' title='bbox 914 1171 965 1176; x_wconf 87' lang='lat'><em>-</em></span> <span class='ocrx_word' id='word_1_69' title='bbox 1002 1148 1065 1185; x_wconf 86' lang='lat' dir='ltr'>Ad</span> 
     </span>
     <span class='ocr_line' id='line_1_17' title="bbox 407 1200 1064 1254; baseline 0.002 -13"><span class='ocrx_word' id='word_1_70' title='bbox 407 1217 544 1241; x_wconf 80' lang='lat' dir='ltr'>vocem</span> <span class='ocrx_word' id='word_1_71' title='bbox 571 1200 766 1254; x_wconf 73' lang='grc' dir='ltr'>διάφορος</span> <span class='ocrx_word' id='word_1_72' title='bbox 794 1205 896 1242; x_wconf 82' lang='lat' dir='ltr'>conf.</span> <span class='ocrx_word' id='word_1_73' title='bbox 918 1206 962 1252; x_wconf 88' lang='lat' dir='ltr'>V,</span> <span class='ocrx_word' id='word_1_74' title='bbox 997 1207 1064 1245; x_wconf 78' lang='lat'>83.</span> 
     </span>
     <span class='ocr_line' id='line_1_18' title="bbox 407 1260 1067 1312; baseline 0.002 -15"><span class='ocrx_word' id='word_1_75' title='bbox 407 1260 688 1297; x_wconf 76' lang='lat' dir='ltr'>Add.Pansan.</span> <span class='ocrx_word' id='word_1_76' title='bbox 718 1261 784 1307; x_wconf 76' lang='grc' dir='ltr'>ΠΙ,</span> <span class='ocrx_word' id='word_1_77' title='bbox 819 1264 833 1300; x_wconf 85' lang='grc'><strong>1</strong></span> <span class='ocrx_word' id='word_1_78' title='bbox 874 1262 912 1306; x_wconf 63' lang='grc' dir='ltr'>ξ.</span> <span class='ocrx_word' id='word_1_79' title='bbox 942 1264 978 1309; x_wconf 78' lang='grc'>6,</span> <span class='ocrx_word' id='word_1_80' title='bbox 1001 1262 1067 1312; x_wconf 73' lang='lat' dir='ltr'>qui</span> 
     </span>
     <span class='ocr_line' id='line_1_19' title="bbox 409 1316 1067 1355; baseline 0.002 -2"><span class='ocrx_word' id='word_1_81' title='bbox 409 1316 545 1353; x_wconf 86' lang='lat' dir='ltr'>eadem</span> <span class='ocrx_word' id='word_1_82' title='bbox 572 1316 708 1354; x_wconf 86' lang='lat' dir='ltr'>iisdem</span> <span class='ocrx_word' id='word_1_83' title='bbox 734 1317 813 1353; x_wconf 82' lang='lat' dir='ltr'>fere</span> <span class='ocrx_word' id='word_1_84' title='bbox 845 1318 968 1355; x_wconf 77' lang='lat' dir='ltr'>verbis</span> <span class='ocrx_word' id='word_1_85' title='bbox 988 1325 1067 1355; x_wconf 84' lang='lat' dir='ltr'>tra-</span> 
     </span>
     <span class='ocr_line' id='line_1_20' title="bbox 410 1372 476 1413; baseline 0.03 -3"><span class='ocrx_word' id='word_1_86' title='bbox 410 1372 476 1413; x_wconf 86' lang='lat' dir='ltr'>dit.</span> 
     </span>
    </p>

    <p class='ocr_par' dir='ltr' id='par_1_7' title="bbox 401 1425 1071 2709">
     <span class='ocr_line' id='line_1_21' title="bbox 463 1425 1066 1482; baseline 0.002 -14"><span class='ocrx_word' id='word_1_87' title='bbox 463 1426 558 1476; x_wconf 78' lang='grc' dir='ltr'>τοῦς</span> <span class='ocrx_word' id='word_1_88' title='bbox 571 1425 648 1468; x_wconf 72' lang='grc' dir='ltr'>ἆπὸ</span> <span class='ocrx_word' id='word_1_89' title='bbox 659 1426 811 1469; x_wconf 80' lang='grc' dir='ltr'>τούτων</span> <span class='ocrx_word' id='word_1_90' title='bbox 828 1427 1066 1482; x_wconf 79' lang='grc' dir='ltr'>γενομένους</span> 
     </span>
     <span class='ocr_line' id='line_1_22' title="bbox 408 1486 1066 1538; baseline -0.002 -13"><span class='ocrx_word' id='word_1_91' title='bbox 408 1501 446 1525; x_wconf 78' lang='grc' dir='ltr'>κ.</span> <span class='ocrx_word' id='word_1_92' title='bbox 466 1501 501 1525; x_wconf 91' lang='grc' dir='ltr'>τ.</span> <span class='ocrx_word' id='word_1_93' title='bbox 519 1487 570 1535; x_wconf 83' lang='grc' dir='ltr'>λ.]</span> <span class='ocrx_word' id='word_1_94' title='bbox 603 1488 714 1534; x_wconf 84' lang='lat' dir='ltr'>„Non</span> <span class='ocrx_word' id='word_1_95' title='bbox 733 1493 940 1537; x_wconf 83' lang='lat' dir='ltr'>repugnat,</span> <span class='ocrx_word' id='word_1_96' title='bbox 962 1486 1066 1538; x_wconf 88' lang='lat' dir='ltr'>quod</span> 
     </span>
     <span class='ocr_line' id='line_1_23' title="bbox 406 1543 1066 1591; baseline 0.003 -12"><span class='ocrx_word' id='word_1_97' title='bbox 406 1543 534 1581; x_wconf 88' lang='lat' dir='ltr'>scribit</span> <span class='ocrx_word' id='word_1_98' title='bbox 552 1543 682 1580; x_wconf 85' lang='lat' dir='ltr'>Livius</span> <span class='ocrx_word' id='word_1_99' title='bbox 709 1544 793 1591; x_wconf 88' lang='lat' dir='ltr'>XL,</span> <span class='ocrx_word' id='word_1_100' title='bbox 815 1545 840 1584; x_wconf 82' lang='grc'>8</span> <span class='ocrx_word' id='word_1_101' title='bbox 871 1543 1066 1581; x_wconf 74' lang='lat' dir='ltr'>sociabilem</span> 
     </span>
     <span class='ocr_line' id='line_1_24' title="bbox 409 1599 1066 1642; baseline 0.002 -6"><span class='ocrx_word' id='word_1_102' title='bbox 409 1602 652 1637; x_wconf 76' lang='lat' dir='ltr'><em>consortionem</em></span> <span class='ocrx_word' id='word_1_103' title='bbox 671 1602 763 1637; x_wconf 79' lang='lat' dir='ltr'>inter</span> <span class='ocrx_word' id='word_1_104' title='bbox 774 1601 871 1642; x_wconf 76' lang='lat' dir='ltr'>binos</span> <span class='ocrx_word' id='word_1_105' title='bbox 881 1599 1066 1637; x_wconf 79' lang='lat' dir='ltr'>Lacedae-</span> 
     </span>
     <span class='ocr_line' id='line_1_25' title="bbox 409 1655 1066 1706; baseline 0.002 -13"><span class='ocrx_word' id='word_1_106' title='bbox 409 1658 595 1694; x_wconf 76' lang='lat' dir='ltr'>moniorum</span> <span class='ocrx_word' id='word_1_107' title='bbox 632 1669 730 1705; x_wconf 81' lang='lat' dir='ltr'>reges</span> <span class='ocrx_word' id='word_1_108' title='bbox 772 1655 964 1694; x_wconf 80' lang='lat' dir='ltr'>salutarem</span> <span class='ocrx_word' id='word_1_109' title='bbox 1003 1670 1066 1706; x_wconf 84' lang='lat' dir='ltr'>per</span> 
     </span>
     <span class='ocr_line' id='line_1_26' title="bbox 409 1712 1065 1763; baseline 0.003 -15"><span class='ocrx_word' id='word_1_110' title='bbox 409 1713 522 1749; x_wconf 79' lang='lat' dir='ltr'>multa</span> <span class='ocrx_word' id='word_1_111' title='bbox 548 1713 664 1750; x_wconf 76' lang='lat' dir='ltr'>secula</span> <span class='ocrx_word' id='word_1_112' title='bbox 681 1712 890 1763; x_wconf 65' lang='lat' dir='ltr'>zpsz&#39;sfuisse</span> <span class='ocrx_word' id='word_1_113' title='bbox 905 1715 1065 1763; x_wconf 72' lang='lat' dir='ltr'>patriae-</span> 
     </span>
     <span class='ocr_line' id='line_1_27' title="bbox 410 1769 1067 1820; baseline 0 -15"><span class='ocrx_word' id='word_1_114' title='bbox 410 1769 513 1819; x_wconf 78' lang='lat' dir='ltr'>que.“</span> <span class='ocrx_word' id='word_1_115' title='bbox 563 1770 661 1805; x_wconf 83' lang='lat' dir='ltr'>Nam</span> <span class='ocrx_word' id='word_1_116' title='bbox 677 1798 687 1817; x_wconf 90' lang='lat'>,</span> <span class='ocrx_word' id='word_1_117' title='bbox 716 1770 893 1820; x_wconf 84' lang='lat' dir='ltr'>privatim</span> <span class='ocrx_word' id='word_1_118' title='bbox 920 1771 1067 1820; x_wconf 88' lang='lat' dir='ltr'>saepius</span> 
     </span>
     <span class='ocr_line' id='line_1_28' title="bbox 409 1824 1068 1875; baseline 0.002 -14"><span class='ocrx_word' id='word_1_119' title='bbox 409 1824 611 1862; x_wconf 86' lang='lat' dir='ltr'>adversarii</span> <span class='ocrx_word' id='word_1_120' title='bbox 631 1825 706 1862; x_wconf 90' lang='lat' dir='ltr'>duo</span> <span class='ocrx_word' id='word_1_121' title='bbox 737 1838 844 1875; x_wconf 82' lang='lat' dir='ltr'>reges</span> <span class='ocrx_word' id='word_1_122' title='bbox 873 1825 1068 1862; x_wconf 89' lang='lat' dir='ltr'>Lacedae-</span> 
     </span>
     <span class='ocr_line' id='line_1_29' title="bbox 407 1882 1070 1933; baseline 0.002 -15"><span class='ocrx_word' id='word_1_123' title='bbox 407 1882 629 1918; x_wconf 88' lang='lat' dir='ltr'>moniorum</span> <span class='ocrx_word' id='word_1_124' title='bbox 648 1883 847 1918; x_wconf 85' lang='lat' dir='ltr'>unanimes</span> <span class='ocrx_word' id='word_1_125' title='bbox 875 1884 1070 1933; x_wconf 85' lang='lat' dir='ltr'>conspira-</span> 
     </span>
     <span class='ocr_line' id='line_1_30' title="bbox 410 1938 1069 1989; baseline 0.003 -15"><span class='ocrx_word' id='word_1_126' title='bbox 410 1939 502 1975; x_wconf 87' lang='lat' dir='ltr'>bant</span> <span class='ocrx_word' id='word_1_127' title='bbox 520 1939 561 1974; x_wconf 91' lang='lat' dir='ltr'>in</span> <span class='ocrx_word' id='word_1_128' title='bbox 581 1939 754 1989; x_wconf 86' lang='lat' dir='ltr'>publicae</span> <span class='ocrx_word' id='word_1_129' title='bbox 783 1939 838 1974; x_wconf 85' lang='lat' dir='ltr'>rei</span> <span class='ocrx_word' id='word_1_130' title='bbox 858 1938 1069 1976; x_wconf 87' lang='lat' dir='ltr'>commodis</span> 
     </span>
     <span class='ocr_line' id='line_1_31' title="bbox 409 1994 1071 2043; baseline 0.002 -12"><span class='ocrx_word' id='word_1_131' title='bbox 409 1994 602 2043; x_wconf 75' lang='lat' dir='ltr'>iuvandi53</span> <span class='ocrx_word' id='word_1_132' title='bbox 653 2002 718 2032; x_wconf 89' lang='lat' dir='ltr'>aut</span> <span class='ocrx_word' id='word_1_133' title='bbox 755 1996 871 2032; x_wconf 86' lang='lat' dir='ltr'>etiam</span> <span class='ocrx_word' id='word_1_134' title='bbox 900 1997 998 2032; x_wconf 88' lang='lat' dir='ltr'>inter</span> <span class='ocrx_word' id='word_1_135' title='bbox 1030 2009 1071 2032; x_wconf 87' lang='lat' dir='ltr'>se</span> 
     </span>
     <span class='ocr_line' id='line_1_32' title="bbox 410 2050 1070 2102; baseline 0.006 -15"><span class='ocrx_word' id='word_1_136' title='bbox 410 2050 650 2088; x_wconf 81' lang='lat' dir='ltr'><strong>laudabiliter</strong></span> <span class='ocrx_word' id='word_1_137' title='bbox 665 2052 858 2089; x_wconf 81' lang='lat' dir='ltr'>certabant</span> <span class='ocrx_word' id='word_1_138' title='bbox 881 2051 971 2102; x_wconf 83' lang='grc' dir='ltr'><em>περὶ</em></span> <span class='ocrx_word' id='word_1_139' title='bbox 997 2054 1070 2091; x_wconf 85' lang='grc' dir='ltr'>τοῦ</span> 
     </span>
     <span class='ocr_line' id='line_1_33' title="bbox 411 2103 1069 2160; baseline 0.002 -14"><span class='ocrx_word' id='word_1_140' title='bbox 411 2103 594 2159; x_wconf 77' lang='grc' dir='ltr'><strong><em>ὁκότερος</em></strong></span> <span class='ocrx_word' id='word_1_141' title='bbox 617 2107 721 2147; x_wconf 82' lang='grc' dir='ltr'><strong><em>πλέω</em></strong></span> <span class='ocrx_word' id='word_1_142' title='bbox 750 2103 887 2160; x_wconf 64' lang='grc' dir='ltr'>ἀγαθοὶ</span> <span class='ocrx_word' id='word_1_143' title='bbox 909 2106 1069 2159; x_wconf 78' lang='grc' dir='ltr'><em>τὴνπα-</em></span> 
     </span>
     <span class='ocr_line' id='line_1_34' title="bbox 411 2160 1069 2215; baseline 0.002 -14"><span class='ocrx_word' id='word_1_144' title='bbox 411 2163 525 2215; x_wconf 81' lang='grc' dir='ltr'><em>τρίδα</em></span> <span class='ocrx_word' id='word_1_145' title='bbox 555 2160 779 2214; x_wconf 76' lang='grc' dir='ltr'>ἐργάσεται,</span> <span class='ocrx_word' id='word_1_146' title='bbox 818 2171 862 2200; x_wconf 92' lang='lat' dir='ltr'>ut</span> <span class='ocrx_word' id='word_1_147' title='bbox 889 2164 1069 2202; x_wconf 77' lang='lat' dir='ltr'>Aristides</span> 
     </span>
     <span class='ocr_line' id='line_1_35' title="bbox 410 2219 1070 2271; baseline 0.002 -14"><span class='ocrx_word' id='word_1_148' title='bbox 410 2219 580 2271; x_wconf 87' lang='lat' dir='ltr'>loquitur</span> <span class='ocrx_word' id='word_1_149' title='bbox 598 2220 782 2257; x_wconf 84' lang='lat' dir='ltr'>Herodoti</span> <span class='ocrx_word' id='word_1_150' title='bbox 791 2221 889 2268; x_wconf 84' lang='lat' dir='ltr'>V111,</span> <span class='ocrx_word' id='word_1_151' title='bbox 903 2224 971 2262; x_wconf 88' lang='lat'>79.</span> <span class='ocrx_word' id='word_1_152' title='bbox 991 2223 1070 2258; x_wconf 87' lang='lat' dir='ltr'>Ne-</span> 
     </span>
     <span class='ocr_line' id='line_1_36' title="bbox 411 2276 1070 2328; baseline 0.005 -17"><span class='ocrx_word' id='word_1_153' title='bbox 411 2288 487 2327; x_wconf 84' lang='lat' dir='ltr'>que</span> <span class='ocrx_word' id='word_1_154' title='bbox 525 2276 648 2312; x_wconf 83' lang='lat' dir='ltr'>noluit</span> <span class='ocrx_word' id='word_1_155' title='bbox 686 2278 884 2328; x_wconf 71' lang='lat' dir='ltr'>Lycurgus</span> <span class='ocrx_word' id='word_1_156' title='bbox 913 2290 1070 2314; x_wconf 88' lang='lat' dir='ltr'>concor-</span> 
     </span>
     <span class='ocr_line' id='line_1_37' title="bbox 411 2331 1066 2371; baseline 0.002 -3"><span class='ocrx_word' id='word_1_157' title='bbox 411 2331 502 2368; x_wconf 81' lang='lat' dir='ltr'>dem</span> <span class='ocrx_word' id='word_1_158' title='bbox 521 2333 636 2368; x_wconf 82' lang='lat' dir='ltr'>talem</span> <span class='ocrx_word' id='word_1_159' title='bbox 665 2331 891 2371; x_wconf 82' lang='lat' dir='ltr'>discordiam</span> <span class='ocrx_word' id='word_1_160' title='bbox 910 2334 949 2369; x_wconf 86' lang='lat' dir='ltr'>in</span> <span class='ocrx_word' id='word_1_161' title='bbox 971 2335 1066 2370; x_wconf 87' lang='lat' dir='ltr'>civi-</span> 
     </span>
     <span class='ocr_line' id='line_1_38' title="bbox 410 2388 1066 2426; baseline 0 -1"><span class='ocrx_word' id='word_1_162' title='bbox 410 2394 487 2425; x_wconf 81' lang='lat' dir='ltr'>tate</span> <span class='ocrx_word' id='word_1_163' title='bbox 506 2401 574 2425; x_wconf 90' lang='lat' dir='ltr'>sua</span> <span class='ocrx_word' id='word_1_164' title='bbox 603 2389 732 2425; x_wconf 88' lang='lat' dir='ltr'>locum</span> <span class='ocrx_word' id='word_1_165' title='bbox 761 2388 913 2426; x_wconf 78' lang='lat' dir='ltr'>habere.</span> <span class='ocrx_word' id='word_1_166' title='bbox 970 2391 1066 2426; x_wconf 88' lang='lat' dir='ltr'>Plu-</span> 
     </span>
     <span class='ocr_line' id='line_1_39' title="bbox 410 2443 1067 2496; baseline 0 -15"><span class='ocrx_word' id='word_1_167' title='bbox 410 2443 530 2481; x_wconf 85' lang='lat' dir='ltr'>tarch.</span> <span class='ocrx_word' id='word_1_168' title='bbox 551 2446 567 2480; x_wconf 91' lang='lat' dir='ltr'>l</span> <span class='ocrx_word' id='word_1_169' title='bbox 588 2458 626 2494; x_wconf 87' lang='lat' dir='ltr'>p.</span> <span class='ocrx_word' id='word_1_170' title='bbox 649 2445 729 2485; x_wconf 88' lang='grc'>598</span> <span class='ocrx_word' id='word_1_171' title='bbox 751 2446 792 2482; x_wconf 88' lang='lat' dir='ltr'>C.</span> <span class='ocrx_word' id='word_1_172' title='bbox 820 2447 855 2481; x_wconf 91' lang='grc' dir='ltr'>ΙΙ</span> <span class='ocrx_word' id='word_1_173' title='bbox 875 2458 963 2496; x_wconf 86' lang='lat' dir='ltr'>pag.</span> <span class='ocrx_word' id='word_1_174' title='bbox 984 2448 1067 2487; x_wconf 79' lang='lat'>232</span> 
     </span>
     <span class='ocr_line' id='line_1_40' title="bbox 413 2501 1066 2542; baseline 0.003 -5"><span class='ocrx_word' id='word_1_175' title='bbox 413 2502 457 2537; x_wconf 84' lang='lat' dir='ltr'>C.</span> <span class='ocrx_word' id='word_1_176' title='bbox 480 2503 560 2542; x_wconf 87' lang='lat'>813</span> <span class='ocrx_word' id='word_1_177' title='bbox 580 2502 654 2539; x_wconf 87' lang='lat' dir='ltr'>B.“</span> <span class='ocrx_word' id='word_1_178' title='bbox 690 2501 908 2539; x_wconf 65' lang='lat' dir='ltr'>Vale-ken.</span> <span class='ocrx_word' id='word_1_179' title='bbox 936 2502 1066 2539; x_wconf 89' lang='lat' dir='ltr'>Cicero</span> 
     </span>
     <span class='ocr_line' id='line_1_41' title="bbox 412 2556 1067 2608; baseline -0.002 -13"><span class='ocrx_word' id='word_1_180' title='bbox 412 2559 470 2595; x_wconf 91' lang='lat' dir='ltr'>De</span> <span class='ocrx_word' id='word_1_181' title='bbox 497 2557 612 2595; x_wconf 80' lang='lat' dir='ltr'>divin.</span> <span class='ocrx_word' id='word_1_182' title='bbox 644 2558 692 2605; x_wconf 90' lang='lat'>11,</span> <span class='ocrx_word' id='word_1_183' title='bbox 714 2556 766 2599; x_wconf 79' lang='lat'>43</span> <span class='ocrx_word' id='word_1_184' title='bbox 796 2559 969 2608; x_wconf 83' lang='lat' dir='ltr'>geminos</span> <span class='ocrx_word' id='word_1_185' title='bbox 988 2560 1067 2595; x_wconf 82' lang='lat' dir='ltr'>fra-</span> 
     </span>
     <span class='ocr_line' id='line_1_42' title="bbox 410 2613 1066 2663; baseline 0.003 -13"><span class='ocrx_word' id='word_1_186' title='bbox 410 2621 484 2651; x_wconf 81' lang='lat' dir='ltr'>tres</span> <span class='ocrx_word' id='word_1_187' title='bbox 504 2627 828 2663; x_wconf 85' lang='lat' dir='ltr'>commemorans,</span> <span class='ocrx_word' id='word_1_188' title='bbox 857 2616 911 2651; x_wconf 89' lang='lat' dir='ltr'>nil</span> <span class='ocrx_word' id='word_1_189' title='bbox 942 2614 989 2651; x_wconf 87' lang='lat' dir='ltr'>de</span> <span class='ocrx_word' id='word_1_190' title='bbox 1008 2613 1066 2653; x_wconf 86' lang='lat' dir='ltr'>his</span> 
     </span>
     <span class='ocr_line' id='line_1_43' title="bbox 401 2669 710 2709; baseline -0.003 0"><span class='ocrx_word' id='word_1_191' title='bbox 401 2669 569 2709; x_wconf 80' lang='lat' dir='ltr'>dissidiis</span> <span class='ocrx_word' id='word_1_192' title='bbox 588 2670 710 2708; x_wconf 77' lang='lat' dir='ltr'>affert.</span> 
     </span>
    </p>

    <p class='ocr_par' dir='ltr' id='par_1_8' title="bbox 630 2728 840 2778">
     <span class='ocr_line' id='line_1_44' title="bbox 630 2728 840 2778; baseline 0.01 -15"><span class='ocrx_word' id='word_1_193' title='bbox 630 2729 721 2778; x_wconf 83' lang='lat' dir='ltr'>Cap.</span> <span class='ocrx_word' id='word_1_194' title='bbox 742 2728 840 2765; x_wconf 85' lang='lat' dir='ltr'><strong>LIII.</strong></span> 
     </span>
    </p>

    <p class='ocr_par' dir='ltr' id='par_1_9' title="bbox 477 2779 1067 2835">
     <span class='ocr_line' id='line_1_45' title="bbox 477 2779 1067 2835; baseline 0.003 -13"><span class='ocrx_word' id='word_1_195' title='bbox 477 2785 609 2822; x_wconf 79' lang='grc' dir='ltr'><em>Ταῦτα</em></span> <span class='ocrx_word' id='word_1_196' title='bbox 643 2781 715 2835; x_wconf 85' lang='grc' dir='ltr'>μὲν</span> <span class='ocrx_word' id='word_1_197' title='bbox 751 2779 1067 2834; x_wconf 79' lang='grc' dir='ltr'><em>Λακεδαιμόνιοι</em></span> 
     </span>
    </p>

    <p class='ocr_par' dir='ltr' id='par_1_10' title="bbox 413 2837 1065 2891">
     <span class='ocr_line' id='line_1_46' title="bbox 413 2837 1065 2891; baseline 0.003 -14"><span class='ocrx_word' id='word_1_198' title='bbox 413 2837 569 2891; x_wconf 82' lang='grc' dir='ltr'>λέγουσι</span> <span class='ocrx_word' id='word_1_199' title='bbox 589 2855 623 2880; x_wconf 83' lang='grc' dir='ltr'>κ.</span> <span class='ocrx_word' id='word_1_200' title='bbox 645 2856 676 2880; x_wconf 87' lang='grc' dir='ltr'>τ.</span> <span class='ocrx_word' id='word_1_201' title='bbox 698 2841 761 2890; x_wconf 62' lang='lat' dir='ltr'>L]</span> <span class='ocrx_word' id='word_1_202' title='bbox 793 2842 898 2878; x_wconf 85' lang='lat' dir='ltr'>Bene</span> <span class='ocrx_word' id='word_1_203' title='bbox 917 2843 1065 2879; x_wconf 75' lang='lat' dir='ltr'>muner.</span> 
     </span>
    </p>
   </div>
   <div class='ocr_carea' id='block_1_7' title="bbox 1115 2401 1247 2442">
    <p class='ocr_par' dir='ltr' id='par_1_11' title="bbox 1115 2401 1247 2442">
     <span class='ocr_line' id='line_1_47' title="bbox 1115 2401 1247 2442; baseline 0 -14"><span class='ocrx_word' id='word_1_204' title='bbox 1115 2401 1247 2442; x_wconf 64' lang='grc' dir='ltr'><em>γουσι.</em></span> 
     </span>
    </p>
   </div>
   <div class='ocr_carea' id='block_1_8' title="bbox 459 610 1776 804">
    <p class='ocr_par' dir='ltr' id='par_1_12' title="bbox 459 610 1776 804">
     <span class='ocr_line' id='line_1_48' title="bbox 647 610 1720 667; baseline 0.003 -15"><span class='ocrx_word' id='word_1_205' title='bbox 647 613 796 654; x_wconf 80' lang='grc' dir='ltr'><em>Ταῦτα</em></span> <span class='ocrx_word' id='word_1_206' title='bbox 844 610 922 667; x_wconf 79' lang='grc' dir='ltr'>μὲν</span> <span class='ocrx_word' id='word_1_207' title='bbox 959 611 1296 666; x_wconf 83' lang='grc' dir='ltr'><em>Λακεδαιμόνιοι</em></span> <span class='ocrx_word' id='word_1_208' title='bbox 1338 610 1511 665; x_wconf 78' lang='grc' dir='ltr'>λέγουσι</span> <span class='ocrx_word' id='word_1_209' title='bbox 1559 615 1720 667; x_wconf 83' lang='grc' dir='ltr'><em>μοῦνοι</em></span> 
     </span>
     <span class='ocr_line' id='line_1_49' title="bbox 459 676 1776 735; baseline -0.002 -14"><span class='ocrx_word' id='word_1_210' title='bbox 459 676 687 734; x_wconf 82' lang='grc' dir='ltr'><em>Ἑλλήνων.</em></span> <span class='ocrx_word' id='word_1_211' title='bbox 742 677 844 721; x_wconf 83' lang='grc' dir='ltr'><em>τάδε</em></span> <span class='ocrx_word' id='word_1_212' title='bbox 873 679 943 728; x_wconf 83' lang='grc' dir='ltr'>δὲ,</span> <span class='ocrx_word' id='word_1_213' title='bbox 987 680 1096 722; x_wconf 84' lang='grc' dir='ltr'><em>κατὰ</em></span> <span class='ocrx_word' id='word_1_214' title='bbox 1122 678 1258 723; x_wconf 79' lang='grc' dir='ltr'><em>ταύτὰ</em></span> <span class='ocrx_word' id='word_1_215' title='bbox 1286 679 1494 735; x_wconf 76' lang='grc' dir='ltr'><em>λεγόμενα</em></span> <span class='ocrx_word' id='word_1_216' title='bbox 1521 677 1606 722; x_wconf 82' lang='grc' dir='ltr'>ὑπὸ</span> <span class='ocrx_word' id='word_1_217' title='bbox 1634 676 1721 721; x_wconf 84' lang='grc' dir='ltr'>Ἑλ-</span> <span class='ocrx_word' id='word_1_218' title='bbox 1733 685 1776 719; x_wconf 85' lang='grc'>15</span> 
     </span>
     <span class='ocr_line' id='line_1_50' title="bbox 464 745 1721 804; baseline 0.001 -15"><span class='ocrx_word' id='word_1_219' title='bbox 464 746 628 803; x_wconf 80' lang='grc' dir='ltr'><em>λήνων,</em></span> <span class='ocrx_word' id='word_1_220' title='bbox 659 746 741 802; x_wconf 78' lang='grc' dir='ltr'>ἐγώ</span> <span class='ocrx_word' id='word_1_221' title='bbox 771 745 949 803; x_wconf 77' lang='grc' dir='ltr'><em>γράφω·</em></span> <span class='ocrx_word' id='word_1_222' title='bbox 980 746 1164 800; x_wconf 81' lang='grc' dir='ltr'><em>τούτους</em></span> <span class='ocrx_word' id='word_1_223' title='bbox 1191 747 1276 804; x_wconf 72' lang='grc' dir='ltr'>γάρ</span> <span class='ocrx_word' id='word_1_224' title='bbox 1308 748 1361 804; x_wconf 81' lang='grc' dir='ltr'>δὴ</span> <span class='ocrx_word' id='word_1_225' title='bbox 1389 746 1494 799; x_wconf 81' lang='grc' dir='ltr'><em>τοὺς</em></span> <span class='ocrx_word' id='word_1_226' title='bbox 1511 747 1721 803; x_wconf 84' lang='grc' dir='ltr'>Δωριέων</span> 
     </span>
    </p>
   </div>
   <div class='ocr_carea' id='block_1_9' title="bbox 1119 919 1815 2895">
    <p class='ocr_par' dir='ltr' id='par_1_13' title="bbox 1119 919 1815 2781">
     <span class='ocr_line' id='line_1_51' title="bbox 1119 919 1777 973; baseline -0.003 -15"><span class='ocrx_word' id='word_1_227' title='bbox 1119 922 1146 958; x_wconf 91' lang='lat' dir='ltr'>l.</span> <span class='ocrx_word' id='word_1_228' title='bbox 1166 922 1194 959; x_wconf 90' lang='lat' dir='ltr'>l.</span> <span class='ocrx_word' id='word_1_229' title='bbox 1220 935 1309 973; x_wconf 83' lang='lat' dir='ltr'>pag.</span> <span class='ocrx_word' id='word_1_230' title='bbox 1339 920 1414 963; x_wconf 79' lang='lat'>52:</span> <span class='ocrx_word' id='word_1_231' title='bbox 1457 921 1629 970; x_wconf 78' lang='lat' dir='ltr'>„Soweit</span> <span class='ocrx_word' id='word_1_232' title='bbox 1658 919 1706 957; x_wconf 86' lang='lat' dir='ltr'>ist</span> <span class='ocrx_word' id='word_1_233' title='bbox 1739 933 1777 957; x_wconf 88' lang='lat' dir='ltr'>es</span> 
     </span>
     <span class='ocr_line' id='line_1_52' title="bbox 1121 976 1777 1028; baseline -0.003 -13"><span class='ocrx_word' id='word_1_234' title='bbox 1121 979 1361 1028; x_wconf 81' lang='lat' dir='ltr'>Specialsage</span> <span class='ocrx_word' id='word_1_235' title='bbox 1401 976 1467 1015; x_wconf 85' lang='lat' dir='ltr'>der</span> <span class='ocrx_word' id='word_1_236' title='bbox 1513 976 1777 1015; x_wconf 83' lang='lat' dir='ltr'>Lacedaemo-</span> 
     </span>
     <span class='ocr_line' id='line_1_53' title="bbox 1119 1031 1778 1085; baseline -0.003 -13"><span class='ocrx_word' id='word_1_237' title='bbox 1119 1036 1213 1081; x_wconf 87' lang='lat' dir='ltr'>nier‚</span> <span class='ocrx_word' id='word_1_238' title='bbox 1235 1035 1300 1072; x_wconf 89' lang='lat' dir='ltr'>das</span> <span class='ocrx_word' id='word_1_239' title='bbox 1319 1033 1513 1085; x_wconf 81' lang='lat' dir='ltr'>Folgende</span> <span class='ocrx_word' id='word_1_240' title='bbox 1527 1033 1697 1071; x_wconf 79' lang='lat' dir='ltr'>berichte</span> <span class='ocrx_word' id='word_1_241' title='bbox 1714 1031 1778 1070; x_wconf 85' lang='lat' dir='ltr'>ich</span> 
     </span>
     <span class='ocr_line' id='line_1_54' title="bbox 1120 1089 1778 1132; baseline -0.003 -4"><span class='ocrx_word' id='word_1_242' title='bbox 1120 1091 1220 1132; x_wconf 80' lang='lat' dir='ltr'>nach</span> <span class='ocrx_word' id='word_1_243' title='bbox 1269 1091 1336 1128; x_wconf 86' lang='lat' dir='ltr'>der</span> <span class='ocrx_word' id='word_1_244' title='bbox 1374 1089 1649 1128; x_wconf 82' lang='lat' dir='ltr'>Griechischen</span> <span class='ocrx_word' id='word_1_245' title='bbox 1696 1091 1778 1126; x_wconf 85' lang='lat' dir='ltr'>Ge-</span> 
     </span>
     <span class='ocr_line' id='line_1_55' title="bbox 1119 1145 1780 1198; baseline -0.003 -14"><span class='ocrx_word' id='word_1_246' title='bbox 1119 1149 1364 1198; x_wconf 79' lang='lat' dir='ltr'>meinsage.“</span> <span class='ocrx_word' id='word_1_247' title='bbox 1431 1150 1531 1184; x_wconf 82' lang='lat' dir='ltr'>Nam</span> <span class='ocrx_word' id='word_1_248' title='bbox 1577 1149 1701 1186; x_wconf 79' lang='grc' dir='ltr'><em>ταῦτα</em></span> <span class='ocrx_word' id='word_1_249' title='bbox 1730 1145 1780 1183; x_wconf 86' lang='lat' dir='ltr'>ad</span> 
     </span>
     <span class='ocr_line' id='line_1_56' title="bbox 1121 1199 1780 1255; baseline -0.006 -13"><span class='ocrx_word' id='word_1_250' title='bbox 1121 1204 1385 1243; x_wconf 76' lang='lat' dir='ltr'>antecedentia</span> <span class='ocrx_word' id='word_1_251' title='bbox 1403 1206 1585 1255; x_wconf 82' lang='lat' dir='ltr'>pertinet,</span> <span class='ocrx_word' id='word_1_252' title='bbox 1614 1199 1709 1243; x_wconf 79' lang='grc' dir='ltr'><em>τάδε</em></span> <span class='ocrx_word' id='word_1_253' title='bbox 1731 1202 1780 1239; x_wconf 88' lang='lat' dir='ltr'>ad</span> 
     </span>
     <span class='ocr_line' id='line_1_57' title="bbox 1123 1260 1779 1313; baseline -0.005 -15"><span class='ocrx_word' id='word_1_254' title='bbox 1123 1275 1188 1309; x_wconf 72' lang='lat' dir='ltr'>ea,</span> <span class='ocrx_word' id='word_1_255' title='bbox 1219 1275 1316 1313; x_wconf 61' lang='lat' dir='ltr'>(luae</span> <span class='ocrx_word' id='word_1_256' title='bbox 1344 1260 1521 1311; x_wconf 84' lang='lat' dir='ltr'>deinceps</span> <span class='ocrx_word' id='word_1_257' title='bbox 1543 1265 1779 1297; x_wconf 83' lang='lat' dir='ltr'>enarrantur.</span> 
     </span>
     <span class='ocr_line' id='line_1_58' title="bbox 1121 1316 1780 1367; baseline -0.005 -12"><span class='ocrx_word' id='word_1_258' title='bbox 1121 1317 1207 1356; x_wconf 77' lang='lat' dir='ltr'>vid.</span> <span class='ocrx_word' id='word_1_259' title='bbox 1227 1316 1363 1354; x_wconf 70' lang='lat' dir='ltr'>matth.</span> <span class='ocrx_word' id='word_1_260' title='bbox 1383 1319 1449 1354; x_wconf 90' lang='lat' dir='ltr'>Gr.</span> <span class='ocrx_word' id='word_1_261' title='bbox 1472 1319 1537 1355; x_wconf 87' lang='lat' dir='ltr'>Gr.</span> <span class='ocrx_word' id='word_1_262' title='bbox 1567 1329 1656 1367; x_wconf 84' lang='lat' dir='ltr'>pag.</span> <span class='ocrx_word' id='word_1_263' title='bbox 1684 1317 1780 1355; x_wconf 88' lang='lat'><strong>870.</strong></span> 
     </span>
     <span class='ocr_line' id='line_1_59' title="bbox 1121 1371 1781 1424; baseline -0.009 -10"><span class='ocrx_word' id='word_1_264' title='bbox 1121 1371 1447 1424; x_wconf 74' lang='grc' dir='ltr'><em>τοῦςἝλληνας,</em></span> <span class='ocrx_word' id='word_1_265' title='bbox 1479 1386 1574 1424; x_wconf 87' lang='lat' dir='ltr'>quos</span> <span class='ocrx_word' id='word_1_266' title='bbox 1596 1372 1636 1410; x_wconf 91' lang='lat' dir='ltr'>h.</span> <span class='ocrx_word' id='word_1_267' title='bbox 1656 1373 1683 1410; x_wconf 89' lang='lat' dir='ltr'>l.</span> <span class='ocrx_word' id='word_1_268' title='bbox 1702 1373 1781 1408; x_wconf 90' lang='lat' dir='ltr'>La-</span> 
     </span>
     <span class='ocr_line' id='line_1_60' title="bbox 1123 1431 1782 1481; baseline -0.006 -13"><span class='ocrx_word' id='word_1_269' title='bbox 1123 1431 1280 1468; x_wconf 87' lang='lat' dir='ltr'>conibus</span> <span class='ocrx_word' id='word_1_270' title='bbox 1301 1431 1459 1481; x_wconf 87' lang='lat' dir='ltr'>opponit</span> <span class='ocrx_word' id='word_1_271' title='bbox 1477 1432 1624 1477; x_wconf 87' lang='lat' dir='ltr'>Noster,</span> <span class='ocrx_word' id='word_1_272' title='bbox 1645 1435 1681 1466; x_wconf 87' lang='lat' dir='ltr'>et</span> <span class='ocrx_word' id='word_1_273' title='bbox 1690 1441 1782 1479; x_wconf 86' lang='lat' dir='ltr'>poe-</span> 
     </span>
     <span class='ocr_line' id='line_1_61' title="bbox 1120 1483 1780 1539; baseline -0.005 -15"><span class='ocrx_word' id='word_1_274' title='bbox 1120 1495 1176 1524; x_wconf 88' lang='lat' dir='ltr'>tas</span> <span class='ocrx_word' id='word_1_275' title='bbox 1196 1488 1281 1524; x_wconf 89' lang='lat' dir='ltr'>illos</span> <span class='ocrx_word' id='word_1_276' title='bbox 1302 1486 1369 1537; x_wconf 89' lang='lat' dir='ltr'>(de</span> <span class='ocrx_word' id='word_1_277' title='bbox 1386 1488 1521 1539; x_wconf 85' lang='lat' dir='ltr'>quibus</span> <span class='ocrx_word' id='word_1_278' title='bbox 1531 1487 1595 1534; x_wconf 90' lang='lat' dir='ltr'>VI,</span> <span class='ocrx_word' id='word_1_279' title='bbox 1608 1486 1662 1529; x_wconf 80' lang='grc'>52</span> <span class='ocrx_word' id='word_1_280' title='bbox 1679 1483 1780 1535; x_wconf 89' lang='lat' dir='ltr'>init.)</span> 
     </span>
     <span class='ocr_line' id='line_1_62' title="bbox 1120 1543 1782 1592; baseline -0.003 -12"><span class='ocrx_word' id='word_1_281' title='bbox 1120 1545 1330 1592; x_wconf 80' lang='lat' dir='ltr'>intellexit,</span> <span class='ocrx_word' id='word_1_282' title='bbox 1369 1551 1406 1580; x_wconf 87' lang='lat' dir='ltr'>et</span> <span class='ocrx_word' id='word_1_283' title='bbox 1444 1550 1588 1580; x_wconf 86' lang='lat' dir='ltr'>ceteros</span> <span class='ocrx_word' id='word_1_284' title='bbox 1617 1543 1782 1579; x_wconf 84' lang='lat' dir='ltr'>Graecos</span> 
     </span>
     <span class='ocr_line' id='line_1_63' title="bbox 1120 1601 1781 1652; baseline -0.006 -14"><span class='ocrx_word' id='word_1_285' title='bbox 1120 1608 1323 1652; x_wconf 84' lang='lat' dir='ltr'>poetarum</span> <span class='ocrx_word' id='word_1_286' title='bbox 1338 1601 1602 1637; x_wconf 84' lang='lat' dir='ltr'>auctoritatem</span> <span class='ocrx_word' id='word_1_287' title='bbox 1615 1611 1781 1651; x_wconf 88' lang='lat' dir='ltr'>sequen-</span> 
     </span>
     <span class='ocr_line' id='line_1_64' title="bbox 1121 1658 1783 1706; baseline -0.006 -12"><span class='ocrx_word' id='word_1_288' title='bbox 1121 1664 1178 1694; x_wconf 86' lang='lat' dir='ltr'>tes</span> <span class='ocrx_word' id='word_1_289' title='bbox 1199 1664 1237 1696; x_wconf 88' lang='lat' dir='ltr'>et</span> <span class='ocrx_word' id='word_1_290' title='bbox 1247 1658 1293 1694; x_wconf 89' lang='lat' dir='ltr'>ab</span> <span class='ocrx_word' id='word_1_291' title='bbox 1306 1670 1438 1693; x_wconf 88' lang='lat' dir='ltr'>eorum</span> <span class='ocrx_word' id='word_1_292' title='bbox 1447 1658 1664 1693; x_wconf 83' lang='lat' dir='ltr'>narratione</span> <span class='ocrx_word' id='word_1_293' title='bbox 1683 1668 1783 1706; x_wconf 89' lang='lat' dir='ltr'>pen-</span> 
     </span>
     <span class='ocr_line' id='line_1_65' title="bbox 1123 1713 1784 1751; baseline -0.006 0"><span class='ocrx_word' id='word_1_294' title='bbox 1123 1713 1267 1751; x_wconf 88' lang='lat' dir='ltr'>dentes.</span> <span class='ocrx_word' id='word_1_295' title='bbox 1296 1715 1390 1750; x_wconf 82' lang='lat' dir='ltr'>Mox</span> <span class='ocrx_word' id='word_1_296' title='bbox 1411 1727 1431 1749; x_wconf 88' lang='lat' dir='ltr'>e</span> <span class='ocrx_word' id='word_1_297' title='bbox 1450 1714 1671 1750; x_wconf 79' lang='lat' dir='ltr'>Florentino</span> <span class='ocrx_word' id='word_1_298' title='bbox 1692 1724 1784 1748; x_wconf 88' lang='lat' dir='ltr'>cum</span> 
     </span>
     <span class='ocr_line' id='line_1_66' title="bbox 1123 1769 1782 1820; baseline -0.006 -13"><span class='ocrx_word' id='word_1_299' title='bbox 1123 1769 1344 1820; x_wconf 74' lang='lat' dir='ltr'>Schweigh.</span> <span class='ocrx_word' id='word_1_300' title='bbox 1376 1777 1413 1806; x_wconf 89' lang='lat' dir='ltr'>et</span> <span class='ocrx_word' id='word_1_301' title='bbox 1444 1770 1562 1806; x_wconf 85' lang='lat' dir='ltr'>Gaisf.</span> <span class='ocrx_word' id='word_1_302' title='bbox 1606 1769 1782 1819; x_wconf 88' lang='lat' dir='ltr'>reposui:</span> 
     </span>
     <span class='ocr_line' id='line_1_67' title="bbox 1124 1822 1784 1878; baseline -0.009 -12"><span class='ocrx_word' id='word_1_303' title='bbox 1124 1825 1224 1866; x_wconf 72' lang='grc' dir='ltr'><em>κατε),</em></span> <span class='ocrx_word' id='word_1_304' title='bbox 1237 1822 1358 1866; x_wconf 78' lang='grc' dir='ltr'><em>ταύτὰ</em></span> <span class='ocrx_word' id='word_1_305' title='bbox 1372 1822 1563 1878; x_wconf 81' lang='grc' dir='ltr'><em>λεγόμενα</em></span> <span class='ocrx_word' id='word_1_306' title='bbox 1574 1824 1784 1875; x_wconf 73' lang='lat' dir='ltr'>(secundum</span> 
     </span>
     <span class='ocr_line' id='line_1_68' title="bbox 1123 1882 1785 1933; baseline -0.005 -13"><span class='ocrx_word' id='word_1_307' title='bbox 1123 1897 1188 1931; x_wconf 85' lang='lat' dir='ltr'>ea,</span> <span class='ocrx_word' id='word_1_308' title='bbox 1226 1895 1316 1933; x_wconf 76' lang='lat' dir='ltr'>quae</span> <span class='ocrx_word' id='word_1_309' title='bbox 1344 1882 1458 1920; x_wconf 80' lang='lat' dir='ltr'>eodem</span> <span class='ocrx_word' id='word_1_310' title='bbox 1488 1883 1589 1920; x_wconf 83' lang='lat' dir='ltr'>modo</span> <span class='ocrx_word' id='word_1_311' title='bbox 1615 1882 1659 1919; x_wconf 88' lang='lat' dir='ltr'>ab</span> <span class='ocrx_word' id='word_1_312' title='bbox 1675 1882 1785 1918; x_wconf 79' lang='lat' dir='ltr'>omni-</span> 
     </span>
     <span class='ocr_line' id='line_1_69' title="bbox 1126 1937 1783 1989; baseline -0.006 -12"><span class='ocrx_word' id='word_1_313' title='bbox 1126 1941 1190 1977; x_wconf 80' lang='lat' dir='ltr'>bus</span> <span class='ocrx_word' id='word_1_314' title='bbox 1227 1941 1375 1978; x_wconf 76' lang='lat' dir='ltr'>Graecis</span> <span class='ocrx_word' id='word_1_315' title='bbox 1410 1939 1670 1989; x_wconf 77' lang='lat' dir='ltr'>enarrantur),</span> <span class='ocrx_word' id='word_1_316' title='bbox 1715 1937 1783 1974; x_wconf 91' lang='lat' dir='ltr'>ubi</span> 
     </span>
     <span class='ocr_line' id='line_1_70' title="bbox 1124 1991 1782 2047; baseline -0.003 -13"><span class='ocrx_word' id='word_1_317' title='bbox 1124 1997 1241 2047; x_wconf 83' lang='lat' dir='ltr'>vulgo</span> <span class='ocrx_word' id='word_1_318' title='bbox 1260 1993 1360 2035; x_wconf 69' lang='grc' dir='ltr'>κατά</span> <span class='ocrx_word' id='word_1_319' title='bbox 1376 1993 1425 2035; x_wconf 75' lang='grc' dir='ltr'>τοὶ</span> <span class='ocrx_word' id='word_1_320' title='bbox 1451 1991 1646 2047; x_wconf 68' lang='grc' dir='ltr'><em>λεγόμενοι</em></span> <span class='ocrx_word' id='word_1_321' title='bbox 1674 1993 1727 2044; x_wconf 92' lang='lat' dir='ltr'>(i.</span> <span class='ocrx_word' id='word_1_322' title='bbox 1749 2007 1782 2032; x_wconf 79' lang='lat' dir='ltr'>e.</span> 
     </span>
     <span class='ocr_line' id='line_1_71' title="bbox 1124 2052 1783 2102; baseline -0.006 -12"><span class='ocrx_word' id='word_1_323' title='bbox 1124 2053 1314 2090; x_wconf 77' lang='lat' dir='ltr'>secundum</span> <span class='ocrx_word' id='word_1_324' title='bbox 1347 2066 1411 2100; x_wconf 80' lang='lat' dir='ltr'>ea,</span> <span class='ocrx_word' id='word_1_325' title='bbox 1452 2065 1540 2102; x_wconf 78' lang='lat' dir='ltr'>quae</span> <span class='ocrx_word' id='word_1_326' title='bbox 1573 2052 1740 2090; x_wconf 70' lang='lat' dir='ltr'>dicuntur</span> <span class='ocrx_word' id='word_1_327' title='bbox 1759 2062 1783 2086; x_wconf 85' lang='lat' dir='ltr'><strong>a</strong></span> 
     </span>
     <span class='ocr_line' id='line_1_72' title="bbox 1124 2107 1782 2160; baseline -0.005 -14"><span class='ocrx_word' id='word_1_328' title='bbox 1124 2110 1269 2159; x_wconf 74' lang='lat' dir='ltr'>reliquis</span> <span class='ocrx_word' id='word_1_329' title='bbox 1289 2107 1486 2159; x_wconf 74' lang='lat' dir='ltr'>Graecis):</span> <span class='ocrx_word' id='word_1_330' title='bbox 1519 2109 1560 2144; x_wconf 88' lang='lat' dir='ltr'>in</span> <span class='ocrx_word' id='word_1_331' title='bbox 1593 2121 1671 2160; x_wconf 89' lang='lat' dir='ltr'>quo</span> <span class='ocrx_word' id='word_1_332' title='bbox 1699 2108 1782 2156; x_wconf 85' lang='lat' dir='ltr'>ipso</span> 
     </span>
     <span class='ocr_line' id='line_1_73' title="bbox 1126 2161 1783 2215; baseline -0.008 -12"><span class='ocrx_word' id='word_1_333' title='bbox 1126 2167 1243 2203; x_wconf 82' lang='lat' dir='ltr'>Gaisf.</span> <span class='ocrx_word' id='word_1_334' title='bbox 1263 2164 1359 2201; x_wconf 84' lang='lat' dir='ltr'>nihil</span> <span class='ocrx_word' id='word_1_335' title='bbox 1370 2179 1410 2202; x_wconf 92' lang='lat' dir='ltr'>se</span> <span class='ocrx_word' id='word_1_336' title='bbox 1420 2165 1592 2204; x_wconf 84' lang='lat' dir='ltr'>invenire</span> <span class='ocrx_word' id='word_1_337' title='bbox 1604 2166 1666 2209; x_wconf 83' lang='lat' dir='ltr'>ait,</span> <span class='ocrx_word' id='word_1_338' title='bbox 1676 2161 1783 2215; x_wconf 89' lang='lat' dir='ltr'>quod</span> 
     </span>
     <span class='ocr_line' id='line_1_74' title="bbox 1124 2221 1783 2272; baseline -0.003 -15"><span class='ocrx_word' id='word_1_339' title='bbox 1124 2222 1328 2272; x_wconf 87' lang='lat' dir='ltr'>improbet.</span> <span class='ocrx_word' id='word_1_340' title='bbox 1385 2221 1442 2257; x_wconf 92' lang='lat' dir='ltr'>Ac</span> <span class='ocrx_word' id='word_1_341' title='bbox 1462 2234 1552 2258; x_wconf 87' lang='lat' dir='ltr'>sane</span> <span class='ocrx_word' id='word_1_342' title='bbox 1571 2222 1624 2257; x_wconf 90' lang='lat' dir='ltr'>ita</span> <span class='ocrx_word' id='word_1_343' title='bbox 1647 2221 1783 2256; x_wconf 83' lang='lat' dir='ltr'>Noster</span> 
     </span>
     <span class='ocr_line' id='line_1_75' title="bbox 1124 2271 1815 2328; baseline -0.003 -14"><span class='ocrx_word' id='word_1_344' title='bbox 1124 2279 1155 2324; x_wconf 92' lang='lat' dir='ltr'>I,</span> <span class='ocrx_word' id='word_1_345' title='bbox 1175 2278 1248 2318; x_wconf 84' lang='lat'>95:</span> <span class='ocrx_word' id='word_1_346' title='bbox 1271 2274 1369 2316; x_wconf 69' lang='grc' dir='ltr'>κατᾶ</span> <span class='ocrx_word' id='word_1_347' title='bbox 1390 2279 1513 2315; x_wconf 80' lang='grc' dir='ltr'><em>ταῦτα</em></span> <span class='ocrx_word' id='word_1_348' title='bbox 1533 2273 1680 2328; x_wconf 81' lang='grc' dir='ltr'><em>γράψω</em></span> <span class='ocrx_word' id='word_1_349' title='bbox 1693 2276 1781 2313; x_wconf 90' lang='lat' dir='ltr'>coll.</span> <span class='ocrx_word' id='word_1_350' title='bbox 1811 2271 1815 2274; x_wconf 60' lang='grc'><strong>’</strong></span> 
     </span>
     <span class='ocr_line' id='line_1_76' title="bbox 1122 2330 1782 2381; baseline 0.003 -13"><span class='ocrx_word' id='word_1_351' title='bbox 1122 2334 1167 2380; x_wconf 84' lang='lat' dir='ltr'>V,</span> <span class='ocrx_word' id='word_1_352' title='bbox 1189 2334 1241 2374; x_wconf 83' lang='lat'>53</span> <span class='ocrx_word' id='word_1_353' title='bbox 1258 2334 1324 2370; x_wconf 81' lang='lat' dir='ltr'>fin.</span> <span class='ocrx_word' id='word_1_354' title='bbox 1343 2330 1444 2372; x_wconf 72' lang='grc' dir='ltr'>κατὰ</span> <span class='ocrx_word' id='word_1_355' title='bbox 1464 2330 1707 2381; x_wconf 66' lang='grc' dir='ltr'><em>τοῖἼῧλληνες</em></span> <span class='ocrx_word' id='word_1_356' title='bbox 1719 2330 1782 2370; x_wconf 79' lang='grc' dir='ltr'><strong><em>λέ·-</em></strong></span> 
     </span>
     <span class='ocr_line' id='line_1_77' title="bbox 1303 2389 1780 2427; baseline -0.004 -1"><span class='ocrx_word' id='word_1_357' title='bbox 1303 2391 1356 2427; x_wconf 87' lang='lat' dir='ltr'>At</span> <span class='ocrx_word' id='word_1_358' title='bbox 1380 2391 1589 2427; x_wconf 85' lang='lat' dir='ltr'>Florentini</span> <span class='ocrx_word' id='word_1_359' title='bbox 1608 2390 1694 2426; x_wconf 81' lang='lat' dir='ltr'>libri</span> <span class='ocrx_word' id='word_1_360' title='bbox 1723 2389 1780 2425; x_wconf 91' lang='lat' dir='ltr'>le-</span> 
     </span>
     <span class='ocr_line' id='line_1_78' title="bbox 1124 2446 1782 2496; baseline -0.002 -14"><span class='ocrx_word' id='word_1_361' title='bbox 1124 2447 1198 2483; x_wconf 83' lang='lat' dir='ltr'>ctio</span> <span class='ocrx_word' id='word_1_362' title='bbox 1228 2446 1499 2496; x_wconf 79' lang='lat' dir='ltr'>significantior</span> <span class='ocrx_word' id='word_1_363' title='bbox 1519 2460 1598 2484; x_wconf 86' lang='lat' dir='ltr'>esse</span> <span class='ocrx_word' id='word_1_364' title='bbox 1618 2447 1697 2484; x_wconf 79' lang='lat' dir='ltr'>visa</span> <span class='ocrx_word' id='word_1_365' title='bbox 1713 2451 1782 2482; x_wconf 86' lang='lat' dir='ltr'>est.</span> 
     </span>
     <span class='ocr_line' id='line_1_79' title="bbox 1124 2501 1783 2555; baseline -0.002 -17"><span class='ocrx_word' id='word_1_366' title='bbox 1124 2503 1198 2548; x_wconf 77' lang='lat' dir='ltr'>Qui</span> <span class='ocrx_word' id='word_1_367' title='bbox 1224 2502 1328 2539; x_wconf 88' lang='lat' dir='ltr'>idem</span> <span class='ocrx_word' id='word_1_368' title='bbox 1359 2504 1453 2540; x_wconf 88' lang='lat' dir='ltr'>liber</span> <span class='ocrx_word' id='word_1_369' title='bbox 1481 2503 1584 2555; x_wconf 90' lang='lat' dir='ltr'>quod</span> <span class='ocrx_word' id='word_1_370' title='bbox 1609 2515 1703 2539; x_wconf 85' lang='lat' dir='ltr'>mox</span> <span class='ocrx_word' id='word_1_371' title='bbox 1722 2501 1783 2538; x_wconf 87' lang='lat' dir='ltr'><strong>af·-</strong></span> 
     </span>
     <span class='ocr_line' id='line_1_80' title="bbox 1123 2554 1781 2611; baseline 0.002 -15"><span class='ocrx_word' id='word_1_372' title='bbox 1123 2560 1217 2596; x_wconf 86' lang='lat' dir='ltr'>fert:</span> <span class='ocrx_word' id='word_1_373' title='bbox 1248 2555 1316 2598; x_wconf 64' lang='lat'>‘157⁶&#39;</span> <span class='ocrx_word' id='word_1_374' title='bbox 1329 2555 1512 2611; x_wconf 79' lang='grc' dir='ltr'><em>οἷλλήλων</em></span> <span class='ocrx_word' id='word_1_375' title='bbox 1531 2572 1600 2610; x_wconf 86' lang='lat' dir='ltr'>pro</span> <span class='ocrx_word' id='word_1_376' title='bbox 1621 2554 1781 2597; x_wconf 60' lang='lat' dir='ltr'>v‘aeff‘ffl-</span> 
     </span>
     <span class='ocr_line' id='line_1_81' title="bbox 1121 2611 1781 2666; baseline -0.006 -11"><span class='ocrx_word' id='word_1_377' title='bbox 1121 2611 1281 2666; x_wconf 80' lang='grc' dir='ltr'><em>λήνων,</em></span> <span class='ocrx_word' id='word_1_378' title='bbox 1311 2617 1352 2652; x_wconf 89' lang='lat' dir='ltr'>iu</span> <span class='ocrx_word' id='word_1_379' title='bbox 1384 2629 1428 2653; x_wconf 88' lang='lat' dir='ltr'>eo</span> <span class='ocrx_word' id='word_1_380' title='bbox 1450 2614 1669 2666; x_wconf 84' lang='lat' dir='ltr'>Schweigh.</span> <span class='ocrx_word' id='word_1_381' title='bbox 1696 2627 1781 2652; x_wconf 86' lang='lat' dir='ltr'>sus-</span> 
     </span>
     <span class='ocr_line' id='line_1_82' title="bbox 1121 2668 1780 2724; baseline 0.002 -16"><span class='ocrx_word' id='word_1_382' title='bbox 1121 2674 1269 2724; x_wconf 84' lang='lat' dir='ltr'>picatur</span> <span class='ocrx_word' id='word_1_383' title='bbox 1303 2673 1420 2710; x_wconf 84' lang='lat' dir='ltr'>latere</span> <span class='ocrx_word' id='word_1_384' title='bbox 1439 2668 1507 2713; x_wconf 73' lang='lat' dir='ltr'>v‘n&#39;</span> <span class='ocrx_word' id='word_1_385' title='bbox 1538 2669 1669 2712; x_wconf 68' lang='grc' dir='ltr'><em>ἄλλων</em></span> <span class='ocrx_word' id='word_1_386' title='bbox 1693 2668 1780 2710; x_wconf 86' lang='grc' dir='ltr'><em>Ἑλ.-</em></span> 
     </span>
     <span class='ocr_line' id='line_1_83' title="bbox 1122 2725 1270 2781; baseline -0.027 -11"><span class='ocrx_word' id='word_1_387' title='bbox 1122 2725 1270 2781; x_wconf 76' lang='grc' dir='ltr'><em>λήνων.</em></span> 
     </span>
    </p>

    <p class='ocr_par' dir='ltr' id='par_1_14' title="bbox 1123 2780 1779 2895">
     <span class='ocr_line' id='line_1_84' title="bbox 1178 2780 1779 2836; baseline -0.005 -12"><span class='ocrx_word' id='word_1_388' title='bbox 1178 2781 1346 2831; x_wconf 77' lang='grc' dir='ltr'><em>τούτους</em></span> <span class='ocrx_word' id='word_1_389' title='bbox 1373 2782 1449 2836; x_wconf 70' lang='grc' dir='ltr'>γιὶρ</span> <span class='ocrx_word' id='word_1_390' title='bbox 1485 2780 1536 2835; x_wconf 76' lang='grc' dir='ltr'>δή</span> <span class='ocrx_word' id='word_1_391' title='bbox 1566 2780 1660 2830; x_wconf 72' lang='grc' dir='ltr'>τούς</span> <span class='ocrx_word' id='word_1_392' title='bbox 1692 2786 1779 2822; x_wconf 82' lang='grc' dir='ltr'><em>Δω-</em></span> 
     </span>
     <span class='ocr_line' id='line_1_85' title="bbox 1123 2835 1779 2895; baseline -0.009 -13"><span class='ocrx_word' id='word_1_393' title='bbox 1123 2839 1243 2895; x_wconf 79' lang='grc' dir='ltr'><em>ριὲων</em></span> <span class='ocrx_word' id='word_1_394' title='bbox 1280 2840 1465 2893; x_wconf 80' lang='grc' dir='ltr'><strong><em>βασιλέας</em></strong></span> <span class='ocrx_word' id='word_1_395' title='bbox 1491 2855 1528 2880; x_wconf 80' lang='grc' dir='ltr'>κ.</span> <span class='ocrx_word' id='word_1_396' title='bbox 1560 2855 1594 2879; x_wconf 93' lang='grc' dir='ltr'>τ.</span> <span class='ocrx_word' id='word_1_397' title='bbox 1624 2839 1689 2889; x_wconf 84' lang='grc' dir='ltr'>λ.]</span> <span class='ocrx_word' id='word_1_398' title='bbox 1718 2835 1779 2877; x_wconf 83' lang='lat' dir='ltr'>Ad</span> 
     </span>
    </p>
   </div>
  </div>
 </body>
</html>
