1815 3181
381 224 465 264 336
784 219 1246 258 HERODOTI

257 336 321 380 77
380 331 527 387 χώρην
557 330 628 374 καὶ
659 329 907 384 Ναυπλίην.
934 326 1117 384 Ἀργεῖοι
1139 329 1185 372 δὲ
1215 329 1452 386 ἐβοήθεον,
1481 335 1649 374 πυνθα-

52 402 333 473 gfflbufflss'ffifflfiffl
391 398 568 454 νόμενοι
587 400 736 448 ταῦτα,
768 396 834 440 ἐπὶ
854 394 1096 440 θάλασσαν.
1136 397 1193 448 ὥς
1223 398 1269 441 δὲ
1297 397 1434 454 ἀγχοῦ
1463 397 1542 452 μὲν
1571 397 1706 454 gyf-90

53 475 151 506 ¹2¹⁸
386 482 517 510 νοντο
549 468 622 519 τῆς
658 467 892 519 Τίρυνθος,
922 464 1046 522 χώρῳ
1066 465 1111 508 ote.
1141 464 1187 508 ἐν
1207 465 1347 525 τούτῳ
1369 470 1431 525 τῷ
1451 466 1593 510 κέεται
1619 465 1648 523 ἡ

386 533 554 590 Σήπεια
588 531 783 589 οὕνομα,
824 536 1076 590 μεταίχμιον
1106 530 1160 576 οὐ
1199 534 1308 589 μέγα
1350 533 1651 587 ἀπολιπόντες,

357 604 534 655 ἳῖζοντο
565 599 706 643 ἀντίοι
730 606 843 645 τοῖσι
864 603 1260 655 Λακεδαιμονίοισι.
1299 602 1492 646 ἐνθαῦτα
1520 601 1572 658 δή
1607 603 1652 645 οἱ

387 669 573 724 Ἀργεῖοι
602 668 682 724 τὴν
719 670 798 724 μὲν
839 670 886 713 ἐκ
925 673 1005 712 τοῦ
1044 673 1244 726 φανεροῦ
1272 669 1412 726 μάχην
1437 671 1522 713 οὐκ
1551 669 1653 725 ἐφο-

386 738 562 793 βέοντο,
598 736 705 780 α’λλόι
745 736 803 793 μὴ
835 737 948 794 δόλῳ
981 737 1225 792 αἱρεθέωσι.
1262 739 1334 782 καὶ
1363 738 1446 794 γὰρ
1489 737 1542 793 δή
1572 749 1652 793 σφι

388 806 430 857 ἐς
460 809 590 849 τοῦτο
632 805 680 848 τὸ
717 809 893 860 πρῆγμα
933 803 1016 860 εἶχε
1056 804 1105 848 vd
1142 805 1431 862 χρηστήριον,
1470 805 1520 849 τό
1561 805 1708 849 ἐπί-95

389 890 517 918 κοινα
548 873 697 941 ἔχρησε
726 872 752 928 ἡ
785 874 936 930 Πυθίη
967 871 1162 917 τούτοισί
1189 889 1234 917 τε
1271 875 1344 918 καὶ
1380 875 1652 932 Μιλησίοισι,

387 942 514 998 λέγον
545 942 627 984 ὦδε
638 954 649 965 ·

355 1023 378 1057 3
548 1017 639 1057 Ἀλλ’
666 1016 759 1056 ὅταν
783 1017 806 1065 ἦ
832 1019 968 1065 θήλεια
991 1019 1058 1057 τόν
1082 1018 1221 1067 ἄρσενα
1244 1020 1421 1067 νικήσασα

333 1197 480 1232 maiore
508 1195 631 1232 fluviis
651 1192 698 1233 ‘et
724 1197 821 1232 mari
850 1197 995 1233 immo-

333 1254 421 1291 lata.
451 1253 588 1289 Attulit
606 1254 839 1303 VVesseliug.

393 1309 432 1357 ἐς
452 1323 491 1347 τε
515 1306 590 1359 την
619 1311 843 1360 Τιρυνθίην
862 1305 996 1360 χώρην

334 1365 403 1405 καὶ
435 1366 677 1416 Ναυπλίην]
731 1366 862 1417 Tzryns
895 1367 997 1402 auti-

336 1424 518 1476 quissima
548 1424 659 1470 urbs,
691 1424 737 1460 ab
770 1424 880 1473 Argis
902 1423 998 1473 Epi-

337 1480 500 1518 daurum
511 1481 832 1531 proficiscentibus
846 1478 893 1516 ad
905 1479 1000 1516 dex-

337 1544 436 1575 tram
467 1539 535 1574 sita
575 1544 654 1574 erat
680 1551 758 1573 non
787 1538 920 1587 procul
940 1537 997 1586 [ab

337 1595 424 1645 ipsis
444 1595 569 1644 Argis.
600 1596 657 1630 De
682 1593 756 1646 qua
768 1595 876 1644 plura
887 1596 1000 1629 Man-

338 1658 437 1688 nert.
467 1652 553 1687 Vlll
581 1664 681 1702 pag..
705 1652 780 1691 651
805 1663 883 1702 seq.
905 1648 1000 1690 644.

341 1708 446 1753 Quae
475 1710 649 1758 proxima
681 1714 735 1744 est
764 1709 861 1743 mari
881 1708 999 1756 regio,

346 1765 538 1815 Tirynthia
558 1765 765 1802 vocabatur
777 1771 813 1800 et
822 1761 1000 1813 Nauplia,

339 1828 434 1859 teste
465 1822 641 1859 Strabon.
669 1822 757 1858 VIII
777 1834 814 1871 p.
837 1821 919 1860 572
938 1821 998 1868 B.,

341 1892 367 1916 s.
388 1892 426 1928 p.
450 1880 549 1924 3733
572 1879 663 1930 quin
687 1877 812 1914 adhuc
833 1890 919 1913 eam
930 1889 1002 1914 vo-

341 1936 418 1972 cari
439 1934 576 1972 Palaea
591 1932 781 1985 -Nauplia
813 1940 997 1971 asserunt.

340 1993 531 2042 Antiquus
554 1994 655 2028 enim
667 1993 860 2041 Argorum
873 1997 1003 2041 portus

344 2056 422 2085 erat
454 2047 638 2100 Nauplia,
685 2048 752 2085 sed
792 2049 1004 2084 Pausaniae

345 2113 518 2155 tempore
539 2108 617 2142 iam
636 2106 715 2142 fere
737 2104 880 2141 diruta:
903 2104 1006 2141 uude

344 2160 520 2198 nonnihil
560 2161 607 2198 ad
658 2161 859 2198 meridiem
902 2174 1008 2198 nunc

345 2225 534 2254 exstructa
563 2219 681 2254 fertur
702 2217 838 2267 Napoli
865 2217 906 2253 di
921 2218 1001 2254 Ro-

344 2276 474 2322 mania,
492 2282 641 2312 nostrae
663 2276 792 2311 aetatis
813 2274 902 2310 urbs
922 2275 1003 2324 pri-

346 2333 465 2368 maria
486 2331 563 2367 fere
583 2344 650 2382 per
677 2331 1002 2381 Peloponnesum.

347 2389 417 2433 Qui
450 2389 488 2424 in
517 2389 693 2439 proximo
725 2400 807 2438 cap.
848 2399 1002 2423 memo-

346 2452 449 2481 ratur
469 2445 573 2481 locus
602 2441 778 2493 Σήπεια,
809 2443 887 2479 eius
913 2444 1004 2479 nul-

348 2503 425 2549 lus,
449 2501 550 2552 quod
571 2502 709 2547 sciam,
731 2501 889 2550 scriptor
910 2500 1004 2535 alius

348 2560 534 2595 meminit.
566 2558 803 2594 Florentinus
824 2568 912 2592 cum
926 2557 1005 2592 affis

350 2616 506 2653 Σίττεια.
565 2615 598 2650 Λ
627 2614 737 2664 sepiis
768 2626 788 2649 e
819 2614 914 2648 mari
935 2613 1005 2648 ssu-

348 2672 467 2708 ctibus
478 2671 629 2707 littorali
649 2672 732 2707 loco
754 2670 916 2720 appulsis
934 2683 1008 2706 no-

352 2741 439 2764 men
480 2727 639 2765 ductum
688 2739 766 2763 esse
798 2727 1007 2775 suspicatur

351 2786 581 2834 V'Vesseling.
640 2783 723 2828 Quo
755 2781 890 2818 eodem
918 2795 1007 2817 mo-

351 2848 486 2888 nente,
518 2839 702 2877 Arcadiae
723 2852 876 2891 quoque
895 2851 1006 2876 mons

1053 1197 1190 1248 Σηπία
1215 1198 1256 1233 iu
1283 1198 1446 1233 Pausan.
1477 1197 1575 1243 VIII,
1599 1198 1650 1237 16
1672 1196 1712 1241 §.

1053 1257 1093 1361 Ξ.
1110 1255 1218 1352 43’15Ἰ1
1246 1253 1348 1291 conf.
1378 1254 1527 1291 Miiller.
1555 1254 1648 1290 Dor.
1675 1253 1712 1288 Π

1237 1389 1330 1440 Cap.
1350 1388 1545 1426 LXXVII.

1111 1477 1140 1531 ἦ
1169 1474 1327 1529 Σήπεια
1360 1475 1540 1529 οὕνομα]
1591 1478 1714 1515 Libris

1054 1537 1272 1574 iubentibus
1303 1549 1392 1573 cum
1424 1535 1541 1573 Gaisf.
1571 1536 1716 1573 restitui

1057 1592 1096 1645 ἦ,
1119 1601 1155 1631 et
1176 1591 1329 1643 οὔνομα
1348 1605 1417 1643 pro
1447 1590 1637 1643 τοῦνομα.
1657 1613 1715 1619 -

1056 1649 1237 1687 Matthiae
1258 1649 1362 1686 dedit
1381 1665 1406 1700 η
1434 1646 1593 1700 Σήπεια
1616 1645 1715 1688 τού-

1058 1723 1185 1758 νομα,·
1214 1705 1384 1743 Bekker.
1407 1704 1534 1745 κέεται
1557 1701 1717 1756 Σήπεια

1058 1761 1225 1814 οὕνομα.
1266 1763 1494 1814 μεταίχμιον
1533 1761 1624 1799 dicit
1661 1763 1718 1799 lo-

1057 1834 1147 1858 cum
1166 1834 1194 1858 s.
1214 1821 1380 1871 spatium
1398 1820 1498 1856 iuter
1518 1818 1610 1856 duas
1619 1819 1718 1856 acies

1056 1885 1212 1929 patens,
1252 1877 1517 1925 intervallum,
1547 1879 1615 1925 {ut
1652 1875 1717 1923 VI,

1061 1938 1140 1975 112
1161 1934 1248 1971 coll.
1266 1934 1365 1981 VIII,
1396 1932 1487 1973 140.
1526 1931 1589 1969 Ad
1610 1931 1718 1979 ἵζον-

1059 2007 1102 2030 το
1124 1986 1251 2030 ἆντίοι
1269 1990 1370 2027 conf.
1391 1990 1436 2037 V,
1462 1991 1526 2030 18.
1556 2009 1606 2018 —
1641 1990 1718 2026 Pro

1061 2047 1243 2088 ἐπίκοινα
1270 2047 1346 2084 duo
1375 2045 1488 2083 codd.
1523 2044 1719 2100 ε’πικοινῇ.

1064 2104 1142 2142 Sed
1162 2104 1263 2141 conf.
1279 2105 1343 2152 VI,
1362 2106 1426 2144 19.
1446 2104 1476 2150 I,
1490 2105 1583 2144 216.
1607 2086 1720 2148 Quod

1064 2163 1233 2212 sequitur
1269 2159 1383 2212 λε’,ον
1412 2160 1574 2210 pertinet
1592 2157 1641 2195 ad
1672 2172 1716 2198 το

1057 2219 1136 2256 scil.
1157 2213 1407 2286 χρηστήριον

1115 2269 1199 2312 ἄλλ’
1215 2271 1354 2323 ὄτανη
1379 2266 1525 2321 θήλεια
1549 2286 1583 2310 κ
1603 2286 1636 2310 τ.
1661 2271 1717 2320 λ.]

1057 2331 1214 2367 Partem
1254 2329 1395 2366 oraculi
1436 2326 1523 2364 hinc
1563 2326 1718 2365 exhibet

1059 2388 1223 2423 Pausa‘u.
1253 2387 1300 2433 ΙΙ,
1324 2389 1376 2426 20
1399 2386 1435 2430 ξ.
1457 2386 1482 2424 8
1514 2385 1718 2421 coll.·Plu-

1060 2442 1178 2480 tarch.
1200 2444 1235 2478 ΙΙ
1255 2457 1292 2493 p.
1315 2442 1394 2483 245
1415 2442 1516 2482 D‚E.
1535 2440 1620 2490 (ubi
1639 2438 1717 2478 vid.

1059 2498 1351 2551 NVyttenbachii
1380 2497 1647 2534 animadverss.
1667 2497 1716 2546 11,

1064 2559 1082 2596 1
1109 2570 1146 2607 p.
1167 2558 1226 2605 7.)
1249 2555 1357 2593 Suffl.
1382 2568 1412 2592 s.
1441 2568 1477 2591 v.
1514 2553 1718 2593 Τελεσίλλα

1061 2615 1115 2649 Ill
1139 2626 1177 2663 p.
1213 2611 1307 2652 442.
1364 2613 1421 2648 Ac
1450 2624 1563 2662 supra
1581 2611 1644 2658 VI,
1667 2611 1720 2650 19

1063 2671 1221 2706 alteram
1242 2669 1384 2706 oraculi
1404 2675 1550 2719 partem
1577 2666 1625 2703 ad
1644 2666 1721 2702 Mi-

1062 2727 1170 2763 lesios
1180 2731 1414 2776 spectantem
1427 2725 1601 2775 legimus.
1613 2724 1720 2759 Bene

1063 2781 1164 2820 adh.
1195 2783 1220 2819 l.
1248 2781 1517 2830 'Wesselingiusz
1557 2779 1720 2828 „caete-

1063 2853 1150 2876 rum
1183 2837 1344 2890 Pythiae
1385 2836 1458 2874 hoc
1497 2847 1719 2887 responsum
