<?xml version="1.0" encoding="UTF-8"?>
<!DOCTYPE html PUBLIC "-//W3C//DTD XHTML 1.0 Transitional//EN"
    "http://www.w3.org/TR/xhtml1/DTD/xhtml1-transitional.dtd">
<html xmlns="http://www.w3.org/1999/xhtml" xml:lang="en" lang="en">
 <head>
  <title>
</title>
<meta http-equiv="Content-Type" content="text/html;charset=utf-8" />
  <meta name='ocr-system' content='tesseract 3.04.00' />
  <meta name='ocr-capabilities' content='ocr_page ocr_carea ocr_par ocr_line ocrx_word'/>
</head>
<body>
  <div class='ocr_page' id='page_1' title='image "./musaeherodoto03hero/musaeherodoto03hero_0177.png"; bbox 0 0 1870 3249; ppageno 0'>
   <div class='ocr_carea' id='block_1_1' title="bbox 360 249 1384 292">
    <p class='ocr_par' dir='ltr' id='par_1_1' title="bbox 360 249 1384 292">
     <span class='ocr_line' id='line_1_1' title="bbox 360 249 1384 292; baseline 0.006 -6"><span class='ocrx_word' id='word_1_1' title='bbox 360 249 1127 287; x_wconf 75' lang='lat' dir='ltr'>TERPSICHORE.V.</span> <span class='ocrx_word' id='word_1_2' title='bbox 1301 252 1384 292; x_wconf 76' lang='lat'>167</span> 
     </span>
    </p>
   </div>
   <div class='ocr_carea' id='block_1_2' title="bbox 92 354 1441 686">
    <p class='ocr_par' dir='ltr' id='par_1_2' title="bbox 92 354 1441 686">
     <span class='ocr_line' id='line_1_2' title="bbox 122 354 1386 413; baseline 0.002 -13"><span class='ocrx_word' id='word_1_3' title='bbox 122 368 196 400; x_wconf 84' lang='grc' dir='ltr'><strong><em>σια</em></strong></span> <span class='ocrx_word' id='word_1_4' title='bbox 232 357 408 401; x_wconf 77' lang='grc' dir='ltr'><strong><em>ἔσεσθαι</em></strong></span> <span class='ocrx_word' id='word_1_5' title='bbox 449 355 621 400; x_wconf 79' lang='grc' dir='ltr'><strong><em>αὐτοῖσι</em></strong></span> <span class='ocrx_word' id='word_1_6' title='bbox 661 357 704 410; x_wconf 80' lang='grc' dir='ltr'>ἐξ</span> <span class='ocrx_word' id='word_1_7' title='bbox 729 354 997 413; x_wconf 78' lang='grc' dir='ltr'><strong><em>Ἀθηναίων,</em></strong></span> <span class='ocrx_word' id='word_1_8' title='bbox 1043 361 1132 401; x_wconf 75' lang='grc' dir='ltr'><strong><em>τῶν</em></strong></span> <span class='ocrx_word' id='word_1_9' title='bbox 1168 359 1386 413; x_wconf 77' lang='grc' dir='ltr'><strong><em>πρότερον</em></strong></span> 
     </span>
     <span class='ocr_line' id='line_1_3' title="bbox 120 419 1387 482; baseline 0.002 -16"><span class='ocrx_word' id='word_1_10' title='bbox 120 424 199 480; x_wconf 81' lang='grc' dir='ltr'>μὲν</span> <span class='ocrx_word' id='word_1_11' title='bbox 227 419 342 480; x_wconf 78' lang='grc' dir='ltr'><strong><em>ἦσαν</em></strong></span> <span class='ocrx_word' id='word_1_12' title='bbox 371 423 543 475; x_wconf 74' lang='grc' dir='ltr'><strong><em>ἀδαέες,</em></strong></span> <span class='ocrx_word' id='word_1_13' title='bbox 586 425 684 470; x_wconf 88' lang='grc' dir='ltr'><strong><em>τότε</em></strong></span> <span class='ocrx_word' id='word_1_14' title='bbox 715 426 780 475; x_wconf 77' lang='grc' dir='ltr'>δὲ,</span> <span class='ocrx_word' id='word_1_15' title='bbox 822 426 1092 481; x_wconf 73' lang='grc' dir='ltr'><strong><em>Κλεομένεος</em></strong></span> <span class='ocrx_word' id='word_1_16' title='bbox 1121 430 1387 482; x_wconf 83' lang='grc' dir='ltr'><strong><em>κομίσαντος</em></strong></span> 
     </span>
     <span class='ocr_line' id='line_1_4' title="bbox 92 492 1385 552; baseline 0.004 -19"><span class='ocrx_word' id='word_1_17' title='bbox 92 492 168 542; x_wconf 74' lang='grc' dir='ltr'><strong><em>4ές</em></strong></span> <span class='ocrx_word' id='word_1_18' title='bbox 197 493 433 548; x_wconf 70' lang='grc' dir='ltr'><strong><em>Σπάρτην,</em></strong></span> <span class='ocrx_word' id='word_1_19' title='bbox 466 493 691 548; x_wconf 80' lang='grc' dir='ltr'><strong><em>ἐξέμαθον.</em></strong></span> <span class='ocrx_word' id='word_1_20' title='bbox 750 492 957 549; x_wconf 81' lang='grc' dir='ltr'><em>ἐκτήσατο</em></span> <span class='ocrx_word' id='word_1_21' title='bbox 990 495 1035 538; x_wconf 76' lang='grc' dir='ltr'>δὲ</span> <span class='ocrx_word' id='word_1_22' title='bbox 1076 493 1099 538; x_wconf 88' lang='grc' dir='ltr'>ὁ</span> <span class='ocrx_word' id='word_1_23' title='bbox 1139 497 1385 552; x_wconf 75' lang='grc' dir='ltr'><strong><em>Κλεομένης</em></strong></span> 
     </span>
     <span class='ocr_line' id='line_1_5' title="bbox 117 558 1384 618; baseline 0.003 -16"><span class='ocrx_word' id='word_1_24' title='bbox 117 559 164 602; x_wconf 80' lang='grc' dir='ltr'>ἐκ</span> <span class='ocrx_word' id='word_1_25' title='bbox 193 563 269 615; x_wconf 84' lang='grc' dir='ltr'><strong><em>τῆς</em></strong></span> <span class='ocrx_word' id='word_1_26' title='bbox 293 559 541 616; x_wconf 74' lang='grc' dir='ltr'><strong><em>Ἀθηναίων</em></strong></span> <span class='ocrx_word' id='word_1_27' title='bbox 570 558 835 615; x_wconf 76' lang='grc' dir='ltr'><em>ἀκροπόλιος</em></span> <span class='ocrx_word' id='word_1_28' title='bbox 863 561 969 612; x_wconf 79' lang='grc' dir='ltr'><strong><em>τούς</em></strong></span> <span class='ocrx_word' id='word_1_29' title='bbox 997 563 1242 618; x_wconf 81' lang='grc' dir='ltr'><strong><em>χρησμούς,</em></strong></span> <span class='ocrx_word' id='word_1_30' title='bbox 1279 563 1384 614; x_wconf 81' lang='grc' dir='ltr'>τούς</span> 
     </span>
     <span class='ocr_line' id='line_1_6' title="bbox 117 627 1441 686; baseline 0.001 -16"><span class='ocrx_word' id='word_1_31' title='bbox 117 627 292 682; x_wconf 77' lang='grc' dir='ltr'><strong><em>ἔκτηντο</em></strong></span> <span class='ocrx_word' id='word_1_32' title='bbox 323 629 399 682; x_wconf 79' lang='grc' dir='ltr'>μὲν</span> <span class='ocrx_word' id='word_1_33' title='bbox 427 627 644 683; x_wconf 79' lang='grc' dir='ltr'><strong><em>πρότερον</em></strong></span> <span class='ocrx_word' id='word_1_34' title='bbox 673 629 1381 686; x_wconf 74' lang='grc' dir='ltr'><strong><em>οἱΠεισιστρατίδαι,ἐξελαυνόμε-</em></strong></span> <span class='ocrx_word' id='word_1_35' title='bbox 1396 637 1441 671; x_wconf 86' lang='grc'>30</span> 
     </span>
    </p>
   </div>
   <div class='ocr_carea' id='block_1_3' title="bbox 116 696 1381 755">
    <p class='ocr_par' dir='ltr' id='par_1_3' title="bbox 116 696 1381 755">
     <span class='ocr_line' id='line_1_7' title="bbox 116 696 1381 755; baseline 0.003 -17"><span class='ocrx_word' id='word_1_36' title='bbox 116 711 189 738; x_wconf 87' lang='grc' dir='ltr'><strong><em>νοι</em></strong></span> <span class='ocrx_word' id='word_1_37' title='bbox 210 696 256 738; x_wconf 77' lang='grc' dir='ltr'>δὲ</span> <span class='ocrx_word' id='word_1_38' title='bbox 281 697 430 739; x_wconf 76' lang='grc' dir='ltr'><strong><em>ἔλιπον</em></strong></span> <span class='ocrx_word' id='word_1_39' title='bbox 460 696 508 739; x_wconf 79' lang='grc' dir='ltr'>ἐν</span> <span class='ocrx_word' id='word_1_40' title='bbox 537 699 599 755; x_wconf 78' lang='grc' dir='ltr'><strong><em>τῷ</em></strong></span> <span class='ocrx_word' id='word_1_41' title='bbox 629 698 722 753; x_wconf 79' lang='grc' dir='ltr'><strong><em>ἱρῷ·</em></strong></span> <span class='ocrx_word' id='word_1_42' title='bbox 753 697 1124 752; x_wconf 80' lang='grc' dir='ltr'><strong><em>καταλειφθέντας</em></strong></span> <span class='ocrx_word' id='word_1_43' title='bbox 1139 697 1228 742; x_wconf 54' lang='lat' dir='ltr'>ab&amp;</span> <span class='ocrx_word' id='word_1_44' title='bbox 1250 702 1381 742; x_wconf 84' lang='grc' dir='ltr'><strong><em>Κλεο-</em></strong></span> 
     </span>
    </p>
   </div>
   <div class='ocr_carea' id='block_1_4' title="bbox 0 758 1413 1029">
    <p class='ocr_par' dir='ltr' id='par_1_4' title="bbox 0 758 1413 1029">
     <span class='ocr_line' id='line_1_8' title="bbox 0 758 1383 821; baseline 0.005 -19"><span class='ocrx_word' id='word_1_45' title='bbox 0 758 54 802; x_wconf 82' lang='lat'>91</span> <span class='ocrx_word' id='word_1_46' title='bbox 115 761 246 818; x_wconf 80' lang='grc' dir='ltr'><strong><em>μένης</em></strong></span> <span class='ocrx_word' id='word_1_47' title='bbox 277 762 472 821; x_wconf 77' lang='grc' dir='ltr'><strong><em>ἀνέλαβε.</em></strong></span> <span class='ocrx_word' id='word_1_48' title='bbox 538 764 643 808; x_wconf 85' lang='grc' dir='ltr'><strong><em>Τότε</em></strong></span> <span class='ocrx_word' id='word_1_49' title='bbox 674 765 718 809; x_wconf 82' lang='grc' dir='ltr'>δὲ</span> <span class='ocrx_word' id='word_1_50' title='bbox 750 763 809 816; x_wconf 77' lang='grc' dir='ltr'>ὥς</span> <span class='ocrx_word' id='word_1_51' title='bbox 839 765 1055 820; x_wconf 77' lang='grc' dir='ltr'><strong><em>ἀνέλαβον</em></strong></span> <span class='ocrx_word' id='word_1_52' title='bbox 1086 768 1130 809; x_wconf 85' lang='grc' dir='ltr'><strong><em>οἷ</em></strong></span> <span class='ocrx_word' id='word_1_53' title='bbox 1166 769 1383 809; x_wconf 81' lang='grc' dir='ltr'><strong><em>Λακεδαι-</em></strong></span> 
     </span>
     <span class='ocr_line' id='line_1_9' title="bbox 115 830 1381 890; baseline 0.002 -16"><span class='ocrx_word' id='word_1_54' title='bbox 115 830 266 884; x_wconf 89' lang='grc' dir='ltr'><strong><em>μόνιοι</em></strong></span> <span class='ocrx_word' id='word_1_55' title='bbox 293 832 397 884; x_wconf 83' lang='grc' dir='ltr'>τούς</span> <span class='ocrx_word' id='word_1_56' title='bbox 424 833 668 888; x_wconf 76' lang='grc' dir='ltr'><strong><em>χρησμούς,</em></strong></span> <span class='ocrx_word' id='word_1_57' title='bbox 698 832 771 876; x_wconf 81' lang='grc' dir='ltr'><strong><em>καὶ</em></strong></span> <span class='ocrx_word' id='word_1_58' title='bbox 800 832 906 884; x_wconf 78' lang='grc' dir='ltr'>τούς</span> <span class='ocrx_word' id='word_1_59' title='bbox 933 833 1192 890; x_wconf 80' lang='grc' dir='ltr'><strong><em>Ἀθηναίους</em></strong></span> <span class='ocrx_word' id='word_1_60' title='bbox 1222 833 1381 888; x_wconf 77' lang='grc' dir='ltr'><strong><em>ἑώρεον</em></strong></span> 
     </span>
     <span class='ocr_line' id='line_1_10' title="bbox 115 897 1413 957; baseline 0.003 -18"><span class='ocrx_word' id='word_1_61' title='bbox 115 897 405 953; x_wconf 81' lang='grc' dir='ltr'><strong><em>αὐξομένους,</em></strong></span> <span class='ocrx_word' id='word_1_62' title='bbox 446 901 519 944; x_wconf 81' lang='grc' dir='ltr'><strong><em>καὶ</em></strong></span> <span class='ocrx_word' id='word_1_63' title='bbox 552 899 760 956; x_wconf 76' lang='grc' dir='ltr'><strong><em>οὐδαμῶς</em></strong></span> <span class='ocrx_word' id='word_1_64' title='bbox 801 900 1003 957; x_wconf 77' lang='grc' dir='ltr'><strong><em>ἑτοίμους</em></strong></span> <span class='ocrx_word' id='word_1_65' title='bbox 1041 901 1194 954; x_wconf 77' lang='grc' dir='ltr'><strong><em>ἐόντας</em></strong></span> <span class='ocrx_word' id='word_1_66' title='bbox 1234 905 1413 946; x_wconf 58' lang='grc' dir='ltr'><strong><em>πάθε-3</em></strong></span> 
     </span>
     <span class='ocr_line' id='line_1_11' title="bbox 113 967 1380 1029; baseline 0.003 -20"><span class='ocrx_word' id='word_1_67' title='bbox 113 969 221 1010; x_wconf 83' lang='grc' dir='ltr'><strong><em>σθαί</em></strong></span> <span class='ocrx_word' id='word_1_68' title='bbox 249 979 351 1023; x_wconf 73' lang='grc' dir='ltr'><em>σφι,</em></span> <span class='ocrx_word' id='word_1_69' title='bbox 383 968 473 1029; x_wconf 82' lang='grc' dir='ltr'>νόῳ</span> <span class='ocrx_word' id='word_1_70' title='bbox 504 969 713 1026; x_wconf 78' lang='grc' dir='ltr'><strong><em>λαβόντες</em></strong></span> <span class='ocrx_word' id='word_1_71' title='bbox 751 967 811 1020; x_wconf 70' lang='grc' dir='ltr'>ὥς</span> <span class='ocrx_word' id='word_1_72' title='bbox 846 969 1082 1025; x_wconf 77' lang='grc' dir='ltr'><strong><em>ἐλεύθερον</em></strong></span> <span class='ocrx_word' id='word_1_73' title='bbox 1111 971 1189 1026; x_wconf 80' lang='grc' dir='ltr'>μὲν</span> <span class='ocrx_word' id='word_1_74' title='bbox 1218 969 1293 1014; x_wconf 82' lang='grc' dir='ltr'>ἐόν</span> <span class='ocrx_word' id='word_1_75' title='bbox 1331 969 1380 1013; x_wconf 79' lang='grc' dir='ltr'><strong><em>τό</em></strong></span> 
     </span>
    </p>
   </div>
   <div class='ocr_carea' id='block_1_5' title="bbox 36 1164 714 2230">
    <p class='ocr_par' dir='ltr' id='par_1_5' title="bbox 36 1164 714 1954">
     <span class='ocr_line' id='line_1_12' title="bbox 53 1164 712 1215; baseline 0.003 -17"><span class='ocrx_word' id='word_1_76' title='bbox 53 1164 147 1199; x_wconf 80' lang='lat' dir='ltr'>vatis</span> <span class='ocrx_word' id='word_1_77' title='bbox 178 1164 325 1215; x_wconf 73' lang='lat' dir='ltr'>antiqui</span> <span class='ocrx_word' id='word_1_78' title='bbox 364 1165 515 1200; x_wconf 82' lang='lat' dir='ltr'>oracula</span> <span class='ocrx_word' id='word_1_79' title='bbox 553 1164 712 1201; x_wconf 85' lang='lat' dir='ltr'>indicari</span> 
     </span>
     <span class='ocr_line' id='line_1_13' title="bbox 36 1219 712 1271; baseline 0.003 -16"><span class='ocrx_word' id='word_1_80' title='bbox 36 1219 249 1271; x_wconf 29' lang='lat' dir='ltr'>,Sibyllinis</span> <span class='ocrx_word' id='word_1_81' title='bbox 276 1221 380 1258; x_wconf 86' lang='lat' dir='ltr'>libris</span> <span class='ocrx_word' id='word_1_82' title='bbox 409 1222 615 1271; x_wconf 82' lang='lat' dir='ltr'>persimiiia</span> <span class='ocrx_word' id='word_1_83' title='bbox 649 1222 712 1257; x_wconf 81' lang='lat' dir='ltr'>alii</span> 
     </span>
     <span class='ocr_line' id='line_1_14' title="bbox 51 1278 712 1328; baseline 0.003 -16"><span class='ocrx_word' id='word_1_84' title='bbox 51 1284 220 1326; x_wconf 85' lang='lat' dir='ltr'>ponunt,</span> <span class='ocrx_word' id='word_1_85' title='bbox 250 1278 313 1314; x_wconf 78' lang='lat' dir='ltr'>alii</span> <span class='ocrx_word' id='word_1_86' title='bbox 333 1284 497 1328; x_wconf 82' lang='lat' dir='ltr'>negant,</span> <span class='ocrx_word' id='word_1_87' title='bbox 527 1285 630 1314; x_wconf 87' lang='lat' dir='ltr'>recte</span> <span class='ocrx_word' id='word_1_88' title='bbox 649 1279 712 1314; x_wconf 89' lang='lat' dir='ltr'>iu-</span> 
     </span>
     <span class='ocr_line' id='line_1_15' title="bbox 52 1332 710 1371; baseline 0.003 -2"><span class='ocrx_word' id='word_1_89' title='bbox 52 1332 177 1370; x_wconf 87' lang='lat' dir='ltr'>dicare</span> <span class='ocrx_word' id='word_1_90' title='bbox 214 1333 364 1371; x_wconf 81' lang='lat' dir='ltr'>videtur</span> <span class='ocrx_word' id='word_1_91' title='bbox 410 1333 582 1371; x_wconf 85' lang='lat' dir='ltr'>Lobeck.</span> <span class='ocrx_word' id='word_1_92' title='bbox 631 1348 710 1371; x_wconf 90' lang='lat' dir='ltr'>non</span> 
     </span>
     <span class='ocr_line' id='line_1_16' title="bbox 51 1390 710 1442; baseline 0.006 -17"><span class='ocrx_word' id='word_1_93' title='bbox 51 1391 197 1428; x_wconf 73' lang='lat' dir='ltr'>oracula</span> <span class='ocrx_word' id='word_1_94' title='bbox 226 1390 398 1428; x_wconf 87' lang='lat' dir='ltr'>denotari</span> <span class='ocrx_word' id='word_1_95' title='bbox 417 1390 484 1428; x_wconf 85' lang='lat' dir='ltr'>sed</span> <span class='ocrx_word' id='word_1_96' title='bbox 500 1395 624 1442; x_wconf 81' lang='lat' dir='ltr'>pacta,</span> <span class='ocrx_word' id='word_1_97' title='bbox 645 1392 710 1429; x_wconf 86' lang='lat' dir='ltr'>issa</span> 
     </span>
     <span class='ocr_line' id='line_1_17' title="bbox 52 1447 714 1486; baseline 0.005 -4"><span class='ocrx_word' id='word_1_98' title='bbox 52 1454 179 1484; x_wconf 83' lang='lat' dir='ltr'>tamen</span> <span class='ocrx_word' id='word_1_99' title='bbox 211 1449 365 1486; x_wconf 81' lang='lat' dir='ltr'>oracula</span> <span class='ocrx_word' id='word_1_100' title='bbox 396 1461 418 1484; x_wconf 89' lang='lat' dir='ltr'>a</span> <span class='ocrx_word' id='word_1_101' title='bbox 447 1449 611 1485; x_wconf 81' lang='lat' dir='ltr'>Comicis</span> <span class='ocrx_word' id='word_1_102' title='bbox 644 1447 714 1485; x_wconf 90' lang='lat' dir='ltr'>de-</span> 
     </span>
     <span class='ocr_line' id='line_1_18' title="bbox 50 1504 713 1557; baseline 0.003 -18"><span class='ocrx_word' id='word_1_103' title='bbox 50 1504 122 1540; x_wconf 85' lang='lat' dir='ltr'>risa</span> <span class='ocrx_word' id='word_1_104' title='bbox 150 1507 285 1557; x_wconf 84' lang='lat' dir='ltr'>quanti</span> <span class='ocrx_word' id='word_1_105' title='bbox 308 1505 469 1542; x_wconf 86' lang='lat' dir='ltr'>fecerint</span> <span class='ocrx_word' id='word_1_106' title='bbox 498 1504 713 1542; x_wconf 87' lang='lat' dir='ltr'>Athenien-</span> 
     </span>
     <span class='ocr_line' id='line_1_19' title="bbox 49 1561 711 1612; baseline 0.005 -16"><span class='ocrx_word' id='word_1_107' title='bbox 49 1574 106 1597; x_wconf 79' lang='lat' dir='ltr'>ses</span> <span class='ocrx_word' id='word_1_108' title='bbox 140 1569 316 1612; x_wconf 80' lang='lat' dir='ltr'>apparet,</span> <span class='ocrx_word' id='word_1_109' title='bbox 359 1561 495 1599; x_wconf 88' lang='lat' dir='ltr'>eodem</span> <span class='ocrx_word' id='word_1_110' title='bbox 538 1561 711 1600; x_wconf 82' lang='lat' dir='ltr'>Lobeck.</span> 
     </span>
     <span class='ocr_line' id='line_1_20' title="bbox 47 1618 709 1667; baseline 0.005 -13"><span class='ocrx_word' id='word_1_111' title='bbox 47 1625 252 1667; x_wconf 89' lang='lat' dir='ltr'>monente,</span> <span class='ocrx_word' id='word_1_112' title='bbox 303 1632 353 1655; x_wconf 86' lang='lat' dir='ltr'>ex</span> <span class='ocrx_word' id='word_1_113' title='bbox 382 1618 581 1656; x_wconf 82' lang='lat' dir='ltr'>Demosth.</span> <span class='ocrx_word' id='word_1_114' title='bbox 611 1620 709 1657; x_wconf 82' lang='lat' dir='ltr'>Fals.</span> 
     </span>
     <span class='ocr_line' id='line_1_21' title="bbox 46 1674 710 1726; baseline 0.005 -16"><span class='ocrx_word' id='word_1_115' title='bbox 46 1675 179 1724; x_wconf 82' lang='lat' dir='ltr'>Legat.</span> <span class='ocrx_word' id='word_1_116' title='bbox 211 1689 249 1726; x_wconf 89' lang='lat' dir='ltr'>p.</span> <span class='ocrx_word' id='word_1_117' title='bbox 280 1674 374 1723; x_wconf 79' lang='lat'>436,</span> <span class='ocrx_word' id='word_1_118' title='bbox 404 1677 540 1713; x_wconf 84' lang='lat' dir='ltr'>Liban.</span> <span class='ocrx_word' id='word_1_119' title='bbox 568 1677 609 1712; x_wconf 85' lang='lat' dir='ltr'>in</span> <span class='ocrx_word' id='word_1_120' title='bbox 629 1677 710 1713; x_wconf 91' lang='lat' dir='ltr'>De-</span> 
     </span>
     <span class='ocr_line' id='line_1_22' title="bbox 46 1730 708 1785; baseline 0.003 -18"><span class='ocrx_word' id='word_1_121' title='bbox 46 1730 236 1768; x_wconf 84' lang='lat' dir='ltr'>mosthen.</span> <span class='ocrx_word' id='word_1_122' title='bbox 264 1733 316 1769; x_wconf 86' lang='lat' dir='ltr'>lv</span> <span class='ocrx_word' id='word_1_123' title='bbox 346 1746 384 1783; x_wconf 92' lang='lat' dir='ltr'>p.</span> <span class='ocrx_word' id='word_1_124' title='bbox 416 1733 498 1774; x_wconf 81' lang='lat'>250</span> <span class='ocrx_word' id='word_1_125' title='bbox 526 1746 607 1785; x_wconf 90' lang='lat' dir='ltr'>seq.</span> <span class='ocrx_word' id='word_1_126' title='bbox 628 1734 708 1770; x_wconf 87' lang='lat' dir='ltr'>aliis</span> 
     </span>
     <span class='ocr_line' id='line_1_23' title="bbox 48 1789 709 1827; baseline 0.006 -4"><span class='ocrx_word' id='word_1_127' title='bbox 48 1795 240 1824; x_wconf 86' lang='lat' dir='ltr'>oratorum</span> <span class='ocrx_word' id='word_1_128' title='bbox 270 1790 375 1826; x_wconf 84' lang='lat' dir='ltr'>locis.</span> <span class='ocrx_word' id='word_1_129' title='bbox 405 1813 455 1818; x_wconf 87' lang='lat'>—</span> <span class='ocrx_word' id='word_1_130' title='bbox 496 1791 589 1827; x_wconf 82' lang='lat' dir='ltr'>Mox</span> <span class='ocrx_word' id='word_1_131' title='bbox 620 1789 709 1827; x_wconf 87' lang='lat' dir='ltr'>dedi</span> 
     </span>
     <span class='ocr_line' id='line_1_24' title="bbox 46 1837 708 1897; baseline 0.008 -16"><span class='ocrx_word' id='word_1_132' title='bbox 46 1837 150 1894; x_wconf 59' lang='grc' dir='ltr'><strong><em>’ἦσαν</em></strong></span> <span class='ocrx_word' id='word_1_133' title='bbox 176 1858 244 1895; x_wconf 89' lang='lat' dir='ltr'>pro</span> <span class='ocrx_word' id='word_1_134' title='bbox 276 1844 379 1884; x_wconf 75' lang='grc' dir='ltr'><strong><em>ἔσαν.</em></strong></span> <span class='ocrx_word' id='word_1_135' title='bbox 417 1867 462 1873; x_wconf 92' lang='grc'><strong>-</strong></span> <span class='ocrx_word' id='word_1_136' title='bbox 508 1846 573 1883; x_wconf 93' lang='lat' dir='ltr'>Ad</span> <span class='ocrx_word' id='word_1_137' title='bbox 592 1847 708 1897; x_wconf 79' lang='grc' dir='ltr'><strong><em>κομί-</em></strong></span> 
     </span>
     <span class='ocr_line' id='line_1_25' title="bbox 50 1898 707 1954; baseline 0.008 -16"><span class='ocrx_word' id='word_1_138' title='bbox 50 1912 191 1947; x_wconf 85' lang='grc' dir='ltr'><strong><em>σαντος</em></strong></span> <span class='ocrx_word' id='word_1_139' title='bbox 220 1902 342 1951; x_wconf 87' lang='lat' dir='ltr'>suppl.</span> <span class='ocrx_word' id='word_1_140' title='bbox 371 1898 463 1948; x_wconf 67' lang='grc' dir='ltr'>τούς</span> <span class='ocrx_word' id='word_1_141' title='bbox 492 1900 707 1954; x_wconf 74' lang='grc' dir='ltr'><strong><em>χρησμούς.</em></strong></span> 
     </span>
    </p>

    <p class='ocr_par' dir='ltr' id='par_1_6' title="bbox 47 1954 704 2230">
     <span class='ocr_line' id='line_1_26' title="bbox 104 1954 704 2009; baseline 0.007 -15"><span class='ocrx_word' id='word_1_142' title='bbox 104 1954 197 2002; x_wconf 74' lang='grc' dir='ltr'>τούς</span> <span class='ocrx_word' id='word_1_143' title='bbox 219 1956 379 2007; x_wconf 77' lang='grc' dir='ltr'><strong><em>ἔκτηντο</em></strong></span> <span class='ocrx_word' id='word_1_144' title='bbox 399 1955 471 2007; x_wconf 81' lang='grc' dir='ltr'>μὲν</span> <span class='ocrx_word' id='word_1_145' title='bbox 492 1955 704 2009; x_wconf 75' lang='grc' dir='ltr'><strong><em>πρότερον]</em></strong></span> 
     </span>
     <span class='ocr_line' id='line_1_27' title="bbox 48 2011 704 2065; baseline 0.008 -18"><span class='ocrx_word' id='word_1_146' title='bbox 48 2012 104 2048; x_wconf 84' lang='lat' dir='ltr'>Ita</span> <span class='ocrx_word' id='word_1_147' title='bbox 132 2011 218 2048; x_wconf 89' lang='lat' dir='ltr'>edd.</span> <span class='ocrx_word' id='word_1_148' title='bbox 251 2026 340 2050; x_wconf 82' lang='lat' dir='ltr'>cum</span> <span class='ocrx_word' id='word_1_149' title='bbox 364 2022 521 2052; x_wconf 79' lang='lat' dir='ltr'>recentt.</span> <span class='ocrx_word' id='word_1_150' title='bbox 557 2016 704 2065; x_wconf 85' lang='lat' dir='ltr'>Vulgo:</span> 
     </span>
     <span class='ocr_line' id='line_1_28' title="bbox 48 2066 704 2121; baseline 0.009 -16"><span class='ocrx_word' id='word_1_151' title='bbox 48 2066 243 2121; x_wconf 78' lang='grc' dir='ltr'><strong><em>πρότερον</em></strong></span> <span class='ocrx_word' id='word_1_152' title='bbox 283 2067 366 2120; x_wconf 84' lang='grc' dir='ltr'><strong><em>μέν.</em></strong></span> <span class='ocrx_word' id='word_1_153' title='bbox 435 2072 509 2108; x_wconf 84' lang='lat' dir='ltr'>Pro</span> <span class='ocrx_word' id='word_1_154' title='bbox 543 2071 704 2121; x_wconf 79' lang='grc' dir='ltr'><strong><em>ἔκτηντο</em></strong></span> 
     </span>
     <span class='ocr_line' id='line_1_29' title="bbox 47 2124 703 2180; baseline 0.009 -20"><span class='ocrx_word' id='word_1_155' title='bbox 47 2124 238 2162; x_wconf 79' lang='lat' dir='ltr'>Mediceus</span> <span class='ocrx_word' id='word_1_156' title='bbox 268 2124 498 2176; x_wconf 75' lang='grc' dir='ltr'><strong><em>ἐκέκτηντο,</em></strong></span> <span class='ocrx_word' id='word_1_157' title='bbox 545 2127 593 2165; x_wconf 85' lang='lat' dir='ltr'>de</span> <span class='ocrx_word' id='word_1_158' title='bbox 628 2142 703 2180; x_wconf 89' lang='lat' dir='ltr'>quo</span> 
     </span>
     <span class='ocr_line' id='line_1_30' title="bbox 48 2182 506 2230; baseline 0.015 -12"><span class='ocrx_word' id='word_1_159' title='bbox 48 2182 148 2219; x_wconf 86' lang='lat' dir='ltr'>conf.</span> <span class='ocrx_word' id='word_1_160' title='bbox 170 2183 217 2230; x_wconf 91' lang='lat'>11,</span> <span class='ocrx_word' id='word_1_161' title='bbox 242 2185 334 2223; x_wconf 73' lang='lat'>108.</span> <span class='ocrx_word' id='word_1_162' title='bbox 354 2185 419 2230; x_wconf 83' lang='lat'>111,</span> <span class='ocrx_word' id='word_1_163' title='bbox 441 2185 506 2224; x_wconf 79' lang='lat'>39.</span> 
     </span>
    </p>
   </div>
   <div class='ocr_carea' id='block_1_6' title="bbox 264 2284 483 2336">
    <p class='ocr_par' dir='ltr' id='par_1_7' title="bbox 264 2284 483 2336">
     <span class='ocr_line' id='line_1_31' title="bbox 264 2284 483 2336; baseline 0 -15"><span class='ocrx_word' id='word_1_164' title='bbox 264 2284 357 2336; x_wconf 82' lang='lat' dir='ltr'>cap.</span> <span class='ocrx_word' id='word_1_165' title='bbox 381 2285 483 2322; x_wconf 85' lang='lat' dir='ltr'><strong>XCI.</strong></span> 
     </span>
    </p>
   </div>
   <div class='ocr_carea' id='block_1_7' title="bbox 42 2347 705 2856">
    <p class='ocr_par' dir='ltr' id='par_1_8' title="bbox 42 2347 705 2856">
     <span class='ocr_line' id='line_1_32' title="bbox 100 2347 703 2404; baseline 0.003 -15"><span class='ocrx_word' id='word_1_166' title='bbox 100 2347 182 2404; x_wconf 83' lang='grc' dir='ltr'>νόῳ</span> <span class='ocrx_word' id='word_1_167' title='bbox 211 2348 426 2403; x_wconf 76' lang='grc' dir='ltr'><strong><em>λαβόντες]</em></strong></span> <span class='ocrx_word' id='word_1_168' title='bbox 458 2354 561 2391; x_wconf 85' lang='lat' dir='ltr'>conf.</span> <span class='ocrx_word' id='word_1_169' title='bbox 573 2351 703 2391; x_wconf 78' lang='lat' dir='ltr'>dehac</span> 
     </span>
     <span class='ocr_line' id='line_1_33' title="bbox 45 2408 704 2457; baseline 0.005 -13"><span class='ocrx_word' id='word_1_170' title='bbox 45 2408 235 2445; x_wconf 80' lang='lat' dir='ltr'>locutione</span> <span class='ocrx_word' id='word_1_171' title='bbox 255 2410 367 2446; x_wconf 83' lang='lat' dir='ltr'>citata</span> <span class='ocrx_word' id='word_1_172' title='bbox 387 2409 435 2446; x_wconf 90' lang='lat' dir='ltr'>ad</span> <span class='ocrx_word' id='word_1_173' title='bbox 454 2412 522 2457; x_wconf 88' lang='lat' dir='ltr'>III,</span> <span class='ocrx_word' id='word_1_174' title='bbox 542 2411 609 2451; x_wconf 85' lang='lat'>41.</span> <span class='ocrx_word' id='word_1_175' title='bbox 642 2410 704 2448; x_wconf 84' lang='lat' dir='ltr'>Ad</span> 
     </span>
     <span class='ocr_line' id='line_1_34' title="bbox 45 2465 705 2515; baseline 0.006 -16"><span class='ocrx_word' id='word_1_176' title='bbox 45 2465 117 2500; x_wconf 78' lang='lat' dir='ltr'>ioci</span> <span class='ocrx_word' id='word_1_177' title='bbox 148 2473 417 2515; x_wconf 80' lang='lat' dir='ltr'>argumentum</span> <span class='ocrx_word' id='word_1_178' title='bbox 437 2466 536 2504; x_wconf 88' lang='lat' dir='ltr'>bene</span> <span class='ocrx_word' id='word_1_179' title='bbox 566 2466 705 2505; x_wconf 86' lang='lat' dir='ltr'>adscri-</span> 
     </span>
     <span class='ocr_line' id='line_1_35' title="bbox 44 2519 701 2571; baseline 0.008 -15"><span class='ocrx_word' id='word_1_180' title='bbox 44 2522 116 2571; x_wconf 83' lang='lat' dir='ltr'><strong>psit</strong></span> <span class='ocrx_word' id='word_1_181' title='bbox 158 2519 252 2558; x_wconf 88' lang='lat' dir='ltr'>haec</span> <span class='ocrx_word' id='word_1_182' title='bbox 298 2523 701 2562; x_wconf 74' lang='lat' dir='ltr'>Valckenaerius:</span> 
     </span>
     <span class='ocr_line' id='line_1_36' title="bbox 45 2576 701 2630; baseline 0.008 -17"><span class='ocrx_word' id='word_1_183' title='bbox 45 2578 210 2625; x_wconf 80' lang='lat' dir='ltr'>„Veram</span> <span class='ocrx_word' id='word_1_184' title='bbox 246 2576 308 2616; x_wconf 83' lang='lat' dir='ltr'>hic</span> <span class='ocrx_word' id='word_1_185' title='bbox 336 2579 470 2630; x_wconf 84' lang='lat' dir='ltr'>pandit</span> <span class='ocrx_word' id='word_1_186' title='bbox 504 2578 701 2618; x_wconf 78' lang='lat' dir='ltr'>historicus</span> 
     </span>
     <span class='ocr_line' id='line_1_37' title="bbox 42 2635 699 2686; baseline 0.006 -16"><span class='ocrx_word' id='word_1_187' title='bbox 42 2647 194 2671; x_wconf 80' lang='lat' dir='ltr'>causam</span> <span class='ocrx_word' id='word_1_188' title='bbox 210 2665 219 2681; x_wconf 91' lang='lat'>,</span> <span class='ocrx_word' id='word_1_189' title='bbox 249 2648 348 2686; x_wconf 84' lang='lat' dir='ltr'>quae</span> <span class='ocrx_word' id='word_1_190' title='bbox 375 2635 699 2677; x_wconf 79' lang='lat' dir='ltr'>Lacedaemonios</span> 
     </span>
     <span class='ocr_line' id='line_1_38' title="bbox 43 2692 699 2746; baseline 0.006 -20"><span class='ocrx_word' id='word_1_191' title='bbox 43 2698 236 2729; x_wconf 81' lang='lat' dir='ltr'>moveret:</span> <span class='ocrx_word' id='word_1_192' title='bbox 295 2692 539 2743; x_wconf 80' lang='lat' dir='ltr'>praecedeuti</span> <span class='ocrx_word' id='word_1_193' title='bbox 576 2695 699 2746; x_wconf 84' lang='lat' dir='ltr'>capite</span> 
     </span>
     <span class='ocr_line' id='line_1_39' title="bbox 42 2746 701 2788; baseline 0.006 -6"><span class='ocrx_word' id='word_1_194' title='bbox 42 2755 191 2785; x_wconf 85' lang='lat' dir='ltr'>narrata</span> <span class='ocrx_word' id='word_1_195' title='bbox 227 2746 321 2784; x_wconf 83' lang='lat' dir='ltr'>nihil</span> <span class='ocrx_word' id='word_1_196' title='bbox 361 2756 467 2786; x_wconf 87' lang='lat' dir='ltr'>erant</span> <span class='ocrx_word' id='word_1_197' title='bbox 497 2750 599 2787; x_wconf 84' lang='lat' dir='ltr'>aliud</span> <span class='ocrx_word' id='word_1_198' title='bbox 630 2752 701 2788; x_wconf 84' lang='lat' dir='ltr'>nisi</span> 
     </span>
     <span class='ocr_line' id='line_1_40' title="bbox 43 2806 701 2856; baseline 0.005 -16"><span class='ocrx_word' id='word_1_199' title='bbox 43 2806 206 2854; x_wconf 80' lang='lat' dir='ltr'>species,</span> <span class='ocrx_word' id='word_1_200' title='bbox 235 2817 352 2856; x_wconf 83' lang='lat' dir='ltr'>quam</span> <span class='ocrx_word' id='word_1_201' title='bbox 381 2819 471 2842; x_wconf 80' lang='lat' dir='ltr'>suae</span> <span class='ocrx_word' id='word_1_202' title='bbox 500 2814 701 2856; x_wconf 75' lang='lat' dir='ltr'>praetexe-</span> 
     </span>
    </p>
   </div>
   <div class='ocr_carea' id='block_1_8' title="bbox 758 1162 1438 2918">
    <p class='ocr_par' dir='ltr' id='par_1_9' title="bbox 758 1162 1438 2918">
     <span class='ocr_line' id='line_1_41' title="bbox 771 1162 1434 1211; baseline 0.005 -12"><span class='ocrx_word' id='word_1_203' title='bbox 771 1176 924 1200; x_wconf 79' lang='lat' dir='ltr'>causam</span> <span class='ocrx_word' id='word_1_204' title='bbox 941 1162 1220 1211; x_wconf 82' lang='lat' dir='ltr'>honestiore1u3</span> <span class='ocrx_word' id='word_1_205' title='bbox 1241 1163 1340 1202; x_wconf 90' lang='lat' dir='ltr'>hanc</span> <span class='ocrx_word' id='word_1_206' title='bbox 1359 1166 1434 1202; x_wconf 86' lang='lat' dir='ltr'>ita—</span> 
     </span>
     <span class='ocr_line' id='line_1_42' title="bbox 770 1221 1433 1272; baseline 0.002 -15"><span class='ocrx_word' id='word_1_207' title='bbox 770 1233 845 1272; x_wconf 85' lang='lat' dir='ltr'>que</span> <span class='ocrx_word' id='word_1_208' title='bbox 875 1221 998 1258; x_wconf 87' lang='lat' dir='ltr'>solam</span> <span class='ocrx_word' id='word_1_209' title='bbox 1026 1222 1067 1258; x_wconf 90' lang='lat' dir='ltr'>in</span> <span class='ocrx_word' id='word_1_210' title='bbox 1105 1223 1299 1259; x_wconf 86' lang='lat' dir='ltr'>sociorum</span> <span class='ocrx_word' id='word_1_211' title='bbox 1337 1235 1433 1259; x_wconf 83' lang='lat' dir='ltr'>con-</span> 
     </span>
     <span class='ocr_line' id='line_1_43' title="bbox 767 1278 1434 1316; baseline 0.001 -3"><span class='ocrx_word' id='word_1_212' title='bbox 767 1284 885 1314; x_wconf 82' lang='lat' dir='ltr'>ventu</span> <span class='ocrx_word' id='word_1_213' title='bbox 905 1285 1223 1316; x_wconf 84' lang='lat' dir='ltr'>commemorant.</span> <span class='ocrx_word' id='word_1_214' title='bbox 1263 1280 1351 1316; x_wconf 89' lang='lat' dir='ltr'>Non</span> <span class='ocrx_word' id='word_1_215' title='bbox 1364 1278 1434 1315; x_wconf 84' lang='lat' dir='ltr'>de—</span> 
     </span>
     <span class='ocr_line' id='line_1_44' title="bbox 768 1333 1431 1386; baseline 0.003 -16"><span class='ocrx_word' id='word_1_216' title='bbox 768 1334 902 1371; x_wconf 87' lang='lat' dir='ltr'>buerat</span> <span class='ocrx_word' id='word_1_217' title='bbox 920 1336 1050 1386; x_wconf 84' lang='lat' dir='ltr'>itaque</span> <span class='ocrx_word' id='word_1_218' title='bbox 1069 1333 1296 1373; x_wconf 77' lang='lat' dir='ltr'><strong>Plutarchus</strong></span> <span class='ocrx_word' id='word_1_219' title='bbox 1317 1337 1366 1373; x_wconf 89' lang='lat' dir='ltr'>T.</span> <span class='ocrx_word' id='word_1_220' title='bbox 1397 1337 1431 1372; x_wconf 85' lang='lat'>11</span> 
     </span>
     <span class='ocr_line' id='line_1_45' title="bbox 765 1391 1435 1441; baseline 0.004 -15"><span class='ocrx_word' id='word_1_221' title='bbox 765 1404 855 1441; x_wconf 83' lang='lat' dir='ltr'>pag.</span> <span class='ocrx_word' id='word_1_222' title='bbox 879 1393 960 1431; x_wconf 85' lang='grc'>860</span> <span class='ocrx_word' id='word_1_223' title='bbox 980 1393 1024 1428; x_wconf 89' lang='lat' dir='ltr'>F.</span> <span class='ocrx_word' id='word_1_224' title='bbox 1056 1391 1147 1430; x_wconf 88' lang='lat' dir='ltr'>hinc</span> <span class='ocrx_word' id='word_1_225' title='bbox 1175 1394 1291 1430; x_wconf 83' lang='lat' dir='ltr'>etiam</span> <span class='ocrx_word' id='word_1_226' title='bbox 1320 1405 1435 1429; x_wconf 84' lang='lat' dir='ltr'>occa-</span> 
     </span>
     <span class='ocr_line' id='line_1_46' title="bbox 769 1448 1438 1500; baseline 0.001 -15"><span class='ocrx_word' id='word_1_227' title='bbox 769 1449 918 1485; x_wconf 86' lang='lat' dir='ltr'>sionem</span> <span class='ocrx_word' id='word_1_228' title='bbox 982 1456 1133 1500; x_wconf 81' lang='lat' dir='ltr'>captare</span> <span class='ocrx_word' id='word_1_229' title='bbox 1196 1448 1438 1486; x_wconf 83' lang='lat' dir='ltr'>Herodotum</span> 
     </span>
     <span class='ocr_line' id='line_1_47' title="bbox 769 1503 1437 1554; baseline 0.003 -13"><span class='ocrx_word' id='word_1_230' title='bbox 769 1503 1038 1542; x_wconf 74' lang='lat' dir='ltr'>criininaudi.“</span> <span class='ocrx_word' id='word_1_231' title='bbox 1077 1522 1128 1534; x_wconf 89' lang='grc'>--·</span> <span class='ocrx_word' id='word_1_232' title='bbox 1166 1507 1343 1554; x_wconf 81' lang='lat' dir='ltr'>„Quales</span> <span class='ocrx_word' id='word_1_233' title='bbox 1365 1519 1437 1543; x_wconf 81' lang='lat' dir='ltr'>au-</span> 
     </span>
     <span class='ocr_line' id='line_1_48' title="bbox 767 1559 1436 1614; baseline 0.003 -16"><span class='ocrx_word' id='word_1_234' title='bbox 767 1568 848 1598; x_wconf 90' lang='lat' dir='ltr'>tem</span> <span class='ocrx_word' id='word_1_235' title='bbox 869 1559 930 1599; x_wconf 89' lang='lat' dir='ltr'>hic</span> <span class='ocrx_word' id='word_1_236' title='bbox 950 1563 1058 1600; x_wconf 91' lang='lat' dir='ltr'>nobis</span> <span class='ocrx_word' id='word_1_237' title='bbox 1072 1564 1244 1614; x_wconf 80' lang='lat' dir='ltr'>expingit</span> <span class='ocrx_word' id='word_1_238' title='bbox 1257 1562 1436 1600; x_wconf 86' lang='lat' dir='ltr'>Herodo-</span> 
     </span>
     <span class='ocr_line' id='line_1_49' title="bbox 767 1618 1437 1668; baseline 0.004 -14"><span class='ocrx_word' id='word_1_239' title='bbox 767 1625 826 1655; x_wconf 88' lang='lat' dir='ltr'>tus</span> <span class='ocrx_word' id='word_1_240' title='bbox 846 1618 1172 1657; x_wconf 88' lang='lat' dir='ltr'>Lacedaemonios</span> <span class='ocrx_word' id='word_1_241' title='bbox 1188 1650 1197 1668; x_wconf 94' lang='lat'>,</span> <span class='ocrx_word' id='word_1_242' title='bbox 1220 1621 1314 1657; x_wconf 87' lang='lat' dir='ltr'>tales</span> <span class='ocrx_word' id='word_1_243' title='bbox 1335 1627 1437 1657; x_wconf 78' lang='lat' dir='ltr'>certe</span> 
     </span>
     <span class='ocr_line' id='line_1_50' title="bbox 765 1675 1432 1714; baseline 0.004 -3"><span class='ocrx_word' id='word_1_244' title='bbox 765 1675 922 1713; x_wconf 80' lang='lat' dir='ltr'>fuerunt</span> <span class='ocrx_word' id='word_1_245' title='bbox 948 1677 1060 1713; x_wconf 87' lang='lat' dir='ltr'>rebus</span> <span class='ocrx_word' id='word_1_246' title='bbox 1091 1678 1328 1714; x_wconf 85' lang='lat' dir='ltr'>Graecorum</span> <span class='ocrx_word' id='word_1_247' title='bbox 1358 1676 1432 1714; x_wconf 90' lang='lat' dir='ltr'>flo-</span> 
     </span>
     <span class='ocr_line' id='line_1_51' title="bbox 764 1733 1430 1785; baseline 0.005 -17"><span class='ocrx_word' id='word_1_248' title='bbox 764 1733 947 1770; x_wconf 80' lang='lat' dir='ltr'>rentibus.</span> <span class='ocrx_word' id='word_1_249' title='bbox 996 1734 1179 1771; x_wconf 82' lang='lat' dir='ltr'>Graeciae</span> <span class='ocrx_word' id='word_1_250' title='bbox 1229 1735 1430 1785; x_wconf 83' lang='lat' dir='ltr'>principes,</span> 
     </span>
     <span class='ocr_line' id='line_1_52' title="bbox 766 1788 1431 1842; baseline 0.002 -17"><span class='ocrx_word' id='word_1_251' title='bbox 766 1802 885 1840; x_wconf 85' lang='lat' dir='ltr'>quam</span> <span class='ocrx_word' id='word_1_252' title='bbox 920 1788 1081 1827; x_wconf 85' lang='lat' dir='ltr'>oderant</span> <span class='ocrx_word' id='word_1_253' title='bbox 1121 1790 1227 1828; x_wconf 86' lang='lat' dir='ltr'>domi</span> <span class='ocrx_word' id='word_1_254' title='bbox 1256 1792 1431 1842; x_wconf 71' lang='lat' dir='ltr'>tyranni—</span> 
     </span>
     <span class='ocr_line' id='line_1_53' title="bbox 767 1845 1430 1893; baseline 0.002 -12"><span class='ocrx_word' id='word_1_255' title='bbox 767 1845 868 1893; x_wconf 86' lang='lat' dir='ltr'>dem,</span> <span class='ocrx_word' id='word_1_256' title='bbox 899 1847 939 1882; x_wconf 88' lang='lat' dir='ltr'>in</span> <span class='ocrx_word' id='word_1_257' title='bbox 960 1847 1087 1884; x_wconf 81' lang='lat' dir='ltr'>liberis</span> <span class='ocrx_word' id='word_1_258' title='bbox 1108 1849 1321 1884; x_wconf 74' lang='lat' dir='ltr'>civitatibus</span> <span class='ocrx_word' id='word_1_259' title='bbox 1342 1848 1430 1883; x_wconf 79' lang='lat' dir='ltr'>ubi—</span> 
     </span>
     <span class='ocr_line' id='line_1_54' title="bbox 765 1903 1429 1953; baseline 0.005 -16"><span class='ocrx_word' id='word_1_260' title='bbox 765 1915 840 1953; x_wconf 89' lang='lat' dir='ltr'>que</span> <span class='ocrx_word' id='word_1_261' title='bbox 852 1903 1089 1939; x_wconf 81' lang='lat' dir='ltr'>conabantur</span> <span class='ocrx_word' id='word_1_262' title='bbox 1101 1903 1324 1951; x_wconf 78' lang='lat' dir='ltr'>adfirmare3</span> <span class='ocrx_word' id='word_1_263' title='bbox 1338 1905 1429 1940; x_wconf 88' lang='lat' dir='ltr'>sub-</span> 
     </span>
     <span class='ocr_line' id='line_1_55' title="bbox 765 1959 1429 2010; baseline 0.005 -16"><span class='ocrx_word' id='word_1_264' title='bbox 765 1959 850 1995; x_wconf 78' lang='lat' dir='ltr'>ditis</span> <span class='ocrx_word' id='word_1_265' title='bbox 871 1966 979 1995; x_wconf 82' lang='lat' dir='ltr'>erant</span> <span class='ocrx_word' id='word_1_266' title='bbox 999 1961 1150 2010; x_wconf 87' lang='lat' dir='ltr'>superbi</span> <span class='ocrx_word' id='word_1_267' title='bbox 1171 1959 1338 2006; x_wconf 66' lang='lat' dir='ltr'>domini,</span> <span class='ocrx_word' id='word_1_268' title='bbox 1371 1961 1429 1997; x_wconf 72' lang='lat' dir='ltr'>vi-</span> 
     </span>
     <span class='ocr_line' id='line_1_56' title="bbox 765 2015 1429 2066; baseline 0.002 -15"><span class='ocrx_word' id='word_1_269' title='bbox 765 2015 872 2061; x_wconf 84' lang='lat' dir='ltr'>cinis,</span> <span class='ocrx_word' id='word_1_270' title='bbox 894 2028 989 2066; x_wconf 88' lang='lat' dir='ltr'>quos</span> <span class='ocrx_word' id='word_1_271' title='bbox 1011 2017 1223 2062; x_wconf 78' lang='lat' dir='ltr'>vexabant,</span> <span class='ocrx_word' id='word_1_272' title='bbox 1259 2017 1306 2054; x_wconf 83' lang='lat' dir='ltr'>ab</span> <span class='ocrx_word' id='word_1_273' title='bbox 1328 2018 1429 2053; x_wconf 76' lang='lat' dir='ltr'>anti-</span> 
     </span>
     <span class='ocr_line' id='line_1_57' title="bbox 765 2072 1428 2124; baseline 0.008 -18"><span class='ocrx_word' id='word_1_274' title='bbox 765 2072 954 2121; x_wconf 84' lang='lat' dir='ltr'>quissimis</span> <span class='ocrx_word' id='word_1_275' title='bbox 997 2074 1231 2124; x_wconf 72' lang='lat' dir='ltr'>temporibus</span> <span class='ocrx_word' id='word_1_276' title='bbox 1278 2086 1428 2123; x_wconf 71' lang='lat' dir='ltr'>graves,</span> 
     </span>
     <span class='ocr_line' id='line_1_58' title="bbox 761 2129 1429 2181; baseline 0.004 -18"><span class='ocrx_word' id='word_1_277' title='bbox 761 2129 966 2177; x_wconf 76' lang='lat' dir='ltr'>Messeniis,</span> <span class='ocrx_word' id='word_1_278' title='bbox 996 2131 1170 2177; x_wconf 76' lang='lat' dir='ltr'>Arcasin,</span> <span class='ocrx_word' id='word_1_279' title='bbox 1191 2131 1341 2181; x_wconf 70' lang='lat' dir='ltr'>Argivis</span> <span class='ocrx_word' id='word_1_280' title='bbox 1364 2144 1429 2166; x_wconf 89' lang='lat' dir='ltr'>ce-</span> 
     </span>
     <span class='ocr_line' id='line_1_59' title="bbox 762 2186 1426 2236; baseline 0.006 -16"><span class='ocrx_word' id='word_1_281' title='bbox 762 2186 953 2236; x_wconf 78' lang='lat' dir='ltr'>terisque3</span> <span class='ocrx_word' id='word_1_282' title='bbox 985 2187 1026 2222; x_wconf 89' lang='lat' dir='ltr'>in</span> <span class='ocrx_word' id='word_1_283' title='bbox 1057 2186 1163 2224; x_wconf 84' lang='lat' dir='ltr'>bellis</span> <span class='ocrx_word' id='word_1_284' title='bbox 1199 2194 1234 2224; x_wconf 91' lang='lat' dir='ltr'>et</span> <span class='ocrx_word' id='word_1_285' title='bbox 1263 2188 1426 2224; x_wconf 87' lang='lat' dir='ltr'>societa-</span> 
     </span>
     <span class='ocr_line' id='line_1_60' title="bbox 762 2242 1426 2295; baseline 0.003 -18"><span class='ocrx_word' id='word_1_286' title='bbox 762 2242 860 2278; x_wconf 84' lang='lat' dir='ltr'>tibus</span> <span class='ocrx_word' id='word_1_287' title='bbox 881 2242 1058 2280; x_wconf 85' lang='lat' dir='ltr'>ineundis</span> <span class='ocrx_word' id='word_1_288' title='bbox 1076 2244 1168 2281; x_wconf 85' lang='lat' dir='ltr'>utile</span> <span class='ocrx_word' id='word_1_289' title='bbox 1197 2245 1426 2295; x_wconf 75' lang='lat' dir='ltr'>pleriunqne</span> 
     </span>
     <span class='ocr_line' id='line_1_61' title="bbox 762 2296 1425 2351; baseline 0.006 -17"><span class='ocrx_word' id='word_1_290' title='bbox 762 2296 928 2335; x_wconf 77' lang='lat' dir='ltr'>honestis</span> <span class='ocrx_word' id='word_1_291' title='bbox 958 2301 1254 2351; x_wconf 82' lang='lat' dir='ltr'>anteponebant.</span> <span class='ocrx_word' id='word_1_292' title='bbox 1314 2300 1425 2338; x_wconf 85' lang='lat' dir='ltr'>The-</span> 
     </span>
     <span class='ocr_line' id='line_1_62' title="bbox 762 2355 1424 2405; baseline 0.006 -14"><span class='ocrx_word' id='word_1_293' title='bbox 762 2355 868 2392; x_wconf 84' lang='lat' dir='ltr'>banis</span> <span class='ocrx_word' id='word_1_294' title='bbox 880 2357 1066 2393; x_wconf 75' lang='lat' dir='ltr'>auxilium</span> <span class='ocrx_word' id='word_1_295' title='bbox 1078 2358 1262 2405; x_wconf 75' lang='lat' dir='ltr'>ferebant,</span> <span class='ocrx_word' id='word_1_296' title='bbox 1278 2364 1318 2394; x_wconf 82' lang='lat' dir='ltr'>ut</span> <span class='ocrx_word' id='word_1_297' title='bbox 1330 2359 1424 2395; x_wconf 83' lang='lat' dir='ltr'>scri—</span> 
     </span>
     <span class='ocr_line' id='line_1_63' title="bbox 764 2412 1423 2464; baseline 0.009 -17"><span class='ocrx_word' id='word_1_298' title='bbox 764 2412 816 2448; x_wconf 85' lang='lat' dir='ltr'>bit</span> <span class='ocrx_word' id='word_1_299' title='bbox 836 2412 993 2450; x_wconf 88' lang='lat' dir='ltr'>Diodor.</span> <span class='ocrx_word' id='word_1_300' title='bbox 1014 2414 1092 2451; x_wconf 77' lang='lat' dir='ltr'>Sic.</span> <span class='ocrx_word' id='word_1_301' title='bbox 1116 2416 1184 2462; x_wconf 75' lang='lat' dir='ltr'>XI,</span> <span class='ocrx_word' id='word_1_302' title='bbox 1207 2417 1272 2455; x_wconf 82' lang='grc'>81.</span> <span class='ocrx_word' id='word_1_303' title='bbox 1307 2415 1423 2464; x_wconf 83' lang='grc' dir='ltr'><strong><em>νομί-</em></strong></span> 
     </span>
     <span class='ocr_line' id='line_1_64' title="bbox 763 2466 1419 2522; baseline 0.005 -16"><span class='ocrx_word' id='word_1_304' title='bbox 763 2469 892 2516; x_wconf 83' lang='grc' dir='ltr'><strong><em>ζοντες</em></strong></span> <span class='ocrx_word' id='word_1_305' title='bbox 911 2466 981 2516; x_wconf 63' lang='grc' dir='ltr'>τάς</span> <span class='ocrx_word' id='word_1_306' title='bbox 1007 2467 1167 2522; x_wconf 77' lang='grc' dir='ltr'><strong><em>Θήβας,</em></strong></span> <span class='ocrx_word' id='word_1_307' title='bbox 1199 2468 1271 2510; x_wconf 69' lang='grc' dir='ltr'>ἕοὲν</span> <span class='ocrx_word' id='word_1_308' title='bbox 1297 2466 1419 2521; x_wconf 60' lang='grc' dir='ltr'><strong><em>αὐξή-</em></strong></span> 
     </span>
     <span class='ocr_line' id='line_1_65' title="bbox 761 2522 1422 2582; baseline 0.005 -19"><span class='ocrx_word' id='word_1_309' title='bbox 761 2538 904 2573; x_wconf 84' lang='grc' dir='ltr'><strong><em>σωσιν,</em></strong></span> <span class='ocrx_word' id='word_1_310' title='bbox 937 2525 1099 2566; x_wconf 71' lang='grc' dir='ltr'><strong><em>ἔσεσθαι</em></strong></span> <span class='ocrx_word' id='word_1_311' title='bbox 1121 2523 1273 2582; x_wconf 75' lang='grc' dir='ltr'><strong><em>τῇτῶν</em></strong></span> <span class='ocrx_word' id='word_1_312' title='bbox 1300 2522 1422 2578; x_wconf 76' lang='grc' dir='ltr'>Ἀθη-</span> 
     </span>
     <span class='ocr_line' id='line_1_66' title="bbox 759 2578 1418 2632; baseline 0.005 -13"><span class='ocrx_word' id='word_1_313' title='bbox 759 2582 887 2620; x_wconf 65' lang='lat' dir='ltr'>mxima»</span> <span class='ocrx_word' id='word_1_314' title='bbox 914 2578 1045 2632; x_wconf 68' lang='grc' dir='ltr'><strong><em>ὥσπερ</em></strong></span> <span class='ocrx_word' id='word_1_315' title='bbox 1079 2580 1286 2623; x_wconf 71' lang='grc' dir='ltr'><strong><em>ἐντίπολίν</em></strong></span> <span class='ocrx_word' id='word_1_316' title='bbox 1319 2599 1418 2622; x_wconf 75' lang='grc' dir='ltr'><strong><em>τινα.</em></strong></span> 
     </span>
     <span class='ocr_line' id='line_1_67' title="bbox 758 2638 1420 2690; baseline 0 -14"><span class='ocrx_word' id='word_1_317' title='bbox 758 2638 984 2676; x_wconf 73' lang='lat' dir='ltr'>secuudum</span> <span class='ocrx_word' id='word_1_318' title='bbox 1014 2640 1252 2687; x_wconf 82' lang='lat' dir='ltr'>Herodotum</span> <span class='ocrx_word' id='word_1_319' title='bbox 1274 2641 1420 2690; x_wconf 80' lang='lat' dir='ltr'>cogita-</span> 
     </span>
     <span class='ocr_line' id='line_1_68' title="bbox 759 2690 1417 2747; baseline 0.003 -17"><span class='ocrx_word' id='word_1_320' title='bbox 759 2696 860 2742; x_wconf 77' lang='lat' dir='ltr'>bant,</span> <span class='ocrx_word' id='word_1_321' title='bbox 866 2690 1032 2746; x_wconf 73' lang='lat' dir='ltr'>populum</span> <span class='ocrx_word' id='word_1_322' title='bbox 1041 2691 1291 2742; x_wconf 68' lang='lat' dir='ltr'>Atlietziensem,</span> <span class='ocrx_word' id='word_1_323' title='bbox 1303 2710 1417 2747; x_wconf 75' lang='lat' dir='ltr'>quem</span> 
     </span>
     <span class='ocr_line' id='line_1_69' title="bbox 758 2749 1415 2803; baseline 0.006 -16"><span class='ocrx_word' id='word_1_324' title='bbox 758 2758 858 2788; x_wconf 74' lang='lat' dir='ltr'>certe</span> <span class='ocrx_word' id='word_1_325' title='bbox 869 2753 1050 2790; x_wconf 78' lang='lat' dir='ltr'>nolebant</span> <span class='ocrx_word' id='word_1_326' title='bbox 1069 2755 1138 2790; x_wconf 82' lang='lat' dir='ltr'>sibi</span> <span class='ocrx_word' id='word_1_327' title='bbox 1160 2749 1415 2803; x_wconf 40' lang='lat' dir='ltr'>&amp;nicoeno-s,</span> 
     </span>
     <span class='ocr_line' id='line_1_70' title="bbox 758 2808 1417 2859; baseline 0.003 -16"><span class='ocrx_word' id='word_1_328' title='bbox 758 2821 952 2857; x_wconf 71' lang='lat' dir='ltr'>oppressum</span> <span class='ocrx_word' id='word_1_329' title='bbox 991 2823 1014 2846; x_wconf 87' lang='lat' dir='ltr'><strong><em>a</em></strong></span> <span class='ocrx_word' id='word_1_330' title='bbox 1035 2813 1206 2859; x_wconf 76' lang='lat' dir='ltr'>tyranno,</span> <span class='ocrx_word' id='word_1_331' title='bbox 1243 2808 1417 2846; x_wconf 83' lang='lat' dir='ltr'>futurum</span> 
     </span>
     <span class='ocr_line' id='line_1_71' title="bbox 758 2859 1417 2918; baseline 0.003 -15"><span class='ocrx_word' id='word_1_332' title='bbox 758 2859 926 2911; x_wconf 69' lang='grc' dir='ltr'><strong><em>οἷσθενὲς</em></strong></span> <span class='ocrx_word' id='word_1_333' title='bbox 956 2865 1019 2904; x_wconf 79' lang='grc' dir='ltr'>καὶ</span> <span class='ocrx_word' id='word_1_334' title='bbox 1041 2865 1347 2918; x_wconf 69' lang='grc' dir='ltr'><strong><em>πειθαρχέεσθαι</em></strong></span> <span class='ocrx_word' id='word_1_335' title='bbox 1368 2862 1417 2905; x_wconf 78' lang='grc' dir='ltr'>-ἔ-</span> 
     </span>
    </p>
   </div>
   <div class='ocr_carea' id='block_1_9' title="bbox 1415 765 1713 1072">
    <p class='ocr_par' dir='ltr' id='par_1_10' title="bbox 1415 765 1713 1072">
     <span class='ocr_line' id='line_1_72' title="bbox 1441 765 1696 794; baseline 0.008 -2"><span class='ocrx_word' id='word_1_336' title='bbox 1441 773 1480 792; x_wconf 87' lang='lat' dir='ltr'>ne</span> <span class='ocrx_word' id='word_1_337' title='bbox 1500 765 1635 794; x_wconf 77' lang='lat' dir='ltr'>Athenae</span> <span class='ocrx_word' id='word_1_338' title='bbox 1662 767 1696 794; x_wconf 88' lang='lat' dir='ltr'>li-</span> 
     </span>
     <span class='ocr_line' id='line_1_73' title="bbox 1442 799 1713 828; baseline 0.011 -3"><span class='ocrx_word' id='word_1_339' title='bbox 1442 799 1561 827; x_wconf 84' lang='lat' dir='ltr'>bertate</span> <span class='ocrx_word' id='word_1_340' title='bbox 1570 800 1713 828; x_wconf 68' lang='lat' dir='ltr'>florentes</span> 
     </span>
     <span class='ocr_line' id='line_1_74' title="bbox 1439 833 1697 872; baseline 0.012 -13"><span class='ocrx_word' id='word_1_341' title='bbox 1439 833 1569 872; x_wconf 74' lang='lat' dir='ltr'>Spartae</span> <span class='ocrx_word' id='word_1_342' title='bbox 1596 835 1697 869; x_wconf 79' lang='lat' dir='ltr'>perni—</span> 
     </span>
     <span class='ocr_line' id='line_1_75' title="bbox 1439 868 1701 905; baseline 0.008 -12"><span class='ocrx_word' id='word_1_343' title='bbox 1439 875 1518 905; x_wconf 74' lang='lat' dir='ltr'>ciem</span> <span class='ocrx_word' id='word_1_344' title='bbox 1543 868 1701 896; x_wconf 83' lang='lat' dir='ltr'>adferrent</span> 
     </span>
     <span class='ocr_line' id='line_1_76' title="bbox 1415 900 1696 944; baseline 0.014 -18"><span class='ocrx_word' id='word_1_345' title='bbox 1415 900 1582 944; x_wconf 81' lang='lat' dir='ltr'>5H1ppiam</span> <span class='ocrx_word' id='word_1_346' title='bbox 1603 901 1696 937; x_wconf 82' lang='lat' dir='ltr'>Sigeo</span> 
     </span>
     <span class='ocr_line' id='line_1_77' title="bbox 1437 936 1693 970; baseline 0.008 -9"><span class='ocrx_word' id='word_1_347' title='bbox 1437 936 1618 963; x_wconf 77' lang='lat' dir='ltr'>arcessitum</span> <span class='ocrx_word' id='word_1_348' title='bbox 1653 937 1693 970; x_wconf 76' lang='lat' dir='ltr'>[e.</span> 
     </span>
     <span class='ocr_line' id='line_1_78' title="bbox 1438 969 1698 1004; baseline 0.004 -9"><span class='ocrx_word' id='word_1_349' title='bbox 1438 969 1496 1003; x_wconf 63' lang='grc' dir='ltr'>δᾶ]</span> <span class='ocrx_word' id='word_1_350' title='bbox 1517 969 1549 996; x_wconf 83' lang='grc' dir='ltr'>ἰιι</span> <span class='ocrx_word' id='word_1_351' title='bbox 1576 969 1698 1004; x_wconf 80' lang='lat' dir='ltr'>tyranni</span> 
     </span>
     <span class='ocr_line' id='line_1_79' title="bbox 1439 1002 1696 1031; baseline 0.004 -2"><span class='ocrx_word' id='word_1_352' title='bbox 1439 1002 1508 1029; x_wconf 86' lang='lat' dir='ltr'>dem</span> <span class='ocrx_word' id='word_1_353' title='bbox 1528 1004 1696 1031; x_wconf 78' lang='lat' dir='ltr'>restituere</span> 
     </span>
     <span class='ocr_line' id='line_1_80' title="bbox 1440 1036 1688 1072; baseline 0.012 -9"><span class='ocrx_word' id='word_1_354' title='bbox 1440 1036 1581 1072; x_wconf 77' lang='lat' dir='ltr'>cogitant.</span> <span class='ocrx_word' id='word_1_355' title='bbox 1628 1037 1688 1066; x_wconf 87' lang='lat' dir='ltr'>Sed</span> 
     </span>
    </p>
   </div>
  </div>
 </body>
</html>
