1815 3181
117 312 200 340 cuius
223 311 316 339 filiam

117 346 283 374 Pausanias
305 345 373 372 Cle-

116 380 242 407 ombroti
260 378 392 414 postilla

115 413 146 441 in
170 413 391 440 matrimonium

115 446 391 515 {sisausa

115 514 215 541 mittit.

319 974 383 1018 33

112 1037 290 1073 Assumpfis,

111 1075 235 1108 praeter
252 1071 366 1098 Arista-

110 1113 226 1141 goram,
253 1113 350 1141 penes

111 1147 198 1174 quem
221 1146 336 1166 summa

109 1181 221 1208 rerum,
251 1171 386 1199 exercitu

110 1206 208 1234 lonico
233 1210 327 1243 atque

446 192 502 231 5⁰

851 186 1317 225 HERODOTI

450 302 567 352 ρεῖος
604 296 794 352 ἐγένετο,
834 294 1190 350 παρεσκευάσατο
1228 297 1307 353 μὲν
1340 298 1562 353 διηκοσίας
1592 297 1711 353 τριή-

449 382 574 420 ρεας,
604 362 769 408 πολλὸν
798 363 844 406 δὲ
873 362 1012 418 κάρτα
1040 363 1197 419 ὅμιλον
1220 366 1426 420 Περσέων
1456 381 1499 409 τε
1527 366 1711 410 καὶτῶν

448 434 594 478 ἄλλων
633 430 894 487 συμμάχων·
944 430 1188 488 στρατηγόν
1227 433 1274 476 δὲ
1311 433 1501 475 τουτέων
1538 432 1767 484 άπέδεξε7ο

449 499 728 558 Μεγαβάτην,
762 498 902 556 ἄνδρα
932 500 1109 556 Πέρσην
1127 503 1217 544 τῶν
1240 498 1577 556 Ἀχαιμενιδέων,
1607 500 1712 546 ἑωυ-

445 573 527 614 τοῦ
565 584 609 613 τε
650 567 724 611 καὶ
763 569 958 622 Δαρείου
999 566 1203 620 ἀνεψιόν·
1255 571 1334 612 τοῦ
1389 569 1646 624 Παυσανίης
1686 566 1709 612 ὁ

445 635 762 692 Κλεομβρότεω
795 637 1165 692 Λακεδαιμόνιος,
1203 637 1240 678 εἰ
1274 635 1326 691 δὴ
1355 632 1523 692 ἀληθής
1550 652 1599 692 γε
1623 636 1712 681 ἐστὶ

446 704 470 749 ὁ
500 702 657 760 λόγος,
699 703 867 761 ’ὑστέρῳ
896 703 1043 762 χρόνῳ
1083 704 1251 749 τούτων
1278 703 1502 760 ἡρμόσατο
1530 704 1713 759 θυγατέ-

443 788 524 828 ρα,
564 771 703 827 ἔρωτα
743 768 861 826 σχών
899 776 973 827 τῆς
1011 771 1218 824 Ἑλλάδος
1247 772 1465 826 τύραννος
1494 773 1711 828 γενέσθαι.

414 838 660 891 Βάποδέξας
711 837 757 881 δὲ
799 839 1067 897 Μεγαβάτην
1117 839 1362 896 στρατηγὸν
1403 835 1767 898 Ἀρταφέρνης,75

444 906 663 951 ἀπέστειλε
692 905 769 949 τὸν
800 906 988 960 στρατόν
1017 907 1137 964 παρά
1168 908 1244 952 τὸν
1273 907 1596 963 Ἀρισταγόρεα.

529 971 810 1028 Παραλαβὼν
848 974 894 1017 δὲ
934 974 957 1018 ὁ
996 979 1262 1032 Μεγαβάτης
1301 976 1348 1019 ἐκ
1386 979 1462 1032 τῆς
1506 972 1710 1031 Μιλήτου

441 1040 520 1086 τόν
548 1058 593 1084 τε
620 1040 925 1097 Ἀρισταγόρεα
947 1044 1021 1086 καὶ
1043 1044 1123 1099 τήν
1149 1043 1266 1088 Ἰάδα
1290 1043 1494 1100 στρατιὴν
1513 1043 1584 1086 καὶ
1607 1042 1711 1094 τοὺς

413 1111 641 1161 ΞΝαξίους
654 1142 664 1161 ,

709 1109 828 1153 ἔπλεε
867 1110 1092 1167 πρόφασιν
1133 1109 1205 1154 ἐπ’
1235 1111 1568 1167 Ἑλλησπόντου.
1618 1110 1712 1155 ἐπεί

442 1194 487 1222 τε
517 1178 563 1221 δὲ
591 1176 757 1232 ἐγένετο
787 1176 834 1220 έν
863 1179 979 1235 Χίῳ,
1019 1180 1112 1236 ἔσχε
1148 1179 1226 1230 τὰς
1262 1178 1363 1230 νέας
1407 1179 1449 1230 ἐς
1480 1178 1709 1231 Καύκασα,
1722 1184 1767 1218 80

1496 1253 1521 1264 ss.
1546 1256 1560 1261 ω
1579 1256 1612 1263 οη·
1633 1241 1681 1265 ,νβ’
1697 1261 1707 1269 .-

381 1351 494 1389 tionis
541 1349 755 1387 istiusmodi
795 1351 1050 1389 instituendae
1107 1353 1145 1388 in
1159 1365 1246 1388 ann.
1262 1351 1345 1393 477
1358 1365 1392 1389 a.
1407 1351 1495 1390 Chr.
1506 1366 1546 1390 n.
1561 1366 1592 1390 s.
1611 1353 1765 1405 olymp.

383 1409 493 1458 copia
515 1407 586 1457 ipsi
606 1406 724 1443 fieret.
755 1429 812 1435 —
869 1410 913 1444 Iu
941 1422 1048 1461 seqq.

383 1459 613 1515 συμμάχους
643 1463 739 1500 dixit
771 1466 907 1502 milites
927 1468 1048 1503 socios

384 1522 430 1558 ab
451 1521 587 1556 Ionicis
608 1520 819 1558 civitatibus
840 1523 900 1559 vel
921 1524 1046 1573 potius

385 1590 517 1614 earum
545 1578 714 1627 tyrannis
744 1579 825 1628 regi
864 1578 912 1615 ad
945 1578 1044 1617 hanc

385 1633 669 1685 expeditionem
688 1635 842 1683 missos3
873 1636 974 1673 conf.
998 1638 1043 1684 V,

384 1693 451 1731 37.
511 1691 595 1735 Quo
633 1690 770 1727 eodem
810 1693 932 1730 refero
970 1690 1045 1744 τήν

382 1742 496 1785 Ἰάδα
519 1744 719 1799 στρατιήν,
742 1749 847 1786 cuius
868 1750 911 1786 fit
931 1763 1045 1787 men-

382 1804 435 1840 tio
457 1802 503 1850 V,
527 1806 597 1844 33.

440 1868 657 1923 στρατηγόν
709 1869 752 1910 δὲ
808 1871 1043 1913 τουτέων

392 1922 635 1978 ἀπέδεξε]
683 1927 855 1968 τουτέων
905 1931 1042 1982 reliqui

388 1985 596 2032 intactum,
638 1997 728 2021 cum
770 1984 819 2022 ad
858 1983 1044 2038 τριήρεας

383 2040 579 2077 referatur.
637 2039 699 2077 Ad
728 2042 849 2092 ipsam
879 2044 1044 2080 locutio-

382 2109 474 2132 nem
513 2098 561 2132 H.
607 2097 729 2148 Apetz
775 2100 921 2136 confert
961 2101 1042 2147 VII,

384 2155 489 2193 236:
544 2155 617 2192 τοῦ
646 2157 838 2193 ναυτικοῦ
872 2158 1044 2206 στρατοῦ

384 2206 598 2261 στρατηγός
632 2216 669 2246 et
702 2210 800 2258 VIII,
828 2215 927 2252 102:
970 2214 1044 2250 τοῦ

384 2267 577 2303 ναυτικοῦ
608 2266 918 2317 στρατηγέοντες.
977 2269 1043 2305 Tu

384 2320 472 2358 add.
492 2322 555 2369 IV,
581 2323 658 2362 166
679 2329 716 2358 et
737 2322 784 2358 de
806 2325 923 2361 verbo
944 2320 1044 2364 ἀπέ-

385 2378 469 2426 δεξε
489 2384 583 2414 nott.
606 2376 656 2414 ad
674 2378 718 2425 V,
750 2379 818 2420 25.

443 2455 479 2496 εἰ
498 2454 548 2508 δή
579 2451 739 2507 άληθής
766 2471 809 2508 γε
830 2456 909 2496 ἐστὶ
935 2456 955 2497 ὅ
974 2455 1044 2498 λό-

385 2513 489 2564 γος]
531 2511 610 2552 ἐστὶ
633 2526 721 2550 cum
754 2512 974 2563 Schweigh.
1006 2521 1043 2552 et

385 2570 502 2606 Gaisf.
534 2583 554 2606 e
583 2570 801 2607 melioribus
831 2570 942 2607 codd.
974 2570 1044 2608 ad-

384 2627 486 2664 scivi.
547 2627 681 2664 Omisit
701 2626 896 2665 Schaefer.
929 2628 1043 2664 item-

385 2696 461 2734 que
490 2682 684 2721 Matthiae.
751 2683 889 2721 Incidit
915 2691 1043 2721 autem

388 2737 459 2776 hoc
490 2740 528 2775 in
551 2753 595 2776 ea
614 2747 807 2791 tempora,
841 2753 939 2792 quae
960 2742 1044 2777 He-

388 2795 512 2832 rodoti
550 2795 741 2834 excedunt
770 2798 1039 2846 narraflonem,

1106 1412 1173 1456 76,
1213 1412 1247 1448 1.
1305 1409 1393 1445 vid.
1421 1408 1655 1447 Dahlmann.
1682 1411 1765 1446 He-

1105 1465 1187 1502 rod.
1210 1478 1298 1516 pag.
1320 1467 1386 1506 38.
1436 1467 1493 1503 Ac
1511 1468 1651 1517 legitur
1680 1467 1765 1517 epi-

1102 1523 1218 1569 stola,
1241 1521 1317 1573 quit
1336 1523 1540 1560 Pausanias
1561 1524 1764 1560 Persarum

1102 1581 1200 1629 regis
1213 1579 1330 1615 filiam
1340 1581 1448 1629 petiit
1460 1587 1638 1631 nuptum,
1661 1578 1764 1630 apud

1101 1635 1376 1687 Thucydidem
1395 1638 1424 1684 Ι,
1450 1639 1540 1683 128,
1562 1650 1679 1690 quem
1700 1637 1763 1673 alii

1100 1699 1311 1744 sequuntur
1319 1706 1448 1729 rerum
1466 1694 1677 1744 scriptores.
1697 1693 1764 1730 Tu

1102 1749 1181 1787 vid.
1212 1750 1295 1786 Van
1327 1742 1512 1787 Staveden
1541 1750 1590 1787 ad
1611 1750 1764 1787 Cornel-

1099 1807 1237 1857 Nepot.
1255 1806 1419 1843 Pausan'.
1435 1810 1541 1847 2.—
1560 1808 1655 1844 Mox
1667 1802 1765 1846 τού-

1100 1878 1179 1902 των
1191 1861 1278 1899 dedi
1288 1876 1357 1913 pro
1370 1861 1554 1902 τουτέων.
1574 1865 1633 1901 De
1645 1862 1762 1902 verbo

1101 1916 1346 1970 ἁρμόζεσθαι
1392 1919 1560 1957 diximus
1609 1919 1658 1957 ad
1695 1920 1762 1967 ΙΠ,

1104 1979 1194 2016 137.
1230 1978 1275 2013 Iu
1296 1976 1373 2012 fine
1395 1989 1477 2027 cap.
1498 1990 1568 2027 pro
1588 1971 1762 2027 Ἀριστα-

1100 2029 1221 2084 γόρεα
1270 2034 1511 2070 Florentinus
1552 2046 1640 2070 cum
1680 2033 1762 2069 aliis

1097 2085 1397 2140 Ἀρισταγόρην,
1458 2102 1557 2140 quae
1603 2088 1761 2141 quidem

1098 2145 1275 2195 frequens
1298 2152 1352 2181 est
1371 2147 1614 2195 permutatio.
1661 2146 1761 2182 Gitat

1098 2200 1272 2237 Eustath.
1294 2200 1342 2238 ad
1361 2202 1405 2238 Il.
1426 2214 1514 2252 pag.
1536 2205 1630 2249 238,
1662 2204 1712 2242 18
1728 2215 1758 2238 s.

1102 2259 1194 2305 171,
1216 2259 1283 2297 31.

1280 2358 1372 2410 Cap.
1394 2359 1579 2396 xxxln.

1156 2455 1231 2510 τήν
1250 2455 1365 2499 Ἰάδα
1399 2457 1613 2514 στρατιήν]
1653 2457 1755 2497 conf.

1100 2522 1196 2552 nott.
1221 2515 1269 2553 ad
1290 2517 1333 2564 V,
1355 2519 1422 2558 32.

1156 2571 1241 2611 ἐπεί
1263 2588 1303 2612 τε
1332 2571 1375 2612 δὲ
1406 2571 1555 2624 ἐγένετο
1588 2586 1623 2611 κ.
1645 2585 1677 2610 τ.
1699 2570 1753 2618 L]

1098 2628 1124 2665 i.
1146 2641 1178 2665 e.
1201 2642 1278 2666 cum
1296 2629 1346 2667 ad
1361 2643 1391 2666 s.
1407 2642 1513 2681 prope
1537 2627 1659 2666 Chium
1672 2639 1754 2678 per-

1098 2687 1266 2733 venisset,
1306 2699 1410 2723 naves
1440 2687 1550 2724 tenuit
1575 2684 1625 2722 ad
1656 2683 1756 2721 Cau-

1100 2755 1184 2778 casa
1197 2770 1208 2789 ,
1237 2743 1317 2780 inde
1337 2742 1497 2792 aquilone
1517 2744 1617 2778 vento
1646 2740 1756 2779 traie-

1099 2801 1218 2836 cturus
1253 2801 1291 2837 in
1317 2797 1474 2839 Naxum.
1505 2796 1656 2850 ἐγένετο
1684 2807 1754 2848 pro
