1815 3181
421 197 477 238 52
838 189 1301 228 HERODOTI

392 305 472 349 4τὸ
511 306 646 360 σῶμα.
709 299 912 350 δεθέντος
948 298 994 342 δὲ
1031 302 1113 342 τοῦ
1153 299 1406 352 Σκύλακος,
1449 299 1686 355 ἐξαγγέλλει

423 389 488 423 τις
519 375 580 428 τῷ
607 366 914 424 Ἀρισταγόρῃ,
953 365 1022 410 ὅτι
1058 365 1138 410 τόν
1180 365 1322 419 ξεῖνόν
1361 368 1404 410 οἱ
1443 367 1522 410 τόν
1559 367 1745 412 Mdv-90

424 443 522 484 διον
553 435 813 494 Μεγαβάτης
843 434 976 492 δήσας
1004 436 1275 491 λυμαίνοιτο.
1316 434 1340 478 ὁ
1371 433 1414 478 δ’
1445 434 1589 478 ἐλθών
1607 450 1688 478 πα-

422 505 613 563 ραιτέετο
656 504 734 548 τὸν
773 504 973 560 Πέρσην·
1022 500 1247 559 τυγχάνων
1295 502 1340 546 δὲ
1378 500 1563 554 ου’δενός
1602 507 1691 547 τῶν

394 573 587 624 δέδέετο,
628 571 762 623 αὐτὸς
791 570 932 615 έλθιὸν
969 571 1105 614 ἔλυσε.
1143 569 1397 626 πυθόμενος
1435 569 1504 622 δὲ,
1554 568 1692 626 κάρτα

417 640 570 685 ’δεινὸν
601 639 832 697 ἐποιήσατο
864 639 887 684 ὁ
919 638 1204 696 Μεγαβάτης,
1251 638 1327 682 καὶ
1367 637 1593 694 ἐσπέρχετο
1630 642 1692 696 τῷ

419 707 718 765 Ἀρισταγόρῃ.
761 708 784 751 ὁ
816 707 862 752 δὲ
893 705 1001 750 εἷπε·
1034 707 1148 760 ,,Σοὶ
1175 705 1221 749 δὲ
1251 706 1325 749 καὶ
1357 705 1552 749 τούτοισι
1581 709 1749 749 τοῖσι95

423 774 672 832 ,,πρη’γμασι
692 777 734 818 τί
763 774 875 826 ἔστω
904 773 958 817 οὐ
981 774 1026 817 σὲ
1041 773 1260 817 ἀπέστειλε
1280 773 1573 829 Ἀρταφέρνης
1589 773 1689 830 ἐμέο
1747 778 1815 818 38ξ

424 844 708 896 ,,πείθεσθαι,
740 843 814 886 καὶ
850 842 994 885 πλέειν
1026 844 1080 898 τῇ
1111 839 1167 884 ἂν
1196 839 1279 895 ἐγώ
1308 839 1486 892 κελεύως
1517 843 1558 884 τί
1587 845 1690 885 πολ-

395 911 510 964 6,,λοὶ
538 910 807 968 πρήσσειςςιί
843 914 991 954 Ταῦτα
1016 907 1106 953 εἷπε
1126 906 1444 965 Ἀρισταγόρης.
1479 908 1502 953 ὁ
1527 910 1585 960 δὲ,
1615 916 1694 954 θυ-

423 980 584 1035 μωθεὶς
611 977 829 1030 τούτοισι,
860 976 919 1029 ὥς
948 978 1027 1030 νύξ
1057 978 1250 1034 ἐγένετο,
1282 976 1439 1032 ἔπεμπε
1468 977 1510 1028 ἐς
1540 978 1693 1031 Νάξον

423 1049 562 1105 πλοίῳ
594 1045 758 1103 ἄνδρας
789 1045 1042 1103 φράσοντας
1072 1051 1185 1089 τοῖσι
1215 1046 1422 1096 Ναξίοισι
1459 1044 1603 1090 πάντα
1639 1044 1692 1090 τοὶ

300 1119 366 1163 34
422 1113 644 1170 παρεόντα
685 1124 765 1170 σφι
799 1112 1042 1169 πρήγματα.
1104 1115 1160 1156 Οἵ
1193 1112 1279 1168 γάρ
1319 1109 1382 1156 οἷν
1411 1113 1572 1166 Νάξιοι
1611 1111 1720 1157 oti-1

94 1185 136 1247 ἐξ
153 1183 341 1245 31ῗὸἰῇζῇᾞῆ
429 1182 503 1226 ὀὲν
543 1182 717 1233 πάντως
761 1182 1082 1236 προσεδέκοντο
1125 1180 1192 1224 ἐπὶ
1243 1182 1380 1237 σφέας
1416 1182 1495 1225 τόν
1536 1181 1694 1225 στόλον

426 1253 589 1294 τοῦτον
608 1247 904 1306 ὁρμήσεσθαι.“
935 1249 1024 1293 ἐπεὶ
1056 1249 1135 1305 μέν
1164 1265 1233 1292 τοι
1262 1248 1505 1301 ἐπύθοντο,
1537 1247 1695 1293 αὐτίκα

94 1251 286 1281 tolerandam

95 1290 222 1313 strenue
246 1294 279 1312 se
298 1292 352 1320 pa-

429 1318 508 1374 μὲν
548 1317 820 1361 ἐσενείκαντο
866 1316 919 1360 τοὶ
957 1317 1005 1361 ἐκ
1042 1320 1132 1361 τῶν
1174 1315 1327 1371 ἀγρῶν
1367 1317 1409 1367 ἐς
1450 1316 1500 1360 τό
1541 1321 1692 1373 τεῖχος,

95 1325 179 1348 rant:
202 1327 260 1355 quo
274 1318 317 1351 fit,
338 1321 373 1346 ut

96 1354 212 1382 Persae
224 1374 232 1388 ,
257 1361 324 1380 cum

368 1490 496 1529 Rhod.
523 1493 589 1539 ΙΙΙ,
626 1492 721 1533 516.
762 1491 876 1529 Pind.
917 1494 1030 1529 Nem.

370 1550 400 1595 1,
421 1548 488 1589 59.
531 1547 634 1586 Add.
655 1548 796 1586 Herod.
818 1551 852 1593 Ι,
874 1552 927 1590 32
947 1550 1032 1586 init.

369 1606 451 1651 vll,
491 1607 594 1650 207,
642 1606 709 1641 ubi
737 1604 1033 1642 Valckeuaerius

371 1667 567 1712 praeterea
598 1663 777 1698 excitavit
808 1661 1034 1699 Callimach.

370 1719 411 1754 in
430 1718 593 1767 De1.60;
613 1717 779 1770 Hesych.
800 1733 830 1756 s.
850 1732 908 1766 v.3
928 1718 1035 1756 Pha-

370 1775 571 1821 vofinmn,
599 1777 666 1833 qui
685 1787 806 1827 aeque
831 1788 874 1812 ao
896 1775 1034 1813 Suidas

373 1829 586 1882 σπερχθεὶς
616 1833 776 1882 exponit
805 1832 1033 1884 ταραχθεὶς,

372 1886 599 1938 θυμωθείς.

431 1942 507 1982 Σοὶ
536 1940 579 1982 δὲ
614 1942 683 1983 καὶ
713 1940 891 1984 τούτοισι
934 1948 1036 1984 τοῖσι

375 1997 579 2050 πρήγμασι
597 2001 634 2038 τί
657 1999 763 2049 ἐστι]
785 2003 856 2038 i.-e.
877 2001 946 2039 tibi
957 2014 1036 2038 vero

375 2059 407 2091 et
440 2056 495 2092 leis
524 2056 625 2092 rebus
655 2056 943 2106 quid‘commune
974 2063 1036 2105 est,

375 2111 501 2159 ecquid
520 2111 571 2148 acl
591 2115 624 2148 te
638 2114 811 2161 pertinent
829 2113 926 2159 haec,
953 2113 1038 2162 quid

374 2168 445 2204 *tibi
465 2169 518 2204 rei
534 2181 562 2204 s.
591 2171 727 2216 negotii
753 2181 830 2205 cum
855 2169 948 2205 hisce
975 2173 1037 2206 est.

378 2223 485 2268 Quae
506 2222 811 2271 Valckenaerius,
832 2237 926 2261 voce
937 2229 1038 2264 τοῖσι

377 2292 529 2330 prorsus
542 2279 672 2327 eiecta,
684 2282 735 2317 ita
746 2282 922 2317 constitui
933 2282 1036 2318 vult:

380 2334 442 2375 σοὶ
468 2333 511 2375 δὲ
530 2336 598 2374 καὶ
617 2332 795 2375 τούτοισι
820 2340 955 2388 πρῆγ
972 2352 1037 2387 μα

378 2392 416 2430 τί
441 2391 541 2439 ἔστω
574 2392 672 2434 Quid
693 2405 774 2429 vero
795 2394 863 2429 tibi
886 2406 962 2430 cum
982 2394 1038 2430 his

380 2452 430 2485 est
447 2449 609 2498 negotii?
626 2450 762 2485 Latina
782 2449 971 2500 quaedam
979 2450 1039 2486 as-

381 2505 504 2542 serens
523 2506 693 2557 itemque
714 2506 870 2552 Graeca,
892 2507 931 2542 iu
952 2507 1039 2557 qui—

381 2562 451 2598 bus
472 2559 542 2598 hac
562 2562 599 2598 in
620 2562 810 2598 locutione
840 2563 902 2598 vel
930 2562 1041 2599 addi-

382 2624 466 2654 tum
513 2619 573 2655 vel
621 2619 803 2655 omissum
853 2620 1042 2656 invenitur

383 2676 559 2725 πρᾶγμα.
605 2674 798 2726 Equidem
818 2675 920 2712 libris
940 2676 1042 2712 invi-

384 2731 429 2766 tis
444 2729 537 2766 nihil
558 2731 767 2783 quidquam
776 2739 906 2768 muto:
928 2744 1041 2782 prae-

384 2788 511 2824 sertim
540 2801 661 2839 quum
680 2789 794 2825 simili
823 2787 939 2825 modo
959 2790 1041 2825 No—

1087 1499 1208 1529 strum
1226 1492 1399 1528 locutum
1416 1504 1499 1529 esse
1532 1490 1686 1528 videam
1703 1490 1750 1535 V,

1089 1549 1155 1597 84,
1178 1562 1295 1600 quem
1314 1550 1445 1586 locum
1464 1547 1542 1584 un&
1562 1561 1651 1585 cum
1669 1548 1750 1584 aliis

1090 1604 1222 1642 laudat
1250 1605 1386 1642 Matth.
1418 1606 1485 1642 Gr.
1507 1606 1574 1642 Gr.
1596 1606 1633 1650 §.
1655 1606 1750 1651 389,

1093 1664 1131 1701 1.
1155 1678 1192 1700 α.
1219 1675 1308 1712 pag.
1337 1664 1432 1702 716.
1463 1683 1520 1688 —-
1568 1661 1632 1698 Ad
1660 1659 1751 1712 ε’μέο

1092 1719 1312 1758 πείθεσθαι
1333 1718 1434 1755 conf.
1455 1718 1501 1765 V,
1522 1721 1591 1759 29.

1149 1775 1187 1814 τί
1206 1771 1332 1814 πολλά
1353 1771 1563 1824 πρήσσεις]
1590 1775 1616 1810 i.
1633 1788 1666 1811 e.
1676 1773 1753 1811 Re-

1093 1832 1155 1869 bus
1165 1831 1291 1868 alienis
1313 1831 1400 1881 quid
1419 1831 1469 1868 Te
1484 1831 1681 1868 immisces?
1696 1831 1754 1866 Ita

1094 1886 1316 1938 Schweigh.
1363 1889 1463 1924 Nam
1482 1884 1608 1926 πολλοὶ
1625 1882 1754 1940 πράτ-

1092 1959 1174 1984 τειν
1203 1944 1251 1982 de
1278 1958 1322 1981 eo
1354 1943 1429 1981 dici
1457 1945 1654 1992 novimus,
1686 1942 1754 1995 qui

1092 2003 1195 2038 male
1217 2008 1274 2038 est
1295 2003 1482 2045 curiosus,
1503 2002 1615 2038 nimis
1636 1998 1753 2038 sedu-
1792 2008 1794 2011 ’

1095 2058 1152 2094 lus
1167 2087 1176 2105 ‚
1202 2065 1239 2094 et
1259 2071 1359 2108 quae
1380 2056 1428 2093 ad
1447 2058 1573 2107 ipsum
1593 2057 1754 2094 minime

1093 2115 1305 2163 pertinent,
1335 2112 1383 2148 ad
1403 2126 1442 2148 se
1462 2125 1656 2159 revocans,
1678 2126 1754 2151 πο-

1093 2166 1337 2220 λυπράγμων
1359 2169 1425 2220 qui
1453 2169 1569 2219 vulgo
1602 2169 1753 2206 dicitur.

1093 2226 1193 2275 Apte
1212 2223 1423 2262 harckerus
1441 2226 1534 2262 >citat
1559 2224 1754 2277 Ariswph.

1093 2282 1189 2318 Rau.
1222 2284 1302 2323 230
1334 2282 1425 2334 ibiq.
1454 2283 1631 2334 iuterprr.
1670 2281 1754 2323 749

1274 2416 1367 2468 Cap.
1387 2388 1569 2456 XXXIV.

1154 2505 1400 2546 ἐσενείκαντο
1422 2508 1440 2556 ]
1502 2507 1602 2556 „Ex
1650 2509 1752 2556 agris

1098 2565 1213 2600 omnia
1242 2568 1537 2613 comportaverant
1561 2567 1601 2602 in
1624 2564 1753 2610 urbem,

1097 2632 1194 2671 quae
1226 2620 1381 2671 quidem
1413 2627 1535 2658 essent
1570 2619 1752 2666 mobilia3

1096 2689 1164 2726 pro
1184 2689 1292 2713 more
1320 2676 1542 2728 degentium
1567 2677 1607 2712 in
1626 2677 1754 2713 istius-

1096 2731 1203 2769 modi
1223 2734 1453 2783 regionibus,
1470 2735 1510 2770 in
1525 2734 1660 2785 quibus
1675 2743 1753 2770 una

1096 2791 1315 2839 praesertim
1354 2791 1442 2827 urbs
1480 2797 1630 2827 tantum
1658 2794 1752 2826 esset
