1806 3181
266 464 364 510 137

97 568 186 597 annis
207 565 313 593 eadem
338 562 371 588 ii-

98 596 374 672 ¹s²²pissssss¹353biiss¹xt
429 608 507 646 περ
539 584 931 640 ἀπονοστησάντων

100 670 323 707 importarent.

418 147 503 188 642

813 128 1280 172 HERODOTI

423 268 579 310 ,,μιμα,
624 246 961 292 ἀποκτείναντας
1000 238 1215 294 κήρυκας·
1247 233 1378 285 αὐτὸς
1414 232 1480 282 δὲ,
1510 227 1563 271 τοὶ
1594 227 1679 269 κεί-
1737 233 1806 277 555

423 331 564 376 ,,νοισι
595 312 857 368 ἐπιπλήσσει,
887 313 1020 354 ταῦτα
1053 304 1106 349 οὐ
1138 302 1347 358 ποιήσειν,
1379 296 1470 343 οὐδ’
1495 294 1686 338 ulwurm-

424 390 617 443 ,,κτείνας
663 383 883 430 ἐκείνους,
934 373 1168 419 ἀπολύσειν
1208 366 1582 423 Λακεδαιμονίους
1611 364 1687 416 τῆς

424 457 626 510 ,,αἰτίης.“
657 449 781 493 Οὕτω
804 446 829 504 ἡ
856 445 1109 498 Ταλθυβίου
1131 443 1269 494 μῆνις,
1303 438 1375 481 καὶ
1404 436 1542 477 ταῦτα
1571 434 1743 483 ποιη-80

99 533 175 568 ΟἾΜ
188 530 286 559 “mm
303 530 370 568 1‘0f‘
429 524 599 568 σάντων
630 515 955 571 Σπαρτιητέων,
985 512 1204 555 ἐπαύσατο
1237 505 1284 548 τὸ
1318 501 1587 556 παραυτίκα,
1617 495 1692 539 καί

975 579 1015 630 ἐς
1046 576 1255 628 Σπάρτην
1284 566 1512 621 Σπερθίεώ
1547 580 1592 608 τε
1621 562 1695 607 καὶ

406 657 641 707 ΞΒούλιος.
698 652 843 710 χρόνῳ
875 650 920 693 δὲ
951 646 1171 704 μετέπειτα
1189 643 1334 696 πολλῷ
1362 634 1591 692 ἐπηγέρθη,
1622 646 1696 675 κα-

379 834 541 877 πᾶντων
590 823 822 880 α’νθρώπων
874 820 1035 874 νόμιμα]

383 895 483 932 citat
502 886 676 928 Eustath.
706 883 754 921 ad
776 885 818 920 ll.
847 883 863 918 Ι
884 896 922 931 p.
950 881 1039 924 110,

383 953 435 991 30
455 963 484 985 s.
506 949 571 993 83,
593 947 659 985 21.
689 943 751 978 Ins
772 940 943 991 gentium
966 938 1042 971 La·-

384 1018 496 1045 coues
525 1001 645 1039 Xerxi
672 999 829 1034 violasse
859 994 1041 1031 videban-

384 1071 466 1109 tur,
510 1061 744 1097 Graecorum
782 1054 952 1090 instituta
1001 1061 1044 1084 ac

384 1131 534 1158 morem
563 1112 798 1165 respicienti,
847 1120 962 1161 quem
993 1107 1045 1141 ita

389 1176 559 1213 enuntiat
582 1168 791 1220 Antiphon.
813 1180 850 1216 p.
876 1167 968 1207 126,
993 1163 1045 1201 26

390 1235 446 1284 [p.
469 1231 550 1273 685
571 1242 648 1280 seq.
671 1226 735 1273 R.]
767 1220 934 1268 ’ὅστις-
950 1214 1049 1257 α’νό-

392 1304 474 1343 μως
507 1283 596 1326 τινὰ
633 1279 880 1325 ἀποκτείνει,
916 1272 1054 1324 α’σεβεῖ

392 1345 463 1399 μὲν
500 1341 591 1394 περὶ
622 1336 716 1384 τούς
746 1332 894 1380 θεοὺς,
937 1345 1052 1381 συγ-

391 1405 471 1455 χεῖ
500 1398 542 1439 δὲ
572 1394 618 1437 to?
650 1391 845 1445 νόμιμα
875 1391 955 1428 τῶν
981 1382 1053 1425 α’ν-

392 1453 588 1510 θρῶπων.
621 1455 699 1490 Nec
722 1451 827 1486 aliter
849 1445 950 1497 apud
972 1445 1053 1480 Eu-

395 1514 505 1567 ripid.
528 1511 663 1561 Suppl.
687 1510 765 1548 311
796 1500 947 1554 νόμιμα
979 1495 1055 1538 ποῖ-

398 1585 469 1622 σης
489 1565 675 1612 Ἑλλάδος
699 1565 855 1613 συγχεῖν
878 1559 1057 1595 dicuntur

397 1630 469 1667 viri
490 1627 636 1678 βίαιοι,
668 1621 733 1672 qui
762 1617 947 1655 cadavera
977 1626 1056 1649 ma-

375 1687 463 1723 .tris
492 1682 727 1734 operimento
755 1675 833 1724 tegi
862 1672 1054 1709 nolebant.

401 1743 507 1788 Quae
535 1740 633 1776 bene
658 1733 783 1771 attulit
804 1728 1056 1766 Valckenaer.

399 1794 678 1844 Wesselingius
715 1789 892 1825 excitavit
922 1785 1058 1823 Libani,

401 1858 591 1904 Panegyr.
613 1852 651 1886 in
671 1847 807 1883 Iulian.
830 1842 972 1894 p-246,
995 1840 1060 1892 qui

403 1913 502 1962 regis
522 1911 725 1946 Persarum
747 1903 921 1938 aninmm
941 1911 1062 1948 gene-

404 1980 534 2007 rosum
551 1975 718 2014 vereque
745 1960 894 2009 regium
916 1954 1062 2000 extulit,

407 2033 444 2062 et
474 2024 521 2061 de
536 2024 616 2073 ipso
635 2020 850 2069 legatorum
870 2015 951 2050 iure
963 2013 1064 2060 Hug.

409 2084 514 2119 Grot.
546 2081 603 2115 De
631 2078 705 2112 iur.
737 2074 826 2110 bell.
858 2078 893 2107 et
912 2082 997 2120 pac.
1016 2068 1064 2114 11,

410 2139 461 2177 18
483 2138 519 2182 ξ.
545 2138 580 2175 1.
601 2154 657 2160 -
676 2131 844 2167 Verbum
877 2120 1069 2175 ἐπιπλήσ-

411 2206 493 2234 σειν
523 2191 630 2240 attigi
650 2186 698 2223 ad
718 2187 784 2229 111,
820 2183 910 2223 142.

568 2279 661 2328 cap.
682 2272 912 2312 cxxxvn.

469 2358 595 2412 χρόνῳ
627 2353 668 2395 δὲ
696 2350 895 2404 μετέπειτα
916 2345 1066 2399 πολλῷ]

413 2419 471 2455 De
491 2416 562 2453 hac
582 2413 772 2451 locutione
793 2406 867 2444 vid.
890 2406 1000 2441 allata
1022 2401 1070 2438 ad

414 2475 482 2521 111,
512 2474 563 2513 36
596 2477 632 2507 et
660 2467 707 2504 ad
736 2465 853 2503 verba
884 2459 982 2500 κατὰ
1002 2455 1071 2498 τόν

417 2526 587 2579 πόλεμον
621 2524 733 2578 (belli
753 2521 915 2571 tempore)
937 2514 1071 2554 Matth,

418 2589 485 2624 Gr.
501 2587 567 2622 Gr.
589 2584 627 2628 ξ.
648 2582 725 2623 581
750 2591 836 2630 pag.
860 2572 978 2620 1154,
1008 2572 1074 2623 qni

419 2643 524 2681 idem
544 2652 632 2692 pag.
654 2639 734 2679 580
746 2635 889 2673 confer.
902 2629 949 2667 ad
960 2630 1073 2665 verba

421 2696 537 2739 τοῦτό
563 2711 631 2749 μοι
659 2693 701 2733 ἐν
732 2696 833 2732 τοῖσι
864 2684 1074 2728 θειότα-

421 2770 510 2795 τον
558 2752 744 2804 φαίνεται
771 2745 977 2801 γενέσθαι,
1009 2742 1074 2779 ubi

1095 815 1200 870 quod
1232 826 1301 864 pro
1330 805 1539 850 θειότατον
1567 801 1753 843 Valcken.

1097 873 1249 912 rescribi
1269 869 1389 905 voluit
1410 861 1527 904 θεῖόν
1553 877 1595 915 γε
1613 856 1666 918 913
1687 859 1756 909 (ut

1098 932 1212 982 paulo
1252 926 1407 962 iuferius
1447 923 1571 971 δῆλον
1597 919 1654 957 ὠν
1692 929 1759 967 μοι

1103 986 1162 1028 ὅτι
1178 988 1293 1025 θεῖον
1317 976 1409 1031 ολῦν.
1434 978 1584 1031 ἐγένετο
1609 971 1760 1025 τὸπρῆ-

1100 1060 1200 1097 γμα,
1230 1041 1295 1077 ubi
1324 1038 1439 1086 vnlgo
1455 1036 1566 1071 ‘abest
1595 1026 1700 1079 οὐκ),
1722 1027 1762 1065 id

1103 1115 1124 1138 a
1155 1105 1283 1136 mente
1312 1093 1499 1144 scriptoris
1519 1100 1671 1141 prorsus
1693 1086 1764 1122 ab·-

1103 1157 1257 1194 horrere
1300 1151 1469 1196 videtur,
1510 1158 1627 1198 quam
1665 1144 1764 1180 bene

1105 1218 1340 1265 perspectam
1368 1205 1566 1244 Schultzio
1592 1203 1644 1238 ita
1665 1205 1765 1236 retu-

1107 1273 1149 1308 lit
1179 1263 1584 1314 Schweighaeuserus:
1641 1255 1766 1304 „Tal-

1107 1326 1230 1377 thybii
1251 1326 1305 1360 ira
1339 1321 1385 1358 ob
1419 1319 1579 1356 violatos
1607 1324 1767 1365 praeco-

1108 1396 1175 1420 nes
1204 1382 1340 1418 merito
1357 1376 1582 1413 incumbere
1599 1372 1638 1407 in
1649 1370 1768 1420 Spar-

1109 1448 1240 1486 tanos,
1281 1436 1402 1473 donec
1433 1432 1614 1469 effectum
1642 1427 1770 1464 sortita

1112 1503 1229 1544 esset,
1272 1493 1414 1530 debuit.
1471 1491 1627 1539 Itaque,
1650 1494 1772 1535 quum

1112 1553 1188 1590 duo
1228 1550 1365 1601 legati,
1399 1547 1465 1598 qui
1485 1546 1584 1581 illius
1605 1539 1772 1578 criminis

1112 1610 1266 1659 culpam
1299 1603 1483 1642 luendam
1512 1602 1552 1637 in
1583 1611 1621 1635 se
1641 1609 1774 1634 susce-

1111 1662 1352 1718 perant,salvi
1364 1660 1598 1709 sospitesque
1612 1653 1775 1690 domum

1114 1722 1304 1765 redierint,
1318 1718 1389 1754 hoc
1404 1713 1512 1762 mihi,
1532 1712 1667 1763 inquit,
1687 1720 1777 1745 ma·-

1114 1781 1219 1817 xime
1249 1776 1428 1814 divinitus
1459 1768 1637 1808 accidisse
1665 1764 1776 1803 vide-³

1116 1844 1200 1883 tur,
1241 1832 1346 1886 quod
1374 1838 1504 1867 tamen
1537 1825 1606 1862 filii
1635 1835 1777 1859 eorun-

1120 1893 1221 1939 dem,
1242 1892 1358 1940 longo
1384 1884 1541 1939 quidem
1567 1887 1653 1932 post
1680 1886 1777 1916 tem·

1119 1962 1237 2001 pore,
1270 1960 1337 1984 suo
1360 1944 1481 1994 capite
1510 1950 1651 1992 poenas
1678 1936 1779 1972 illius

1122 2006 1288 2044 criminis
1323 1999 1533 2051 Talthybio
1565 1990 1782 2032 dederint.·‘

1122 2065 1222 2100 Nam
1248 2065 1449 2112 parentum
1472 2059 1638 2106 peccata,
1658 2048 1781 2100 inpri-

1123 2121 1194 2157 mis
1206 2118 1429 2169 periurium,
1451 2113 1488 2148 in
1507 2108 1662 2161 posteris
1682 2118 1781 2157 quo-

1125 2189 1200 2228 que
1238 2173 1365 2224 puniri
1403 2171 1637 2206 Graecorum
1668 2162 1786 2199 fuisse

1126 2232 1348 2283 opinionem
1382 2226 1548 2263 diximus
1576 2220 1625 2257 ad
1644 2219 1707 2266 Vl,
1727 2217 1782 2259 86

1128 2290 1165 2334 ξ.
1207 2290 1245 2327 3.
1314 2282 1391 2321 Sed
1436 2277 1677 2318 Herodotum
1711 2273 1782 2310 alia

1126 2345 1240 2381 fnisse
1278 2347 1406 2378 mente
1444 2351 1515 2375 nec
1549 2335 1648 2371 ultra
1684 2332 1783 2368 vitae

1127 2400 1270 2437 human
1277 2411 1319 2435 ae
1328 2397 1465 2434 limites
1477 2389 1688 2431 extendisse
1696 2398 1783 2424 mo-

1129 2457 1365 2495 derationem
1396 2454 1500 2489 illam
1530 2448 1698 2485 divinam
1713 2443 1783 2480 ob-

1128 2520 1250 2551 servat
1279 2514 1421 2561 laeger.
1483 2506 1675 2558 (Disputt.
1703 2501 1785 2536 He-

1130 2570 1239 2608 rodd.
1261 2581 1348 2620 pag.
1372 2566 1467 2617 46)3
1509 2574 1584 2615 quo
1605 2555 1784 2596 accedere

1130 2629 1180 2664 ait
1210 2639 1295 2663 eam
1316 2624 1362 2662 de
1392 2621 1558 2659 numinis
1589 2613 1705 2653 divini
1725 2608 1786 2648 di-

1129 2685 1272 2736 gnitate
1303 2688 1363 2728 et,
1394 2678 1562 2716 humana
1580 2667 1786 2710 mediocri-

1130 2748 1206 2779 tate
1225 2738 1418 2790 superiore
1435 2764 1446 2783 ,
1474 2726 1699 2786 praestanda
1718 2734 1787 2761 co-
