1851 3181
270 714 336 758 37

66 779 209 808 Proximo
226 786 302 806 vere

66 815 183 842 Xerxes
197 812 341 839 Sardibus

67 857 117 909 exo
140 846 343 874 hibernaculis

120 886 169 908 vet
190 889 233 908 1a.
252 880 340 919 4811}

68 890 148 943 Slulis
170 909 259 941 deleo
263 914 285 940 ti
290 921 323 939 o:

68 948 156 1008 q'ubids,
171 948 326 1015 {Itffigre-

70 988 284 1052 {mn-teuderii:

394 266 478 307 502

794 264 1259 302 HERODOTI

394 374 506 431 ὕλην
535 373 832 429 ἐπεφόρησαν·
881 371 1033 432 κόσμῳ
1074 373 1120 416 δὲ
1147 373 1298 423 θέντες
1328 371 1401 414 καὶ
1430 369 1510 426 τήν
1529 369 1661 426 ὕλην,

392 447 477 500 γῆν
523 439 821 497 ἐπεφόρησαν·
868 439 1183 492 κατανάξαντες
1232 440 1278 484 δὲ
1326 439 1398 482 καὶ
1438 437 1520 495 τήν
1567 442 1664 494 γῆν,

395 508 601 567 φραγμὸν
630 510 903 563 παρείρυσαν
932 509 1060 552 ἔνθεν
1091 508 1163 552 καὶ
1197 507 1353 556 ἔνθεν,
1393 509 1467 551 ἵνα
1496 505 1554 562 μή
1585 512 1722 562 ‹po-30

397 579 548 635 βέηται
575 575 629 620 τὰ
659 574 877 631 ὑποζύγια
906 574 986 631 τὴν
1014 574 1243 618 θάλασσαν
1278 574 1565 630 ὑπερορῶντα
1593 574 1666 617 καὶ

399 649 442 691 οἱ
464 648 599 689 ἵπποι.

472 713 548 765 Ὡς
598 711 643 755 δὲ
672 710 725 753 τά
755 726 799 754 τε
839 713 928 754 τῶν
957 710 1185 767 γεφυρέων
1215 707 1553 757 κατεσκεύαστο,
1595 708 1667 751 καὶ
1724 711 1804 754 528

399 781 452 825 τὰ
496 780 596 835 περὶ
640 778 718 821 τὸν
747 776 928 827 Ἄθων,
970 779 1017 821 οῖ’
1050 794 1093 821 τε
1121 778 1245 834 χυτοὶ
1274 777 1372 832 περὶ
1393 776 1445 820 τα
1477 776 1669 831 στόματα

400 852 475 906 τῆς
515 845 751 902 διώρυχος,
794 849 838 890 οἳ
875 849 950 902 τῆς
990 846 1138 902 ῥηχίης
1175 848 1339 890 εἵνεκεν
1384 843 1724 900 ἐποιήθησαν,ὃό

399 919 475 960 ἵνα
504 914 561 971 μὴ
598 917 836 971 πίμπληται
864 914 917 957 τὰ
952 913 1145 969 στόματα
1171 920 1252 957 τοῦ
1283 911 1555 968 ὀρύγματος,
1597 911 1670 956 καὶ

406 983 515 1039 αὐτή
547 981 573 1039 ἡ
606 981 768 1037 διώρυξ
787 981 1029 1034 παντελέως
1057 981 1322 1038 πεποιημένη
1359 980 1558 1035 ἄγγελτο·
1602 980 1671 1023 έν-

400 1056 548 1097 &afim
576 1052 839 1107 χειμερίσας,
872 1049 960 1106 ἅμα
989 1054 1050 1106 τῷ
1081 1051 1176 1105 έάρι
1204 1048 1611 1103 παρεσκευασμένος
1648 1045 1672 1091 ὁ

381 1117 601 1174 Ξστρατὸς
632 1117 679 1160 ἐκ
711 1120 800 1160 τῶν
819 1119 1032 1173 Σαρδίων
1071 1116 1246 1174 ὡρμᾶτο
1271 1116 1383 1160 ἐλῶν
1406 1117 1448 1167 ἐς
1465 1116 1673 1172 Ἄβυδον.

398 1186 656 1243 Ὡρμημένῳ
696 1186 742 1229 δέ
785 1187 828 1230 οἱ
864 1186 887 1231 ὁ
918 1184 1042 1242 ἥλιος
1071 1184 1260 1229 ἐκλιπών
1288 1184 1372 1241 τήν
1402 1184 1448 1228 ἐκ
1485 1189 1563 1228 τοῦ
1595 1182 1673 1228 οὐ-

348 1350 460 1390 conf.
490 1350 538 1387 G.
566 1349 778 1385 Hermann.
808 1345 856 1384 ad
884 1347 1013 1398 Viger.

349 1421 438 1460 pag.
455 1408 550 1447 782·

407 1457 699 1510 καταναξαντες
745 1456 788 1498 δὲ
828 1457 897 1498 καὶ
939 1473 1014 1509 την

351 1521 458 1574 γῆν]
488 1520 515 1555 1.
537 1531 569 1555 e.
593 1516 665 1568 qud
695 1514 794 1553 terrei
817 1514 1015 1565 constipata

351 1590 405 1615 sec
389 1576 539 1614 undum
568 1579 754 1623 utrumque
778 1573 875 1609 latus
902 1572 1018 1610 duxe-

352 1637 438 1671 runt
448 1635 590 1682 septum.
614 1625 917 1677 Καταναξαντες
936 1642 1016 1665 non

356 1688 550 1728 descendit
580 1700 601 1724 a
631 1687 747 1724 verbo
789 1700 1016 1737 καταναγω,

356 1744 577 1797 (comporto),
596 1750 638 1780 ut
657 1743 765 1793 ponit
778 1745 828 1779 H.
849 1741 1018 1792 Stepha-

283 1852 285 1854 .
354 1816 426 1841 nus
446 1799 614 1839 iuThes.
633 1801 685 1837 IV
703 1813 743 1851 p.
767 1799 889 1848 1157,
909 1797 975 1835 sed
997 1811 1019 1834 a

356 1859 472 1898 verbo
501 1853 751 1897 κατανάσσω.
814 1856 894 1892 Neo
923 1864 1020 1892 con-

357 1917 482 1963 venit,
515 1912 618 1968 quod
645 1911 747 1964 apud
781 1910 1019 1964 Hesychjum

355 1975 393 2010 Π
421 1985 509 2023 pag.
545 1972 625 2012 177
657 1970 820 2020 legitur:
842 1968 1020 2008 κατανά-

360 2030 506 2078 ξαντες·
536 2023 778 2074 αναξαντες,
776 2024 831 2073 εἰς
843 2021 1020 2065 τούπίσω

361 2079 710 2136 οἷναχωοησαντες,
738 2083 806 2119 ubi
826 2095 894 2133 pro
917 2077 1021 2122 ἅνα-

362 2143 497 2190 ξαντες
507 2138 689 2178 Abresch.
711 2139 848 2189 refingi
857 2140 938 2176 vult
949 2133 1022 2178 νά-

362 2199 510 2246 ξαντες.
526 2194 883 2247 Exloseph.13.1.1‚
905 2198 972 2236 21.
994 2198 1020 2235 7

362 2251 508 2305 νοὶγιια,
537 2254 564 2290 1.
582 2266 613 2292 e.
645 2256 738 2289 terra
751 2254 898 2302 stipata,
914 2251 1024 2288 affert

362 2312 421 2348 W
423 2310 528 2347 essel.
536 2310 705 2360 itemque
719 2304 773 2347 πύ
780 2324 825 2360 oy
829 2323 871 2355 ος
883 2305 1025 2354 ναστός

364 2366 455 2407 ibid.
476 2367 520 2414 V,
542 2369 580 2414 4,
603 2368 627 2405 3
649 2366 734 2403 coll.
758 2366 917 2417 Antiqq.
939 2365 1023 2412 XV,

365 2425 403 2470 9,
425 2426 464 2470 6,
484 2423 551 2459 ubi
581 2419 832 2473 νεναγμένος.
890 2421 956 2457 Tu
976 2421 1024 2458 cf.

363 2478 506 2516 Herod.
527 2479 609 2525 VII,
632 2480 683 2517 60
704 2478 832 2529 ibique
852 2483 949 2514 nott.
973 2499 1024 2504 —

364 2535 426 2574 Ad
447 2535 566 2576 ἔνθεν
582 2533 647 2573 καὶ
666 2533 784 2573 ἔνθεν
794 2533 842 2574 cf.
855 2533 918 2581 IV,
934 2535 1026 2573 179.

538 2625 630 2675 Cap.
661 2623 861 2660 XXXVII.

429 2703 471 2743 οῗ
488 2717 526 2741 τε
547 2701 656 2754 χυτοὶ
671 2701 760 2754 περὶ
781 2698 829 2741 vo?
861 2697 1028 2752 στόματα

373 2775 410 2798 κ.
440 2775 473 2798 τ.
497 2761 549 2808 L]
580 2759 757 2796 Afferunt
778 2757 957 2796 Suid.111
988 2773 1026 2809 p.

374 2819 470 2863 697,
501 2817 564 2852 ubi
585 2811 723 2866 χυτόν·
762 2817 873 2866 χῶμα
893 2822 929 2852 et
950 2817 1031 2851 He·-

375 2871 480 2924 sych.
519 2874 554 2909 11
582 2886 620 2923 p.
653 2872 783 2921 1568,
805 2872 871 2909 ubi
895 2868 1029 2923 χυτόν·

1067 1344 1215 1398 χωστόν
1233 1344 1303 1386 καὶ
1332 1342 1377 1385 τό
1402 1344 1581 1396 χῶμα,”ί.
1601 1357 1634 1384 e.
1657 1356 1731 1393 ag-

1069 1417 1146 1453 ger.
1173 1423 1230 1432 --
1256 1403 1315 1439 Ac
1343 1403 1496 1439 monuit
1523 1414 1646 1452 nuper
1684 1399 1733 1437 de

1070 1460 1183 1497 huius
1193 1460 1331 1497 Graeci
1350 1459 1573 1496 substantivi
1595 1455 1655 1510 (οἱ
1663 1472 1734 1508 χυ-

1070 1515 1164 1566 τοὶ),
1200 1517 1262 1553 cui
1293 1515 1341 1553 ad
1363 1516 1544 1553 amussim
1573 1527 1735 1565 respon-

1073 1573 1160 1611 deat
1197 1574 1422 1610 Latinorum
1436 1572 1562 1623 fossa,
1599 1577 1737 1608 natura

1073 1644 1117 1667 ac
1139 1632 1285 1667 ratione
1305 1628 1499 1669 Lobeck.:
1527 1629 1586 1664 De
1604 1628 1737 1665 nomi-

1071 1687 1179 1724 nibb.
1212 1686 1349 1728 adiect.
1380 1693 1418 1723 et
1446 1686 1629 1723 substant.
1651 1697 1738 1721 am-

1072 1744 1196 1794 biguis
1235 1744 1333 1785 Diss,
1353 1744 1408 1779 III
1462 1739 1735 1795 (Regiomont.

1075 1802 1206 1845 1832)
1238 1812 1326 1851 pag.
1347 1802 1386 1839 2.
1409 1801 1448 1839 3.
1472 1820 1524 1825 ——
1555 1797 1618 1835 Ad
1638 1804 1740 1835 stru-

1075 1863 1224 1893 cturam
1260 1857 1367 1894 verbi
1407 1852 1664 1907 ἆγγὲλλεσθαι
1696 1855 1738 1891 in

1075 1926 1182 1965 seqq.
1212 1913 1314 1950 conf.
1348 1913 1396 1961 Π,
1431 1913 1504 1953 121
1539 1912 1576 1957 §.
1599 1911 1624 1952 5
1643 1912 1738 1965 ibiq.

1077 1971 1204 2008 citata.

1134 2024 1158 2066 ὅ
1177 2022 1290 2077 ἥλιος
1307 2020 1478 2064 ἐκλιπών
1496 2019 1637 2074 τήν-
1649 2019 1739 2062 οἷντὶ

1076 2080 1230 2134 ἡμέρης
1267 2095 1307 2120 τε
1340 2078 1415 2128 νύξ
1455 2078 1626 2132 ἐγένετο]
1675 2079 1739 2117 Ad

1075 2139 1171 2177 haec
1192 2146 1233 2176 tu
1254 2137 1355 2175 conf.
1370 2150 1467 2189 quae
1484 2136 1531 2173 ad
1550 2135 1647 2184 1‚74
1667 2135 1739 2174 ad-

1078 2197 1216 2246 scripta
1247 2201 1346 2241 sunt,
1368 2195 1435 2230 ubi
1454 2207 1492 2244 p.
1517 2196 1609 2241 190,
1631 2205 1652 2229 a
1671 2194 1739 2230 lin.

1080 2252 1106 2292 4
1146 2253 1192 2289 ab
1213 2252 1281 2289 ins.
1303 2251 1405 2286 male
1440 2249 1586 2286 editum
1612 2250 1738 2299 VIII,

1081 2311 1134 2349 37
1183 2321 1252 2359 pro
1267 2308 1376 2354 VII,
1408 2308 1474 2346 37.
1525 2307 1583 2342 De
1620 2307 1741 2357 parti-

1081 2365 1174 2402 culis
1213 2361 1419 2404 οὕτε-τε
1445 2361 1521 2400 vid.
1553 2363 1664 2399 allata
1694 2361 1744 2399 ad

1081 2421 1145 2467 VI,
1169 2423 1204 2460 1.
1261 2421 1318 2457 Ac
1348 2420 1447 2456 bene
1477 2417 1632 2457 adhibet
1649 2419 1742 2456 Val-

1084 2476 1196 2514 eken.
1218 2477 1301 2513 Liv.
1315 2477 1530 2523 XXXVIII,
1551 2475 1578 2516 4
1591 2474 1743 2524 (‚,coelo

1084 2546 1218 2571 sereno
1258 2532 1424 2570 interdiu
1457 2534 1656 2570 obscurata
1675 2533 1743 2569 lux

1086 2597 1161 2637 est,
1209 2603 1329 2642 quum
1373 2591 1483 2626 Luna
1510 2589 1579 2625 sub
1611 2590 1742 2626 orbem

1085 2648 1172 2684 solis
1201 2647 1380 2684 subisset‘
1385 2647 1420 2696 ι)
1455 2652 1492 2682 et
1522 2643 1741 2711 Thucydid.

1087 2703 1186 2750 VIII,
1214 2702 1282 2750 42,
1314 2703 1381 2739 ubi
1418 2717 1468 2741 τα
1495 2701 1538 2741 ἐκ
1568 2704 1641 2740 τοῦ
1669 2694 1742 2740 ου’-

1086 2761 1214 2810 ρανοῦ
1249 2757 1468 2806 ξυνιέφελα
1505 2755 1609 2797 ὄντα.
1692 2756 1743 2792 Et

1087 2816 1165 2853 cf.'
1156 2829 1280 2867 lpsum
1293 2814 1433 2851 Herod.
1454 2815 1533 2861 VII,
1548 2815 1640 2855 188.
1664 2810 1743 2849 Sed

1087 2871 1190 2910 huuc
1210 2873 1335 2923 ipsum
1355 2872 1442 2909 solis
1464 2869 1674 2916 defectum,
1696 2867 1743 2905 de
