1870 3249
9 511 73 556 13

555 196 589 231 Ε
619 196 652 234 R
681 195 717 232 A
747 194 784 233 T
816 195 860 233 Ο.
921 195 953 232 V
963 197 994 232 1.
1327 195 1412 237 243

143 307 250 364 μετὰ
281 308 418 350 ταῦτα
462 302 621 348 αὐτίκα
657 305 889 348 πείθεσθαι
928 301 1073 356 οὐδεὶς
1109 304 1258 360 ἤθελε·
1298 303 1410 357 ἀλλ’,

142 372 217 420 οἶα
254 373 458 429 στρατιὴ,
508 368 672 429 σκηνάς
714 387 759 416 τε
802 372 1044 428 πηξάμενοι
1092 372 1141 416 ἐν
1181 376 1236 430 τῇ
1273 372 1410 431 νήσῳ,

141 441 529 499 ἐσκιητροφέοντο,
579 441 653 486 καὶ
700 440 919 496 ἐσβαίνειν
968 439 1052 484 οὐκ
1093 440 1326 485 ἐθέλεσκον
1368 441 1466 493 ές65

137 508 214 561 τὰς
242 508 364 562 νέας,
396 507 495 554 οὐδ’
536 507 870 562 ἀναπειρᾶσθαι.
928 508 1168 562 Μαθόντες
1194 510 1241 554 δὲ
1270 513 1408 556 ταῦτα
1463 517 1742 553 Ιςίιιπεωῑοηηι

137 577 192 622 τά
219 577 430 634 γινόμενα
459 578 508 622 ἐκ
536 581 626 621 τῶν
660 575 821 633 Ἰώνων
852 577 897 622 οἱ
935 578 1168 635 στρατηγοὶ
1197 582 1287 622 τῶν
1317 582 1408 623 Σα-
1465 557 1742 627 3ῗὲἕέἱὲεέξέἇῖ

135 647 270 702 μίων,
311 647 506 691 ἐνθαῦτα
541 645 595 702 δὴ
629 643 738 700 παρ’
768 644 960 697 Αἰάκεος
1001 649 1082 690 τοῦ
1113 650 1408 699 Συλοσῶντος
1465 625 1743 697 ἷῖῗῑεῗῧῖιῗῗῐῗιω

131 715 310 766 κείνους
355 715 463 766 τούς
512 713 729 768 πρότερον
769 713 929 769 ἔπεμπε
966 712 1125 769 λόγους
1167 712 1192 757 ὁ
1229 713 1408 772 Αἰάκης,

133 783 402 827 κελευόντων
429 787 520 827 τῶν
550 781 780 837 Περσέων,
810 779 1017 836 δεόμενός
1045 793 1194 838 σφεων
1214 783 1404 833 ἐκλιπεῖν
1419 790 1464 824 70

104 850 218 907 Ξτὴν
257 849 422 895 Ἰώνων
463 852 733 908 συμμαχίην·
785 851 831 895 οἱ
869 848 1049 905 Σάμιοι,
1078 844 1162 903 ὧν,
1196 849 1408 905 ὁρέωντες

135 918 228 975 ἅμα
270 918 351 975 μὲν
388 919 556 964 ἐοῦσαν
597 918 776 974 ἀταξίην
813 917 984 973 πολλὴν
1024 917 1071 962 ἐκ
1107 922 1199 962 τῶν
1235 919 1408 972 Ἰώνων,

132 987 330 1032 ἐδέκοντο
366 987 470 1040 τοὺς
507 986 688 1044 λόγους·
728 986 818 1042 ἅμα
848 985 894 1029 δὲ
922 986 1210 1041 κατεφαίνετό
1242 999 1324 1044 σφι
1352 986 1408 1034 εἶ-

129 1072 205 1098 ναι
244 1055 443 1100 ἀδύνατα
469 1055 526 1100 τοὶ
554 1053 755 1111 βασιλέος
793 1053 1026 1110 πρήγματα
1054 1053 1405 1111 ὑπερβαλέσθαι·

129 1119 179 1167 εὖ
209 1140 256 1168 τε
287 1123 588 1181 ἐπιστάμενοι,
630 1122 711 1177 ὥς,
742 1123 779 1168 εἰ
809 1122 883 1167 καὶ
910 1121 961 1166 τὸ
993 1123 1163 1179 παρεόν
1192 1125 1405 1169 ναυτικόν

128 1192 453 1250 ὑπερβαλοίατο
482 1192 563 1239 τόν
579 1196 774 1248 Δαρεῖον
783 1222 794 1243 ,
824 1190 934 1236 ἄλλο
958 1201 1041 1247 σφι
1067 1191 1280 1247 παρέσται
1306 1201 1461 1241 κεν-75

70 1402 193 1438 mium
214 1403 301 1440 solis
322 1403 490 1440 calorem
509 1408 735 1454 aestumque

68 1458 167 1495 ferre
186 1466 380 1512 nequeant
401 1466 466 1497 aut
480 1465 582 1497 certe.
600 1458 734 1497 sedulo

69 1514 239 1566 effugere
266 1515 452 1554 studeant.
515 1515 626 1553 Idem
644 1530 735 1554 ver-

71 1573 166 1610 bum
186 1586 300 1625 supra
321 1575 387 1622 ΠΙ,
413 1576 478 1614 12.
512 1568 734 1626 ἅναπειρᾶ-

69 1633 169 1668 σθαι
205 1638 261 1668 est
291 1630 489 1681 periculum
519 1629 645 1680 facere
681 1633 736 1669 rei

68 1686 235 1732 bellicae,·
274 1687 378 1740 quod
415 1700 536 1739 quum
557 1689 732 1726 exercita-

67 1745 158 1780 tione
176 1745 242 1780 fiat
275 1745 459 1797 (qualem
477 1745 625 1782 institui
650 1746 732 1782 ius-

66 1807 165 1836 serat
195 1801 452 1852 Dionysius),
491 1800 583 1838 inde
615 1803 732 1839 eiiam

67 1857 168 1893 valet
182 1869 349 1895 exercere.
380 1856 564 1908 Schwgh.
583 1859 731 1895 confert

67 1912 200 1949 Lexic.
219 1914 356 1965 Polyb.
378 1928 407 1951 s.
425 1928 464 1952 v.
475 1928 514 1964 p.
533 1916 600 1961 37,
621 1916 689 1951 ubi
709 1928 730 1951 e

67 1969 204 2020 Polyb.
230 1972 298 2017 26,
328 1973 366 2016 7,
399 1973 424 2011 9
453 1970 609 2007 affertur
629 1967 731 2010 οἰνα-

65 2028 287 2077 πειρᾶσθαι
307 2022 432 2066 ἅπασι
450 2030 533 2074 τοῖς
559 2023 731 2077 σκάφεσι

66 2081 92 2118 i.
115 2095 148 2119 e.
181 2085 329 2120 navium
345 2085 494 2121 omnium
513 2087 729 2135 experimen-

65 2141 141 2176 tum
160 2151 275 2188 agere.

285 2195 376 2246 Cap.
397 2197 505 2233 xm.

120 2250 163 2290 οἷ
194 2252 404 2303 στρατηγοὶ
442 2255 522 2291 τῶν
555 2252 724 2303 Σαμίων

63 2322 97 2345 κ.
122 2322 153 2345 τ.
175 2309 227 2356 λ.]
263 2310 309 2344 In
328 2307 386 2346 his
405 2308 500 2346 nihil
515 2310 722 2358 turbatum,

61 2365 134 2400 nisi
154 2363 257 2416 quod
279 2366 327 2402 ob
337 2367 458 2403 multa
472 2367 588 2403 verba
601 2368 726 2403 inter-

61 2420 159 2458 iecta
187 2434 305 2459 voces.
333 2423 374 2461 οἷ
404 2422 614 2475 στρατηγοὶ
642 2426 724 2462 τῶν

63 2477 229 2528 Σαμίων
257 2478 354 2515 infra
383 2487 607 2530 repetuntur
635 2493 724 2517 ver-

61 2533 118 2570 bis
159 2533 201 2573 οἱ
231 2530 382 2585 Σάμιοι
424 2531 505 2584 ὧν,
551 2537 724 2589 itemque

61 2587 156 2636 τούς
179 2586 330 2641 λόγους.
384 2594 484 2628 Nam
503 2593 553 2629 ita
573 2595 724 2644 singula

60 2648 316 2684 conveniunt:
377 2648 418 2687 οἱ
447 2647 597 2699 Σάμιοι
634 2646 725 2701 παρ’

63 2699 474 2752 Αἰάκεος-κείνους
513 2703 610 2753 τοὺς
657 2703 724 2745 λό-

59 2773 154 2810 γους
168 2782 225 2788 -
246 2759 426 2801 ἐδέκοντο
463 2764 511 2808 (τ
523 2777 542 2800 ο
555 2759 580 2800 ’ὑ
592 2777 611 2809 ς
645 2765 666 2801 λ
679 2759 724 2802 ό-

59 2815 212 2868 γους).
262 2817 429 2858 Bekker.
459 2820 585 2856 omisit
613 2832 725 2858 voces

793 1397 836 1438 οἷ
854 1393 1018 1450 Σάμιοι.
1077 1401 1136 1436 De
1150 1400 1265 1438 Aeaee
1281 1414 1325 1439 ac
1347 1402 1460 1454 Sylo-

792 1459 886 1493 sonte
905 1454 984 1493 vid.
1004 1456 1070 1503 III,
1085 1459 1181 1497 139.

848 1508 932 1564 ἅμα
953 1510 996 1552 δὲ
1023 1510 1287 1562 κατεφαίνετό
1315 1527 1391 1565 σφι
1422 1531 1460 1555 κ.

790 1584 824 1608 τ.
845 1570 900 1618 λ.]
933 1570 1100 1607 Gemina
1126 1568 1184 1608 hjs
1209 1571 1392 1622 leguntur
1410 1574 1459 1621 V,

795 1624 887 1666 124.
919 1626 1032 1672 Quod
1041 1641 1134 1664 vero
1142 1627 1330 1667 Valcken.
1344 1631 1460 1668 scribi

787 1684 925 1721 maduit
945 1680 1029 1735 ἅμα
1049 1682 1093 1724 δὲ
1117 1683 1187 1724 καὶ
1209 1683 1397 1735 ἐφαίνετο
1426 1701 1457 1726 s.

787 1739 854 1779 καὶ
888 1742 1171 1791 κατεφαίνετο,
1212 1755 1260 1780 eo
1289 1744 1356 1782 vix
1386 1745 1458 1782 erit

788 1809 897 1847 opus,
936 1796 1153 1850 πρήγματα
1190 1807 1281 1837 sunt
1323 1803 1455 1850 copiae,

788 1865 868 1902 opes
884 1855 1089 1892 Persarum
1108 1862 1152 1892 ut
1168 1856 1236 1903 HI,
1256 1859 1349 1897 137.
1377 1859 1455 1896 Pro

785 1905 1104 1950 οἷδύνατονηωιο
1114 1913 1342 1963 rescriptum
1352 1909 1457 1953 α’δύ-

786 1979 899 2013 νατα,
908 1968 1094 2018 probante
1103 1967 1290 2007 Valcken.
1311 1969 1361 2008 ad
1370 1972 1455 2008 Eu-

784 2022 898 2072 ripid.
920 2026 1077 2076 Hippol.
1092 2028 1187 2068 370.
1245 2028 1324 2065 Pro
1340 2028 1454 2079 βασι-

785 2080 884 2130 λῆος
903 2080 992 2118 dedi
1011 2081 1206 2133 βασιλέος.

842 2135 1135 2188 ὑπερβαλοίατο
1153 2135 1225 2179 τὸν
1245 2141 1453 2191 Δαρεῖον]

783 2199 817 2234 Ε
827 2193 967 2235 ῩειΙοΙς.
975 2194 1245 2233 emendatione
1265 2195 1452 2248 Schwgh.

781 2262 820 2292 et
841 2250 1038 2292 Schaefer.
1061 2251 1250 2292 dederunt
1269 2256 1343 2294 τοῦ
1365 2257 1453 2293 Δα-

782 2312 906 2364 ρείου,
928 2322 1018 2346 cum
1031 2322 1165 2347 omnes
1184 2311 1272 2347 libri
1291 2307 1360 2350 τὸν
1370 2315 1454 2350 Δα-

781 2372 914 2420 ρεῖον,
958 2379 1058 2418 quae
1078 2367 1193 2404 verba
1214 2368 1452 2418 Wesseling.

780 2436 934 2476 prorsus
965 2423 1082 2460 deleri
1103 2424 1238 2461 voluit.
1259 2424 1450 2462 Gaisford.

780 2483 938 2519 retinuit
958 2477 1030 2520 τόν
1055 2484 1253 2532 Δαρεῖον,
1290 2480 1348 2518 his
1381 2480 1450 2518 ad-

780 2540 910 2576 iectis:
942 2539 1104 2586 „Nescio
1116 2550 1233 2589 quare
1254 2536 1347 2589 quid
1359 2551 1451 2574 mu-

781 2603 919 2634 temus.
971 2595 1178 2645 Vulgatum
1196 2597 1446 2645 interpretor:

781 2654 922 2690 etiamsi
944 2651 1101 2689 Darium
1129 2655 1336 2698 superarent
1355 2651 1448 2700 quod

781 2709 833 2746 ad
866 2712 1070 2759 praesentes
1117 2710 1233 2758 copias
1272 2708 1445 2745 =attt'net.“

782 2764 895 2810 Quod
932 2766 1070 2801 merito
1106 2762 1297 2814 displicuit
1339 2762 1447 2801 Mat-

781 2822 878 2860 thiae
905 2828 1008 2858 recte
1040 2821 1071 2858 si
1103 2819 1195 2871 quid
1215 2818 1328 2857 video
1349 2818 1445 2858 haec

1070 2879 1120 2917 16
1139 2873 1164 2897 ᾗ
