1806 3181
373 168 456 208 78⁰

780 170 1229 209 HERODOTI

345 282 519 328 Ξψαντο
548 292 653 327 τους
682 276 905 328 ἐναντίους
925 277 1130 331 τετράκις.
1176 282 1314 324 Τοῦτο
1345 282 1391 325 δε
1420 283 1624 339 συνεστή-
1637 291 1682 326 25

371 359 439 387 κεε
470 342 589 399 μέχρι
623 338 679 386 οὗ
710 346 753 387 οἱ
782 345 862 387 σὺν
896 345 1101 403 Ἐπιάλτῃ
1133 347 1431 401 παρεγένοντο.

1491 367 1550 400 ως
1580 350 1627 394 δὲ

372 410 555 461 τούτους
590 411 711 466 ἥκειν
744 412 961 457 ἐπύθοντο
1006 415 1048 457 οἱ
1066 413 1279 470 Έλληνες,
1311 416 1513 460 ενθεῦτεν
1542 417 1624 461 ἑτε-

373 483 553 533 ροιοῦτο
593 478 640 522 τὸ
672 484 825 531 νεῖκος.
857 481 897 531 ἔς
927 497 970 524 τε
997 479 1078 536 γὰρ
1109 480 1157 524 τό
1203 483 1373 526 στεινὸν
1410 488 1487 541 τῆς
1515 485 1626 529 ὁδοῦ

376 546 619 603 ἀνεχώρεον
637 546 788 595 ὀπίσω,
818 548 892 591 καὶ
919 548 1300 604 παραμειψάμενοι
1319 549 1368 594 τό
1385 557 1533 608 τεῖχος,
1563 554 1625 596 ἐλ-
1637 560 1684 593 30

341 614 527 665 ὃθόντες
556 616 699 668 ἵζοντο
730 615 799 658 ἐπὶ
827 615 904 659 τὸν
931 616 1131 659 κολωνόν
1162 616 1319 669 πάντες
1341 617 1458 671 ἁλέες
1482 622 1526 663 οἱ
1555 619 1626 664 ἄλ-

369 688 451 734 λοι,
482 682 596 739 πλήν
629 685 845 739 Θηβαίων.

903 682 926 726 ὁ
959 685 1003 727 δὲ
1029 683 1224 736 κολωνός
1263 685 1350 729 ἐστι
1388 687 1436 730 ἐν
1471 690 1524 744 τῇ
1563 687 1626 730 ἐσ-

371 751 459 811 όδῳ
477 751 586 794 ὅκου
615 756 700 795 νῦν
729 751 751 795 ὁ
785 754 957 803 λίθινος
997 751 1105 795 λέων
1137 752 1284 809 ἕστηκε
1315 753 1383 797 ἐπὶ
1411 756 1624 812 Λεωνίδῃ.

342 819 421 864 4ἐν
449 818 590 875 τούτῳ
623 819 758 874 σφέας
800 823 862 877 τῷ
904 819 1030 877 χώρῳ
1059 819 1343 875 ἀλεξομένους
1381 824 1682 878 μαχαίρῃσι,35

368 893 483 931 τοῖσι
524 886 672 931 αὐτῶν
710 887 944 943 ἐτύγχανον
981 888 1042 932 ἔτι
1080 893 1354 942 περιεοῦσαι,
1403 891 1476 933 καὶ
1507 891 1626 946 χερσὶ

368 957 441 999 καὶ
471 954 676 1012 στόμασι,
707 955 954 1012 κατέχωσαν
983 957 1026 999 οἱ
1055 955 1275 1014 βάρβαροι
1304 955 1550 1014 βάλλοντες·
1582 958 1628 1001 οἱ
1681 961 1763 1000 612

313 1175 369 1181 —
401 1155 446 1190 In
479 1167 586 1206 seqq.
619 1152 884 1207 ὑπεξείρυσαν
915 1161 970 1194 est

311 1211 575 1248 subtraxerunt.

367 1269 485 1306 τοῦτο
526 1265 568 1306 δὲ
604 1263 866 1319 συνεστήκεε]
907 1268 969 1306 hoc

310 1321 327 1373 (
347 1324 373 1360 i.
403 1337 437 1361 e.
458 1323 551 1360 haec
578 1337 708 1375 pugna
739 1338 767 1361 s.
789 1324 850 1362 hic
874 1338 969 1362 cou-

310 1380 447 1425 fiictus)
460 1381 605 1418 duravit
626 1395 732 1431 usque
751 1381 845 1429 dum,
866 1395 895 1418 s.
914 1384 968 1419 z‘ta

304 1441 504 1486 pugnatum
531 1441 603 1484 est,
640 1438 733 1475 dum.
796 1438 906 1475 Conf.
936 1440 966 1486 Ι,

310 1493 387 1532 74:
429 1508 499 1543 της
532 1490 660 1544 μάχης
688 1506 968 1545 συνεστεωσης.

311 1547 423 1596 Quod
461 1551 631 1600 sequitur
665 1548 885 1601 ἑτεροιοῦτο
920 1567 964 1590 το

310 1609 443 1653 νεῖκος
453 1613 580 1643 sonat:
611 1611 782 1644 mutatum
799 1611 849 1643 est
861 1620 967 1658 proe-

310 1662 408 1710 Imm,
458 1663 568 1699 aliam
607 1676 751 1712 speczem
789 1666 966 1701 assumsit.

307 1720 366 1755 De
386 1732 480 1756 voce
490 1723 619 1765 νεῖκος
640 1718 719 1755 dixi
739 1718 788 1755 ad
810 1719 965 1768 V1,42;

309 1774 358 1812 de
395 1776 511 1812 verbo
553 1774 828 1825 ἕτεροιοῦσθαι
864 1777 965 1814 conf.

308 1833 376 1878 IX,
402 1835 494 1872 101.
523 1831 734 1869 Larcherus
755 1834 965 1870 contulerat

309 1889 559 1925 Homericum
599 1885 819 1940 ἕτεραλκής.
876 1889 963 1928 vid.

309 1944 444 1995 Odyss.
483 1946 564 1993 VII,
612 1948 678 1985 26.
728 1947 828 1993 VIII,
870 1949 963 1987 171.

307 2002 427 2049 XVII,
467 2004 560 2041 627.
605 2002 651 2038 Il.
690 2003 824 2050 XXII,
866 2005 962 2042 236.

306 2054 658 2109 παραμειψάμενοι
703 2059 958 2111 interpretor:

301 2117 557 2177 praetergressz
576 2128 724 2152 murum.

363 2165 550 2216 ἐλθόντες
570 2171 726 2220 ι’ζοντο]
758 2175 815 2209 De
845 2172 965 2222 parti-

307 2226 395 2277 cipii
414 2221 598 2272 ἐλθόντες
616 2240 686 2263 usu
707 2230 808 2264 conf.
827 2226 964 2265 Matth.

306 2284 373 2321 Gr.
396 2283 460 2320 Gr.
491 2284 525 2328 ξ.
548 2284 625 2323 557
660 2296 697 2333 p-
722 2286 828 2323 1102
850 2291 886 2320 et
916 2283 964 2320 de

306 2346 492 2376 structura
512 2340 617 2377 verbi
637 2338 792 2386 ιςεσθαι
801 2346 896 2376 nott.
916 2339 964 2376 ad

305 2396 351 2444 V,
377 2399 441 2435 12.

360 2447 456 2491 ὅκου
475 2452 551 2490 νῦν
571 2448 595 2490 0‘
615 2451 773 2499 λίθινος
803 2450 902 2491 λε’ων
924 2450 963 2491 ἕ·-

306 2509 456 2558 στηκε]
500 2508 600 2544 Hinc
631 2510 765 2545 merito
795 2509 961 2559 colligas,

304 2566 430 2615 ipsum
446 2563 683 2601 Herodotum
702 2564 769 2602 has
790 2566 962 2615 regiones

304 2622 471 2658 invisisse
494 2620 659 2671 indeque
681 2635 741 2659 eas
754 2629 831 2658 tam
852 2635 962 2658 accu-

305 2685 383 2714 rate
435 2677 682 2727 descripsisse.
742 2678 798 2714 Cf.
836 2680 961 2730 Heyse

307 2747 391 2784 pag.
421 2733 508 2774 124.
567 2734 747 2771 Observat
768 2741 895 2772 autem
916 2735 959 2774 C.

306 2791 351 2827 Ο.
373 2791 522 2828 muller.
543 2789 660 2841 (Dor.
681 2792 698 2828 Ι
717 2804 754 2842 p.
777 2790 856 2842 64)
877 2793 959 2829 leo-

1024 1169 1117 1193 nem
1155 1156 1268 1194 fuisse
1306 1156 1582 1207 Spartanorum
1619 1168 1683 1192 re-

1024 1226 1119 1263 gum
1138 1214 1297 1264 insigne,
1330 1212 1573 1264 eundemque
1592 1210 1683 1249 hinc

1027 1271 1141 1306 etiam
1152 1271 1190 1306 in
1200 1270 1364 1306 Menelai
1378 1271 1512 1321 clypeo
1528 1281 1683 1320 reprae-

1025 1333 1214 1363 sentatam
1244 1327 1420 1364 inveniri.
1477 1324 1540 1362 Ad
1573 1338 1685 1363 voces

1025 1381 1091 1421 ἐπὶ
1113 1383 1302 1436 Λεωνίδῃ
1333 1384 1392 1430 (in
1418 1381 1598 1419 Leonidae
1620 1382 1685 1419 Ιιο-

1023 1440 1166 1490 norem)
1197 1438 1275 1476 vid.
1303 1437 1438 1476 Matth.
1469 1440 1535 1475 Gr.
1558 1439 1624 1475 Gr.
1647 1439 1683 1484 ξ.

1024 1494 1119 1535 586.
1194 1497 1253 1532 De
1306 1496 1403 1532 colle
1450 1496 1683 1545 Wesseling.

1024 1552 1187 1588 conferri
1225 1553 1306 1589 vult
1333 1550 1548 1589 Philostrat.
1568 1553 1615 1589 V.
1634 1552 1686 1591 A.

1022 1608 1086 1654 IV,
1127 1611 1196 1648 23.
1246 1608 1434 1646 Simonid.
1472 1609 1603 1658 Epigr.
1640 1609 1681 1644 in

1021 1662 1232 1714 Antholog.
1270 1666 1325 1700 ΠΙ
1335 1694 1344 1711 ‚
1388 1664 1413 1705 5
1462 1677 1552 1715 pag.
1597 1666 1680 1704 296

1024 1719 1214 1768 [Brunck.
1243 1721 1369 1757 Anall.
1397 1722 1416 1756 I
1441 1733 1530 1771 pag.
1566 1721 1681 1769 131].

1024 1777 1097 1821 Qui
1124 1778 1227 1813 collis
1253 1778 1294 1813 in
1323 1778 1482 1813 introitu
1509 1777 1681 1813 faucium

1021 1834 1111 1869 situs
1133 1840 1186 1870 est
1205 1846 1322 1884 prope
1344 1846 1433 1869 eum
1452 1835 1594 1881 locum,
1613 1833 1680 1870 ubi

1020 1890 1140 1926 Turci
1162 1890 1252 1926 olim
1273 1891 1435 1940 vectigal
1463 1890 1678 1940 em'gebant,

1018 1946 1048 1983 is
1069 1945 1267 1983 Dodwello
1289 1946 1417 1995 (Reise
1439 1945 1474 1984 d.
1497 1948 1562 1983 Gr.
1583 1948 1630 1993 11,
1653 1949 1674 1987 1

1020 2015 1103 2053 cap.
1127 2004 1175 2042 18
1197 2017 1234 2053 p.
1258 2005 1336 2043 136
1357 2017 1453 2042 vers.
1475 2003 1678 2051 German.)

1020 2058 1082 2096 hic
1099 2060 1259 2109 intelligi
1278 2058 1440 2096 videtur.

1076 2118 1179 2154 τοῖσι
1204 2111 1337 2154 αὐτων
1381 2111 1594 2180 ετύγχανον
1621 2112 1678 2154 ε’τι

1019 2173 1276 2224 περιεοῦσαι]
1314 2185 1368 2209 sc.
1400 2172 1445 2211 αἱ
1471 2168 1676 2222 μάχαιραι.

1021 2229 1132 2269 Conf.
1155 2241 1267 2279 supra
1287 2229 1368 2275 VII,
1399 2230 1504 2267 223.
1527 2223 1676 2276 δόρατα

1021 2283 1092 2336 μέν
1114 2299 1189 2322 νυν
1207 2288 1308 2323 τοῖσι
1327 2279 1510 2322 πλεόνεσι
1541 2297 1674 2322 αυτων

1018 2342 1236 2390 τηνικαῦτα
1254 2335 1438 2391 ἐτύγχανε
1458 2335 1676 2391 κατεηγότα

1017 2394 1112 2446 ἠδη.
1168 2397 1254 2432 Fuit
1283 2397 1386 2432 enim
1413 2396 1513 2433 illius
1545 2396 1675 2433 aetatis

1019 2465 1123 2499 mos,
1170 2459 1213 2488 ut
1251 2451 1358 2489 hasta
1399 2452 1519 2490 fracta
1537 2451 1674 2504 gladiis

1017 2515 1225 2545 uterentur.

1073 2563 1299 2614 κατέχωσαν
1311 2563 1352 2604 οἷ
1371 2561 1567 2616 βάρβαροι
1575 2559 1674 2614 βάλ-

1018 2622 1179 2669 λοντες]
1236 2623 1261 2658 i.
1291 2635 1325 2659 e.
1355 2622 1438 2658 illos
1477 2621 1673 2670 (Graecos

1017 2679 1121 2723 scil.)
1152 2678 1212 2714 hoc
1233 2680 1271 2714 in
1293 2678 1364 2714 loco
1392 2691 1428 2715 se
1447 2677 1671 2728 defendentes

1016 2735 1164 2783 gladiz'S‚
1194 2735 1364 2781 manibus,
1386 2747 1453 2781 ore,
1482 2734 1669 2770 obruerunt

1015 2791 1144 2828 iaculis
1172 2789 1240 2839 (in
1269 2803 1333 2828 eos
1352 2787 1557 2840 coniectis)
1582 2788 1670 2825 bar-
