1806 3181
296 182 381 222 804
779 184 1180 226 EXCURSUS
1227 189 1299 226 111

294 291 447 345 (quales
479 300 568 332 sunt
597 293 732 347 Odyss.
762 296 889 347 XXII,
911 297 992 339 334
1013 313 1091 353 seq.
1111 301 1174 350 IV,
1197 300 1263 342 74.
1291 302 1396 342 Iliad.
1427 306 1494 354 XI,
1516 307 1615 359 772)
1644 322 1776 347 verum

293 362 409 398 etiam
443 361 491 399 ad
519 368 693 399 nostrum
724 365 853 401 locum
880 379 1112 420 omnesque,
1142 369 1181 405 in
1201 371 1336 422 quibus
1366 386 1544 412 sacrorum
1558 379 1776 425 privatorum

292 431 418 466 mentio
437 429 493 468 fit.
551 431 757 468 Faciebant
784 434 888 469 enim
917 447 1000 472 rem
1035 435 1205 474 divinam
1234 439 1368 476 Graeci
1396 441 1573 492 privatim
1596 443 1638 484 ἐν
1659 441 1774 500 αὐλῇ.

293 496 443 535 Platon.
465 497 628 548 Republ.
649 499 678 545 I,
700 501 726 539 2
746 512 785 549 Ρ.
807 501 887 540 328
908 515 946 552 Ρ.
969 501 994 542 4
1014 505 1095 541 Ast.
1117 503 1164 541 de
1195 505 1385 557 Cephalo:
1423 508 1603 558 τεθυκοὶς
1630 510 1704 566 γαρ
1737 513 1776 553 ε’-

289 560 481 617 τύγχανεν
503 564 545 605 ἐν
562 566 613 620 τῇ
633 560 738 619 αὐλῇ
757 567 794 602 in
815 568 989 617 impluvio.
1021 572 1075 611 Cf.
1098 573 1278 625 Xenoph.
1303 578 1480 615 Memorr.
1500 580 1529 627 I,
1556 583 1606 621 12
1627 587 1663 618 et
1679 594 1776 633 quae

289 631 328 667 in
343 633 598 683 copiosissimo
609 634 805 684 Epimetro
817 634 865 671 de
885 637 1053 676 Graecae
1070 639 1205 678 domus
1224 644 1392 693 partibus
1402 644 1602 697 disputavit
1612 647 1776 685 Schnei-

291 698 415 748 derus,
438 702 503 752 qui
522 701 731 739 Herodotei
749 703 912 740 locinon
933 706 1004 744 fuit
1024 709 1228 746 immemor
1247 724 1285 762 p.
1306 711 1387 753 274
1408 727 1487 766 seq.
1508 716 1648 767 Heynii
1669 717 1774 754 Obss.

291 766 340 804 ad
359 767 466 805 Iliad.
487 770 555 818 XI,
577 773 670 811 772.
729 771 841 816 Quod
863 780 990 810 autem
1012 776 1139 826 Apion
1168 778 1194 815 l.
1224 779 1250 815 l.
1285 784 1383 830 septa
1402 782 1465 818 sub
1486 782 1557 831 cliv,
1587 786 1627 822 in
1651 786 1775 835 quibus

289 849 365 874 oves
380 837 559 875 stabulari
583 838 751 886 solebant,
782 835 907 892 αὐλῆς
927 844 1085 881 nomine
1113 845 1423 897 comprehendit,
1458 852 1620 901 pertinet
1649 866 1694 890 ea
1716 867 1775 890 res

289 905 406 941 etiam
428 904 476 942 ad
495 907 541 945 N.
564 906 615 943 T.
636 907 848 958 scriptores.
908 910 972 946 Tu
993 911 1071 949 vid.
1094 912 1359 952 Valckenaerii
1381 917 1535 958 Selectt.
1557 919 1704 958 Scholl.
1725 920 1773 958 ad

287 972 588 1024 Wassenbergh.
609 987 648 1024 Ρ.
668 977 750 1016 269
770 989 848 1028 seq.
871 977 918 1014 ad
939 980 1032 1020 Luc,
1049 984 1115 1029 26,
1138 981 1205 1022 55.
1263 985 1390 1036 Atque
1418 986 1488 1036 ipsi
1507 986 1703 1026 Herodoto
1724 989 1774 1037 ΙΙ,

288 1039 367 1083 148
396 1041 436 1078 in
466 1040 716 1093 descriptione
735 1045 959 1097 Labyrinthi
989 1048 1216 1101 Aegyptiaci
1242 1049 1346 1090 hunc
1368 1049 1496 1106 αὐλῆς
1518 1055 1774 1106 significatum

283 1107 490 1147 vindicavit
510 1110 787 1163 Wyttenbach.
809 1112 857 1151 ad
878 1114 1032 1153 Selectt.
1061 1118 1259 1157 Historicc.
1287 1135 1326 1172 p.
1347 1120 1447 1167 355,
1477 1129 1520 1159 ut
1548 1130 1642 1161 esset
1668 1137 1774 1174 aper-

284 1179 360 1213 tum
380 1190 539 1228 superne.
596 1180 680 1215 Iam
699 1179 796 1217 nihil
813 1195 967 1220 necesse
988 1191 1043 1221 est
1063 1198 1221 1236 operose
1241 1202 1445 1240 exponere,
1464 1187 1622 1240 αὐλείας
1639 1189 1774 1246 θύρας

283 1241 360 1281 h.l.
381 1245 567 1283 Herodoti
586 1247 641 1283 nil
660 1247 764 1285 aliud
785 1262 864 1286 esse
886 1263 1002 1302 quam
1020 1251 1196 1304 ἑρκείους
1213 1253 1527 1312 analag-Aeschyli
1547 1261 1587 1297 in
1600 1259 1772 1312 Choeph.

283 1311 379 1353 559.
397 1311 492 1353 569.
515 1314 593 1355 651
616 1314 642 1351 i.
664 1328 698 1352 e.
719 1329 823 1367 quam
839 1330 898 1355 eas
909 1317 1007 1368 fores
1021 1349 1030 1367 ,
1063 1334 1151 1370 quae
1167 1336 1210 1360 ex
1228 1324 1315 1361 aula
1337 1321 1479 1381 (αὐλῇ)
1500 1340 1565 1378 per
1584 1331 1772 1366 maceriam

280 1377 471 1432 (ἕρκιον)
491 1383 529 1420 in
546 1383 640 1420 viam
662 1382 813 1422 ducunt.
868 1384 956 1423 vid.
978 1387 1164 1428 Valcken.
1188 1389 1236 1427 ad
1256 1390 1296 1431 h.
1317 1393 1344 1432 l.
1367 1401 1404 1431 et
1436 1393 1661 1433 Schneider.
1690 1397 1716 1434 l.
1744 1397 1770 1434 l.

279 1459 320 1497 p.
349 1450 454 1488 271:
494 1449 590 1487 illud
611 1461 633 1486 a
655 1451 766 1488 nobis
785 1452 979 1502 sigillatim
1009 1463 1064 1493 est
1085 1458 1364 1508 explorandum
1381 1491 1391 1510 ,
1427 1462 1590 1513 quomodo
1623 1463 1772 1502 locorum

278 1517 462 1553 vicinitate
471 1519 588 1555 iuncti
586 1516 726 1568 fuerint
735 1520 772 1556 in
786 1519 976 1560 Demarati
981 1524 1120 1562 aedium
1131 1527 1299 1577 impluvio
1316 1528 1477 1581 Iuppiter
1490 1530 1647 1568 Heraeus
1656 1538 1771 1584 atque

280 1582 500 1622 Astrahacus
516 1584 626 1623 heros.
645 1586 691 1622 In
703 1585 840 1625 domus
850 1591 1076 1629 Homericae
1097 1592 1350 1633 delineatione
1362 1600 1393 1634 I.
1404 1600 1451 1636 H.
1465 1599 1570 1637 Voss.
1592 1599 1641 1637 ad
1660 1613 1771 1638 suam

279 1647 635 1700 interpretationem
657 1654 791 1706 Odyss.
812 1670 962 1694 veruac.
982 1660 1091 1709 ponit
1112 1662 1210 1700 Iovis
1222 1666 1358 1702 Hercei
1369 1666 1599 1704 arammedz'd
1617 1669 1654 1704 in
1665 1667 1769 1706 aulet-

278 1716 364 1762 Qua
384 1715 432 1753 de
451 1730 492 1754 re
512 1731 616 1757 nunc
636 1734 715 1758 non
736 1724 869 1761 attinet
890 1724 1027 1766 dicere.
1058 1726 1120 1765 Ad
1139 1728 1378 1770 hastaricorum
1396 1737 1548 1772 veterum
1567 1735 1768 1784 rationem,

275 1796 396 1836 quam
414 1798 520 1824 nunc
541 1787 721 1839 expedire
740 1790 875 1830 studeo
888 1822 898 1841 ,
929 1796 1099 1832 maxime
1128 1797 1219 1835 facit
1238 1798 1472 1853 Pherecydis
1505 1803 1611 1840 locus
1639 1804 1770 1841 classi-

274 1864 342 1889 cus
362 1865 422 1903 ap.
445 1852 647 1894 Scholiast.
667 1858 846 1909 Apollon.
867 1862 932 1912 IV,
957 1866 1060 1906 1091
1085 1872 1122 1903 et
1141 1866 1181 1902 in
1196 1866 1450 1921 Pherecydeis
1470 1871 1612 1908 Sturzii
1640 1885 1679 1923 p.
1700 1873 1766 1920 78,

274 1919 341 1955 ubi
361 1917 409 1955 de
429 1921 575 1960 AcriSio
605 1925 657 1961 ita
677 1935 871 1967 narratur:
922 1930 1090 1984 Δανάην
1118 1931 1161 1973 δὲ
1178 1932 1339 1989 κατάγει
1365 1935 1441 1978 σύν
1472 1941 1527 1993 τῷ
1557 1938 1672 1979 παιδὶ
1701 1938 1768 1979 ἐπὶ

273 1982 345 2026 τὸν
362 1985 444 2027 ὖπό
466 1991 540 2028 τοῦ
555 1989 714 2044 Ἑρκίου
740 1993 840 2044 Διός
859 1995 1012 2050 βωμόν.
1069 2004 1174 2040 Haec
1195 2017 1434 2058 concoquere
1453 2008 1635 2060 nequibat
1652 2007 1767 2046 Stur-

276 2053 357 2091 zius
377 2069 415 2105 p.
427 2058 495 2097 80.
551 2059 696 2098 Vitium
716 2063 984 2106 inveteratum.
1039 2070 1138 2107 Nam
1157 2070 1395 2111 Phavorinus
1415 2075 1611 2126 vulgatam
1629 2076 1766 2113 retinet

274 2120 444 2174 itemque
481 2125 654 2165 Eudocia
672 2130 713 2166 in
739 2131 887 2171 Violeto
907 2149 945 2187 p.
967 2139 1034 2177 32.
1092 2139 1231 2176 Veram
1248 2154 1550 2196 germanamque
1576 2143 1765 2195 script0r1s

272 2201 435 2227 manum
453 2201 616 2242 praestat
637 2197 761 2237 codex
775 2200 1011 2241 Scholiastae
1030 2207 1222 2246 Parisinus
1248 2223 1288 2260 p.
1309 2209 1391 2251 314
1420 2210 1480 2249 ed.
1502 2209 1668 2260 Schaefi,
1698 2212 1764 2264 qui

274 2256 347 2293 ita:
379 2257 550 2311 Δανάην
576 2260 619 2301 δὲ
649 2264 745 2316 μετοὶ
773 2272 847 2308 τοῦ
873 2270 1019 2320 παιδός
1036 2274 1272 2329 καταγαγών
1292 2278 1348 2324 εἷς
1371 2275 1442 2318 τᾶν
1461 2275 1544 2318 dno*
1563 2275 1608 2318 τό
1629 2277 1763 2331 ἕρκιον

272 2323 349 2364 τοῦ
364 2323 462 2373 Διός
482 2326 620 2380 βωμόν
641 2330 679 2369 h.
702 2347 734 2371 e.
755 2335 804 2372 ad
822 2339 921 2376 Iovis
942 2353 1066 2389 aram,
1099 2356 1186 2393 quae
1218 2349 1270 2382 est
1299 2346 1362 2382 sub
1396 2348 1598 2384 maceriam.
1655 2346 1762 2392 Quae

272 2392 303 2429 si
323 2400 452 2431 nostro
472 2396 556 2433 loco
578 2397 776 2451 adhibeas,
808 2403 909 2443 dicas
929 2408 969 2444 in
990 2410 1185 2448 Demarati
1205 2419 1308 2449 corte
1336 2414 1397 2452 vel
1426 2415 1611 2466 impluvio
1642 2413 1695 2464 (i.
1725 2428 1761 2453 e·

270 2458 357 2495 aula
376 2461 553 2515 subdiali)
586 2474 622 2505 et
639 2469 721 2520 ipso
740 2473 877 2510 Hercei
894 2476 993 2513 Iovis
1012 2491 1117 2514 aram
1137 2482 1324 2518 maceriae
1346 2482 1429 2536 (τῷ
1449 2481 1592 2537 ἕρκίῳ)
1612 2489 1761 2520 tantum

270 2539 349 2563 non
372 2532 593 2581 contiguam
611 2535 738 2577 fuisse.
796 2543 878 2579 Iam
908 2557 998 2580 cum
1026 2545 1169 2583 ibidem
1198 2550 1395 2588 Astrabaci
1425 2549 1549 2588 herois
1577 2551 1760 2588 sacellum

271 2594 441 2633 locatum
462 2597 609 2639 dicatur
627 2602 735 2658 παρὰ
758 2611 850 2663 τῇσι
865 2607 1046 2667 αὐλείῃσι
1067 2610 1221 2671 θύρῃσι
1242 2618 1267 2657 i.
1291 2632 1324 2656 e.
1345 2618 1392 2656 ad
1416 2617 1591 2670 ἑρκείους
1609 2615 1756 2666 πύλαςτ

269 2671 571 2706 consentaneum
600 2679 654 2709 est
677 2673 831 2714 credere
845 2710 856 2728 ,
887 2679 982 2718 Iovis
1023 2681 1155 2721 Hercei
1175 2698 1275 2724 aram
1301 2686 1450 2724 locatam
1462 2686 1578 2737 fuisse
1597 2689 1634 2724 in
1654 2684 1754 2733 aula,

272 2731 306 2764 et
329 2732 466 2779 quidem
483 2736 527 2772 ab
550 2737 666 2777 altera
678 2747 783 2791 parte
802 2748 876 2783 eius
890 2751 1012 2797 portae
1026 2778 1036 2797 ‚
1067 2764 1157 2801 quae
1178 2766 1243 2803 per
1274 2758 1461 2794 maceriam
1480 2754 1586 2792 aulae
1605 2755 1643 2790 in
1658 2754 1755 2790 viam

265 2798 432 2849 patebat,
463 2802 602 2846 heroum
623 2813 740 2849 autem
754 2813 949 2854 Astrabaci
967 2819 1072 2856 situm
1083 2819 1204 2871 fnisse
1228 2827 1261 2861 et
1279 2826 1391 2876 ipsum
1412 2827 1451 2864 in
1466 2821 1578 2872 auld,
1609 2824 1754 2873 itemque
