1897 3249
422 167 1076 206 TERPSICHORE.
1135 168 1180 205 V.
1402 168 1453 208 ll

199 279 277 334 ζῇν
307 273 394 320 ἀπὸ
422 277 616 331 πολέμου
654 276 728 320 καὶ
768 276 993 332 ληϊστύος,
1043 276 1285 320 κάλλιστον.
1333 269 1457 319 οὗτοι

106 353 139 397 7
196 345 275 399 μέν
304 356 453 399 σφεων
483 346 526 387 οἱ
555 345 890 400 ἐπιφανέστατοι
918 345 1048 399 νόμοι
1084 346 1178 388 εἰσί.
1241 342 1378 393 Θεούς
1409 345 1454 386 δὲ
1467 344 1592 382 701)θοει
1609 343 1690 370 ⁵⁰¹⁰⁸
1706 350 1754 369 ⁰⁰·

1513 378 1579 404 lunt
1596 377 1741 410 Martem,

168 413 406 468 2σέβονται
443 412 639 468 μούνους
677 412 855 457 τούσδε·
909 412 1062 466 Ἄρεα,
1105 413 1177 456 καὶ
1218 411 1456 463 Διόνυσον,
1512 411 1771 444 Βᾶθῦὴυωνῦῑῦ·

1514 454 1580 471 nain
1594 454 1600 470 :
1629 452 1720 478 reges

191 481 265 523 καὶ
284 479 497 536 Ἄρτεμιν.
539 483 583 524 οἱ
612 481 657 525 δὲ
686 481 882 537 βασιλέες
905 480 1071 531 αὐτῶν,
1101 479 1237 533 πάρεξ
1266 483 1355 521 τῶν
1385 479 1453 521 ἄλ-
1513 478 1680 517 1³¹'29011‘112
1705 478 1788 518 Mer-

190 552 281 591 λων
301 549 567 604 πολιητέων,
598 548 799 605 σέβονται
825 548 985 605 Ἑρμῆν
1009 548 1194 604 μάλιστα
1220 551 1358 590 θεῶν·
1389 547 1462 590 καὶ

1515 520 1643 545 curium,
1663 512 1708 539 ori
1744 528 1755 532 -

1519 554 1588 572 nem
1607 545 1644 573 ab
1663 554 1699 574 eo
1712 520 1770 574 5¹ss-

1520 583 1635 607 centes.

193 613 410 669 ὀμνύουσι
428 621 600 671 μοῦνον
621 620 802 669 τοῦτον,
832 618 906 660 καὶ
925 616 1097 672 λέγουσι
1118 615 1343 671 γεγονέναι
1369 614 1456 659 ἀπὸ

102 674 136 719 8
190 682 352 739 Ἑρμέω
383 683 587 736 ἑωυτούς.
653 687 800 743 Ταφαὶ
829 686 874 730 δὲ
911 690 1024 729 τοῖσι
1054 683 1281 740 εὐδαίμοσι
1311 680 1589 732 αὕτώνῖὀι-ωῃ,

135 860 335 911 plerasque
349 865 482 910 gentes
498 859 728 897 amantiores
751 861 800 896 li-

115 940 119 941 ν
136 917 289 954 bertatis
319 915 557 953 habebantur
576 915 801 954 honoratio-

136 985 222 1010 res:
276 973 355 1010 vid.
393 973 536 1010 Herod.
577 975 626 1021 Π,
670 977 762 1015 167.
776 976 799 994 “

137 1028 376 1067 Valcken.
420 1030 525 1076 Quae
544 1031 626 1081 ipsa
653 1031 692 1066 in
714 1044 800 1067 me-

137 1088 303 1124 moriam
322 1094 505 1124 revocant
521 1088 799 1138 Spartanorum

136 1144 274 1181 similia
289 1145 470 1192 instituta,
493 1143 540 1181 de
561 1145 697 1196 quibus
706 1146 803 1181 Plu-

138 1199 258 1241 tarch.
270 1203 438 1252 Lycurg.
458 1200 512 1241 24
533 1200 802 1239 coll.Wachs-

137 1256 264 1295 muth.
285 1258 386 1295 Hell.
407 1256 690 1296 Alterthumsk.
710 1260 757 1306 ΙΙ,
778 1261 797 1299 1

138 1327 228 1366 pag.
250 1315 303 1356 50
333 1328 440 1367 seqq.
472 1328 543 1352 nec
572 1316 696 1366 magis
725 1315 801 1353 huc

135 1384 216 1408 non
236 1374 439 1422 pertinent,
462 1385 560 1423 quae
581 1371 628 1409 de
642 1374 802 1410 maiori-

136 1429 206 1465 bus
226 1431 361 1466 nostris
381 1429 508 1466 scribit
527 1430 684 1467 Tacitus
701 1431 800 1467 Ger-

135 1498 240 1523 man.
257 1485 307 1526 14
319 1485 398 1534 fin„
422 1486 488 1522 ubi
512 1485 590 1523 vid.
608 1487 799 1538 interpre-

135 1549 204 1580 tes.
253 1543 374 1579 Usum
397 1545 684 1594 praepositionis
717 1539 796 1584 ἆπὸ

135 1600 176 1635 in
194 1599 318 1637 verbis
338 1613 444 1652 seqq.
465 1596 510 1638 τό
533 1601 603 1651 ζῆν
624 1596 704 1640 ἀπὸ
723 1616 798 1640 πο-

135 1653 256 1706 λέμου
283 1655 352 1696 καὶ
372 1651 559 1708 ληϊστύος
581 1659 798 1696 notavimus

135 1711 186 1750 ad
215 1714 279 1759 IV,
309 1717 377 1755 22.
445 1715 503 1750 De
533 1715 658 1752 forma
694 1717 797 1754 vocis

135 1768 298 1819 ληϊστῦς
317 1777 431 1822 atque
452 1779 613 1809 accentu
632 1771 710 1809 vid.
731 1774 799 1809 Fi-

135 1824 258 1863 scher.
286 1826 335 1864 ad
353 1828 517 1865 VVeller.
540 1830 558 1865 1
588 1842 673 1879 pag.
697 1832 794 1871 398.

136 1883 336 1920 Pertinent
373 1882 450 1920 huc
477 1886 682 1922 Homerica
711 1885 798 1935 ἔδη-

137 1936 229 1988 τΰς,
269 1934 486 1990 ὄρχηστϋς,
525 1941 622 1990 (Od.
643 1943 680 1990 I,
705 1943 798 1983 152.

137 1993 253 2046 421.)
284 1996 369 2033 alia.

375 2120 467 2171 Cap.
488 2121 568 2158 vn.

174 2217 306 2274 ’‘Apsa,
319 2221 386 2261 καὶ
397 2217 614 2269 Διόνυσον,
623 2221 690 2261 καὶ
700 2219 797 2275 ’Ἁρ-

137 2279 271 2329 τεμιν]
322 2279 481 2317 Dz'anam
519 2293 540 2317 a
580 2278 797 2317 Thracibus

137 2336 279 2373 cultam
299 2336 413 2373 fuisse
426 2366 436 2384 ‚
468 2336 516 2373 ad
535 2338 598 2385 IV,
621 2339 673 2377 33
708 2349 799 2374 mo-

136 2393 304 2430 nuimus.
333 2392 506 2441 Martem,
527 2393 723 2444 Dionysum
738 2401 798 2431 at—

138 2462 212 2501 que
223 2448 463 2499 Mercurium,
485 2464 602 2503 quem
621 2463 712 2501 prae
733 2464 799 2488 ce-

138 2507 225 2543 teris
246 2519 353 2557 reges
383 2508 507 2546 colere
538 2507 727 2555 dicuntur,
749 2507 797 2544 ad

138 2562 403 2601 Samothracia
436 2577 541 2602 sacra
580 2562 685 2601 haud
717 2566 795 2601 scio

138 2632 189 2656 an
227 2620 366 2657 referre
406 2622 516 2659 liceat
529 2651 538 2669 ,
574 2623 795 2672 praesertim

138 2689 280 2728 quum,
311 2691 409 2730 quae
430 2677 715 2716 Samothraciae
737 2686 796 2715 at—

138 2746 214 2785 que.
234 2732 423 2772 Thraciae
442 2736 482 2772 iu
502 2735 713 2772 istiusmodi
733 2749 796 2773 re-

139 2790 210 2828 bus
247 2791 360 2828 fuerit
399 2793 661 2844 antiquissimo
700 2805 795 2831 aevo

1514 670 1681 704 Sepultura.
1703 670 1790 699 ditio-

857 860 1074 897 coniunctio
1086 889 1095 907 ‚
1117 859 1183 896 vix
1203 870 1437 910 quemquam
1452 857 1515 893 fn—

856 919 949 967 giat.
1005 918 1050 953 In
1092 916 1227 967 quibus
1257 916 1368 951 sacris
1398 928 1515 966 quem

855 975 986 1011 locum
1018 974 1183 1010 tenuerit
1213 971 1320 1009 Mars
1350 985 1379 1008 s.
1401 973 1514 1008 Axio-

857 1044 994 1078 cersus,
1027 1029 1118 1067 deus
1149 1041 1311 1079 magnus
1339 1029 1402 1064 ille
1429 1029 1514 1065 soe-

856 1087 1026 1125 cundans
1044 1117 1053 1133 ‚
1085 1087 1336 1137 omniumque
1365 1086 1406 1121 in
1443 1098 1516 1121 na—

857 1152 942 1182 tura
962 1157 1091 1181 rernm
1114 1156 1250 1194 parens
1266 1172 1275 1189 ‚
1298 1156 1318 1178 e
1340 1142 1516 1178 Creuzeri

859 1201 1113 1252 disputatione
1135 1200 1297 1251 (Symb.
1317 1200 1354 1234 II
1373 1212 1411 1249 p.
1434 1201 1510 1239 321

858 1259 957 1311 seq.)
979 1259 1066 1296 satis
1087 1258 1248 1306 intelligi
1267 1263 1403 1307 potest.
1442 1256 1515 1300 Qui

857 1315 961 1353 idem
983 1316 1191 1352 Creuzerus
1210 1314 1237 1350 l.
1257 1314 1283 1350 l.
1312 1326 1400 1363 pag.
1432 1315 1514 1353 326

858 1386 915 1425 sq.
940 1375 1020 1414 333
1052 1385 1108 1424 sq.
1147 1372 1257 1422 plura
1286 1369 1333 1406 de
1362 1370 1515 1421 reliquis

856 1429 948 1478 diis,
970 1430 1106 1481 quibus
1129 1429 1245 1465 etiam
1266 1427 1423 1464 Dianam
1444 1439 1515 1462 an-

854 1499 1058 1523 numerare
1078 1486 1207 1536 possis‚
1228 1483 1516 1521 sz'ocersamil-

854 1545 945 1591 lam,
975 1544 1127 1590 Martis,
1149 1549 1191 1579 ut
1211 1542 1357 1587 volunt,
1379 1541 1516 1577 coniu-

855 1614 958 1651 gem.
1003 1599 1082 1638 Sed
1101 1600 1192 1636 nolo
1212 1600 1253 1634 in
1271 1599 1407 1634 talibus
1429 1596 1516 1633 diu-

853 1660 927 1695 tius
948 1658 1157 1704 immorari‚
1177 1657 1217 1692 in
1230 1655 1365 1708 quibus
1386 1653 1517 1691 hario-

853 1716 924 1752 lari
962 1715 1110 1752 facilius
1148 1720 1225 1758 est,
1268 1725 1386 1764 quam
1424 1711 1517 1747 certi

855 1771 948 1824 quid
969 1771 1140 1809 definire.
1195 1768 1308 1814 Quod
1330 1782 1352 1805 a
1371 1767 1518 1805 Mercu-

853 1831 919 1877 rio,
949 1829 1154 1879 praecipuo
1185 1829 1289 1873 Deo,
1328 1825 1515 1874 originem

855 1885 994 1922 ducere.
1023 1884 1202 1921 dicuntur
1231 1895 1358 1932 reges,
1399 1893 1516 1917 nemo

852 1942 1074 1988 mirabitur,
1097 1940 1163 1991 qui
1183 1952 1289 1989 reges
1312 1937 1414 1988 apud
1434 1938 1519 1988 ple-

854 2011 991 2050 rasque
1012 1997 1244 2048 antiquitatis
1258 1996 1433 2032 nationes
1455 1993 1516 2031 di-

854 2056 943 2092 vina
966 2055 1055 2091 ferri
1094 2054 1231 2103 stirpe,
1277 2065 1298 2089 a
1329 2051 1397 2089 diis
1428 2052 1517 2102 ipsis

854 2112 916 2149 vel
937 2112 983 2148 ab
1004 2109 1183 2147 heroibus
1203 2108 1383 2146 oriundos
1396 2122 1518 2145 nove-

854 2171 915 2206 rit.
973 2169 1072 2204 Hinc
1093 2168 1200 2203 enim
1219 2167 1342 2203 maior
1361 2167 1514 2203 illorum

855 2225 1018 2276 dignitas
1040 2232 1155 2277 atque
1175 2224 1390 2261 auctoritas.

1076 2349 1170 2401 Cap.
1190 2349 1292 2386 VIII.

916 2450 1047 2500 Ταφαὶ
1087 2448 1130 2491 δὲ
1167 2454 1268 2492 τοῖσι
1308 2445 1513 2500 εὐδαίμοσι

856 2503 991 2547 αὐτῶν
1015 2507 1091 2547 εἰσὶ
1113 2508 1227 2557 αἵδε]
1261 2504 1395 2546 αὐτῶν
1424 2505 1512 2543 dedi

853 2578 922 2616 pro
935 2566 1038 2615 vulg.
1056 2560 1513 2613 αὐτέων-εὐδαίμονες

852 2629 942 2660 sunt
964 2623 1090 2660 divites
1109 2636 1140 2660 s.
1166 2623 1283 2669 beati,
1316 2627 1359 2657 ut
1387 2621 1511 2656 Latini

853 2680 992 2730 passim
1022 2681 1243 2732 loquuntur.
1296 2678 1353 2714 Cf.
1388 2679 1512 2714 Hero-

853 2735 932 2773 dot.
963 2738 992 2783 l,
1027 2739 1119 2777 133.
1151 2738 1229 2776 196
1259 2735 1387 2786 ibique
1415 2741 1512 2771 nott.

853 2791 1036 2845 Thucyd.
1057 2794 1086 2841 1,
1099 2795 1138 2833 6.
1160 2793 1259 2828 Hinc
1269 2792 1365 2828 infra
1376 2790 1421 2839 V,
1434 2793 1511 2832 28:
