1789 3213
389 232 478 268 AD
527 232 1010 270 HERODOTUM
1060 231 1113 281 V,
1151 234 1228 273 67.
1446 236 1524 276 801

50 343 220 382 scenicae
240 358 280 396 p.
301 346 338 386 6.
396 344 539 390 Quibus
562 343 660 382 adde
681 345 891 382 Hermanni
913 344 1101 397 disputata
1121 344 1170 382 ad
1189 345 1380 384 Aristotel.
1405 346 1530 397 poetic

48 413 115 460 m,
132 412 157 454 5
186 426 274 464 pag.
297 411 387 461 104,
417 413 483 464 qui
500 413 713 463 Epigenem
734 413 958 465 Sicyonium
977 415 1165 465 tragicum
1185 427 1207 450 a
1226 414 1390 450 Bentleii
1418 413 1532 451 dubi-

49 480 192 517 tatione
206 479 411 517 vindicavit
432 480 508 530 (Cf.
529 481 655 517 Bentl.
677 481 836 532 Opuscc.
855 494 894 531 p.
916 484 998 522 279
1018 495 1097 534 seq.
1121 481 1180 519 ed.
1201 481 1322 535 Lips.)
1376 483 1462 533 Ego
1483 495 1533 520 ex

50 546 171 584 Suida
192 547 294 597 (Vol.
315 549 352 584 H
369 563 407 599 p.
429 552 508 590 731
530 549 701 598 Kuster.)
723 555 760 586 et
779 547 918 586 Photio
936 547 950 596 (
960 551 1104 587 Lexico
1135 551 1201 588 Gr.
1222 563 1309 602 pag.
1331 553 1413 591 260
1433 548 1532 603 seq.)

50 615 97 652 ab
118 616 337 652 Hermanno
357 616 539 667 laudatis,
570 618 714 670 aliquot
732 617 847 654 verba
867 630 1071 669 apponam,
1103 632 1200 671 quae
1220 633 1310 657 cum
1338 617 1534 657 Herodoto

49 683 280 721 conferenda
314 698 392 722 esse
421 684 609 724 videntur.
671 681 799 724 Ου’ὅὲν
825 682 927 737 πρός
946 683 1018 726 τόν
1035 684 1250 727 Διόνυσον.
1301 684 1535 740 Ἐπιγένους

48 755 123 792 τοῦ
140 753 368 793 Σικυωνίου
387 754 610 808 τραγῳδίαν
629 752 685 799 εἰς
708 749 778 792 τόν
803 749 999 794 Διόνυσον
1026 751 1288 806 ποιήσαντος,
1320 751 1534 807 ἐπεφώνη-

49 817 126 860 σᾶν
141 836 246 869 τινες
274 823 390 862 τοῦτο
405 832 413 841 ·
444 817 543 860 ὅθεν
564 819 594 872 ἦ
613 821 820 873 παροιμία.
877 821 1039 862 Βέλτιον
1057 821 1100 862 δὲ
1121 820 1250 863 οὕτω·
1283 820 1327 864 τὸ
1350 820 1533 877 πρόσθεν

49 888 106 936 εἷς
128 886 198 929 τόν
223 885 425 930 Διόνυσον
453 884 691 941 γράφοντες,
721 885 876 938 τούτοις
896 885 1158 943 ἠγωνίζοντο,
1188 889 1288 945 ὅπερ
1307 890 1375 931 καὶ
1401 894 1534 931 Σατυ-

47 953 139 1008 ρικοῖ
161 955 322 1010 ἐλέγετο.
352 953 520 1007 ὕστερον
541 953 584 996 δὲ
605 953 845 1009 μεταβάντες
866 957 922 1005 εἰς
941 955 986 999 τὸ
1006 961 1224 1015 τραγῳδίας
1243 955 1435 1014 γράφειν,
1460 975 1535 1000 κα-

46 1022 96 1065 to?
116 1023 260 1077 μικρόν
278 1025 334 1072 εἰς
353 1019 512 1076 μύθους
540 1023 607 1064 καὶ
632 1025 806 1077 ἱστορίας
840 1022 1089 1078 ἐτράπησαν,
1120 1027 1258 1080 μηκέτι
1284 1031 1359 1068 τοῦ
1379 1024 1533 1068 Διονύ-

48 1105 122 1133 σου
145 1092 233 1145 (τοῦ
252 1096 356 1134 θεοῦ
375 1091 520 1142 Phot.)
551 1089 871 1144 μνημονεύοντες
893 1110 930 1134 κ.
955 1110 987 1134 τ.
1008 1097 1043 1135 λ.
1101 1097 1176 1133 Ubi
1197 1095 1350 1134 attende
1378 1095 1427 1134 ad
1444 1097 1530 1134 illa:

46 1162 185 1199 Postea
198 1175 288 1199 vero
308 1161 520 1212 tragoedias
540 1163 702 1198 scribere
722 1164 887 1213 aggressi
904 1165 1089 1214 paulatim
1109 1163 1158 1201 ad
1169 1164 1321 1215 fabulas
1351 1172 1389 1203 et
1422 1165 1532 1203 histo-

46 1231 122 1268 n'as
137 1229 512 1281 deflexerunt‚nullam
520 1228 661 1266 Bacchi
669 1231 871 1268 mentionem
879 1232 1031 1282 amplius
1041 1231 1226 1282 facientes.
1256 1234 1349 1271 Eius
1360 1234 1414 1271 rei
1430 1234 1533 1271 testis

48 1296 224 1334 laudatur
245 1296 502 1335 Chamaeleon
523 1299 564 1334 in
582 1298 679 1334 libro
702 1297 749 1334 de
766 1299 803 1335 T
805 1298 976 1350 hespide.
1014 1301 1102 1337 Non
1122 1301 1294 1351 neglexit
1320 1315 1406 1339 eam
1436 1315 1533 1350 rem,

48 1366 115 1421 qui
138 1379 263 1417 nuper
293 1365 341 1402 de
369 1365 427 1403 his
449 1366 588 1403 artibus
608 1366 806 1416 ingeniose
833 1365 1037 1418 disputavit
1065 1369 1096 1406 I.
1124 1370 1261 1406 Hauss.
1301 1369 1349 1407 ad
1387 1370 1538 1407 Aristo-

47 1435 130 1471 telis
157 1435 350 1485 poeticam
379 1435 425 1471 ab
449 1448 493 1472 eo
529 1433 670 1471 editam
689 1433 867 1485 Append.
888 1449 929 1486 p.
951 1439 1131 1478 67—73
1154 1444 1191 1474 et
1211 1438 1345 1475 iterato
1379 1436 1537 1474 Boeck-

46 1501 154 1550 hius,
184 1516 274 1540 cum
303 1504 343 1539 in
371 1503 493 1554 princ.
524 1503 658 1539 Graec.
679 1502 874 1553 Tragoed.
903 1518 943 1555 p.
970 1504 1054 1545 250
1083 1516 1203 1556 seqq„
1237 1511 1322 1542 tum
1344 1506 1385 1542 in
1413 1506 1535 1544 libro:

48 1569 110 1607 die
130 1569 513 1621 Staatshaushaltung
528 1569 596 1607 der
614 1568 787 1607 Athener
805 1571 890 1612 Vol,
911 1572 947 1607 H
966 1585 1004 1622 p.
1027 1573 1104 1612 361
1128 1585 1234 1623 seqq.
1259 1574 1392 1622 [363]‚
1421 1574 1488 1610 ubi
1514 1587 1536 1611 a

45 1639 211 1675 Bentleii
240 1641 462 1677 auctoritate
489 1651 600 1676 suam
632 1639 860 1675 sententiam
889 1639 1054 1690 seiungit
1089 1639 1207 1688 [Add.
1230 1640 1343 1690 Corp.
1363 1641 1538 1692 Inscript.

48 1708 184 1745 Graec.
210 1708 229 1743 Ι
262 1720 350 1758 pag.
379 1707 460 1749 765
492 1714 549 1756 et,
589 1706 655 1760 qui
691 1705 891 1744 Boeckhio
922 1708 1142 1756 assentitur,
1179 1709 1355 1744 Kreuser.
1377 1709 1536 1746 Homer.

46 1773 241 1826 Rhapsod.
271 1789 310 1826 p.
340 1777 422 1816 296
451 1787 557 1827 seqq.
597 1774 692 1823 Br.]
725 1770 783 1826 ᾖ).
844 1775 1058 1813 comoediam
1079 1788 1100 1812 a
1131 1776 1319 1827 Sicyoniis
1339 1776 1537 1813 inventam

46 1842 173 1894 prodit
203 1843 350 1880 Orestes
379 1847 492 1893 poeta
511 1843 551 1878 in
572 1841 783 1894 Antholog.
814 1844 880 1880 Gr.
900 1844 948 1890 ΙΙ,
969 1846 1010 1883 2.
1031 1846 1127 1884 331.
1159 1840 1384 1894 (Antholog.
1413 1844 1537 1881 Palat.

46 1911 132 1948 Vol.
153 1911 189 1947 Π
206 1923 294 1962 pag.
317 1913 398 1952 328
419 1924 498 1963 seq.
519 1924 577 1948 nr.
601 1910 699 1962 32),
730 1917 831 1948 recte
851 1912 1065 1962 explicante
1085 1911 1255 1949 Iacobsio
1284 1911 1326 1947 in
1344 1910 1538 1949 Animad-

45 1991 160 2018 verss.
195 1980 243 2027 Π,
277 1983 305 2020 2
331 1991 419 2029 pag.
451 1981 533 2020 332
563 1974 622 2029 ᾗ).
682 1979 885 2017 Caeterum
922 1991 1039 2016 nemo
1070 1991 1227 2026 eorum,
1255 1979 1321 2030 qui
1341 1977 1467 2017 adhuc
1488 1979 1537 2017 de

47 2047 244 2099 utriusque
287 2049 375 2086 artis
407 2046 623 2100 primordiis
646 2046 896 2100 disputarunt,
923 2052 1114 2098 reputasse
1134 2044 1298 2096 videtur,
1321 2059 1437 2099 quam
1457 2048 1538 2087 vim

92 2238 131 2284 *)
153 2238 252 2274 Adde
275 2239 372 2274 hisce
395 2251 459 2283 ea,
481 2251 569 2285 quae
593 2240 657 2274 hac
681 2239 725 2274 de
748 2251 788 2274 re
811 2239 917 2274 habet
949 2237 1100 2273 Schultz.
1135 2237 1265 2283 Appar.
1298 2237 1410 2272 critic.
1433 2249 1468 2283 p.
1495 2239 1536 2273 8:

159 2297 241 2341 „De
265 2297 380 2332 choris
404 2297 565 2343 tragicis,
592 2309 675 2343 quos
699 2297 785 2331 dicit
807 2297 1127 2331 Herodotus—res
1154 2294 1238 2329 satis
1261 2296 1415 2332 obscura.
1462 2296 1538 2330 Ne-

161 2365 230 2400 que
252 2360 366 2390 tamen
390 2355 527 2389 dubium
550 2355 708 2397 videtur,
732 2355 814 2400 quin
840 2367 912 2389 eam
936 2355 1043 2400 ipsam
1068 2354 1112 2388 ob
1137 2364 1271 2387 causam
1296 2352 1448 2395 Sicyonii
1472 2352 1538 2386 sibi

161 2412 372 2447 vindicarint
403 2411 605 2457 tragoediae
636 2412 868 2446 inventionem
898 2411 991 2457 iique
1015 2410 1231 2454 intelligendi
1256 2410 1323 2443 sint
1348 2407 1440 2443 ἔνιοι
1462 2410 1539 2443 τῶν

163 2465 203 2504 ἒν
227 2466 497 2515 Πελοποννήσῳ
518 2469 553 2503 in
576 2468 751 2503 Aristotel.
777 2470 818 2503 A.
841 2470 882 2503 P.
907 2480 981 2514 cap.
1009 2469 1032 2503 3
1056 2470 1088 2510 §.
1117 2469 1150 2502 5.
1185 2467 1301 2500 Herm.
1330 2467 1404 2501 coll.
1441 2467 1539 2501 The-

161 2525 248 2560 mist.
266 2527 367 2560 Orat.
390 2526 527 2561 XXVII
549 2539 584 2572 p.
604 2528 673 2562 337
688 2527 737 2565 B.
756 2527 827 2570 [ubi
846 2524 1054 2572 τραγῳδίας
1078 2521 1226 2568 εὑρεταὶ
1247 2521 1313 2567 μὲν
1326 2522 1541 2568 Σικυώνιοι,

160 2582 406 2627 τελεσιουργοὶ
429 2580 468 2617 δὲ
490 2579 648 2618 Ἀττικοὶ
668 2584 841 2628 ποιηταίε
866 2584 909 2618 de
933 2596 999 2629 quo
1023 2583 1097 2616 loco
1122 2587 1391 2627 argumentoque
1424 2582 1540 2616 confer

164 2641 208 2676 sis
241 2643 288 2675 G.
318 2640 518 2675 Schneider.
555 2641 607 2674 De
643 2641 754 2685 origg.
781 2641 939 2685 tragoed.
965 2652 1040 2685 cap.
1065 2640 1088 2674 3
1111 2651 1147 2684 p.
1169 2639 1214 2673 22
1238 2639 1359 2684 seqq]
1403 2638 1540 2672 Anthol.

161 2700 228 2733 Gr.
261 2697 384 2745 Epigr.
418 2694 548 2732 οἷδεσπ.
575 2699 638 2733 171
664 2698 699 2731 in
723 2698 877 2732 Analect.
901 2699 961 2731 Br.
988 2697 1038 2730 111
1062 2708 1096 2741 p.
1123 2695 1190 2731 184
1215 2696 1335 2740 (Anth.
1371 2695 1465 2740 Lips.
1487 2694 1539 2728 lv

161 2768 196 2802 p.
233 2757 311 2791 151.
344 2756 446 2789 Anth.
477 2755 587 2789 Palat.
622 2754 657 2788 11
688 2766 723 2799 p.
753 2756 820 2790 797
844 2767 895 2788 nr.
925 2755 1006 2798 116)
1039 2761 1074 2788 et
1099 2754 1247 2788 Orestae
1271 2751 1393 2798 Epigr.
1429 2750 1476 2784 11.
1502 2751 1538 2785 in

162 2813 271 2847 Anall.
303 2814 363 2848 Br.
396 2812 430 2847 11
454 2824 534 2859 pag.
559 2812 626 2849 289
643 2812 763 2857 (Anth.
791 2812 884 2859 Lips.
908 2811 959 2845 111
984 2822 1064 2857 pag.
1091 2813 1122 2847 1.
1142 2810 1217 2846 Pal.
1239 2810 1273 2844 11
1290 2821 1369 2856 pag.
1392 2809 1461 2847 328
1485 2819 1536 2843 nr.

163 2872 267 2914 32).“
290 2869 369 2913 Br.]

104 2920 326 2957 nmmum.
345 2920 413 2956 III.
1208 2914 1258 2955 51
