<?xml version="1.0" encoding="UTF-8"?>
<!DOCTYPE html PUBLIC "-//W3C//DTD XHTML 1.0 Transitional//EN"
    "http://www.w3.org/TR/xhtml1/DTD/xhtml1-transitional.dtd">
<html xmlns="http://www.w3.org/1999/xhtml" xml:lang="en" lang="en">
 <head>
  <title>
</title>
<meta http-equiv="Content-Type" content="text/html;charset=utf-8" />
  <meta name='ocr-system' content='tesseract 3.04.00' />
  <meta name='ocr-capabilities' content='ocr_page ocr_carea ocr_par ocr_line ocrx_word'/>
</head>
<body>
  <div class='ocr_page' id='page_1' title='image "./musaeherodoto03hero/musaeherodoto03hero_0323.png"; bbox 0 0 1834 3258; ppageno 0'>
   <div class='ocr_carea' id='block_1_1' title="bbox 554 208 991 246">
    <p class='ocr_par' dir='ltr' id='par_1_1' title="bbox 554 208 991 246">
     <span class='ocr_line' id='line_1_1' title="bbox 554 208 991 246; baseline -0.005 0"><span class='ocrx_word' id='word_1_1' title='bbox 554 208 859 246; x_wconf 88' lang='lat' dir='ltr'><strong>ERATO.</strong></span> <span class='ocrx_word' id='word_1_2' title='bbox 919 209 991 246; x_wconf 88' lang='lat' dir='ltr'><strong>VI.</strong></span> 
     </span>
    </p>
   </div>
   <div class='ocr_carea' id='block_1_2' title="bbox 1321 207 1404 248">
    <p class='ocr_par' dir='ltr' id='par_1_2' title="bbox 1321 207 1404 248">
     <span class='ocr_line' id='line_1_2' title="bbox 1321 207 1404 248; baseline 0 -1"><span class='ocrx_word' id='word_1_3' title='bbox 1321 207 1404 248; x_wconf 74' lang='lat'><strong>813</strong></span> 
     </span>
    </p>
   </div>
   <div class='ocr_carea' id='block_1_3' title="bbox 123 312 1461 578">
    <p class='ocr_par' dir='ltr' id='par_1_3' title="bbox 123 312 1461 578">
     <span class='ocr_line' id='line_1_3' title="bbox 152 312 1402 374; baseline -0.006 -9"><span class='ocrx_word' id='word_1_4' title='bbox 152 322 221 374; x_wconf 77' lang='grc' dir='ltr'><strong>δὲ,</strong></span> <span class='ocrx_word' id='word_1_5' title='bbox 250 314 528 372; x_wconf 75' lang='grc' dir='ltr'><em>ἐπιστάμενός</em></span> <span class='ocrx_word' id='word_1_6' title='bbox 556 333 600 360; x_wconf 87' lang='grc' dir='ltr'><strong>τε</strong></span> <span class='ocrx_word' id='word_1_7' title='bbox 629 316 708 360; x_wconf 76' lang='grc' dir='ltr'><strong>τόν</strong></span> <span class='ocrx_word' id='word_1_8' title='bbox 736 316 896 372; x_wconf 86' lang='grc' dir='ltr'><em>χρόνον</em></span> <span class='ocrx_word' id='word_1_9' title='bbox 922 319 982 372; x_wconf 78' lang='grc' dir='ltr'><strong>τῷ</strong></span> <span class='ocrx_word' id='word_1_10' title='bbox 1009 312 1192 372; x_wconf 78' lang='grc' dir='ltr'><em>ἠγάγετο</em></span> <span class='ocrx_word' id='word_1_11' title='bbox 1222 315 1303 371; x_wconf 82' lang='grc' dir='ltr'><strong>τήν</strong></span> <span class='ocrx_word' id='word_1_12' title='bbox 1329 332 1402 370; x_wconf 76' lang='grc' dir='ltr'><strong>γυ-</strong></span> 
     </span>
     <span class='ocr_line' id='line_1_4' title="bbox 150 382 1402 440; baseline -0.006 -8"><span class='ocrx_word' id='word_1_13' title='bbox 150 392 300 438; x_wconf 83' lang='grc' dir='ltr'><em>ναῖκα,</em></span> <span class='ocrx_word' id='word_1_14' title='bbox 339 386 411 428; x_wconf 86' lang='grc' dir='ltr'><strong>καὶ</strong></span> <span class='ocrx_word' id='word_1_15' title='bbox 432 385 499 428; x_wconf 80' lang='grc' dir='ltr'><strong>ἐπὶ</strong></span> <span class='ocrx_word' id='word_1_16' title='bbox 529 383 756 427; x_wconf 82' lang='grc' dir='ltr'><em>δακτύλων</em></span> <span class='ocrx_word' id='word_1_17' title='bbox 785 382 1157 440; x_wconf 82' lang='grc' dir='ltr'><em>συμβαλλεόμενος</em></span> <span class='ocrx_word' id='word_1_18' title='bbox 1185 382 1288 434; x_wconf 83' lang='grc' dir='ltr'><strong>τούς</strong></span> <span class='ocrx_word' id='word_1_19' title='bbox 1320 386 1402 438; x_wconf 88' lang='grc' dir='ltr'><strong>μῆ-</strong></span> 
     </span>
     <span class='ocr_line' id='line_1_5' title="bbox 123 450 1400 508; baseline -0.004 -10"><span class='ocrx_word' id='word_1_20' title='bbox 123 461 258 506; x_wconf 76' lang='grc' dir='ltr'><em>Βνας,</em></span> <span class='ocrx_word' id='word_1_21' title='bbox 297 451 387 497; x_wconf 79' lang='grc' dir='ltr'><em>εἶπε</em></span> <span class='ocrx_word' id='word_1_22' title='bbox 425 450 665 508; x_wconf 79' lang='grc' dir='ltr'><strong><em>ἀπομόσας,</em></strong></span> <span class='ocrx_word' id='word_1_23' title='bbox 704 450 828 504; x_wconf 80' lang='grc' dir='ltr'><strong><em>,,Οὐκ</em></strong></span> <span class='ocrx_word' id='word_1_24' title='bbox 859 451 914 495; x_wconf 73' lang='grc' dir='ltr'><strong>ἂν</strong></span> <span class='ocrx_word' id='word_1_25' title='bbox 954 451 1056 506; x_wconf 79' lang='grc' dir='ltr'><em>ἐμὸς</em></span> <span class='ocrx_word' id='word_1_26' title='bbox 1092 452 1196 506; x_wconf 81' lang='grc' dir='ltr'><em>εἴη.“</em></span> <span class='ocrx_word' id='word_1_27' title='bbox 1260 454 1400 494; x_wconf 88' lang='grc' dir='ltr'><em>Τοῦτο</em></span> 
     </span>
     <span class='ocr_line' id='line_1_6' title="bbox 149 516 1461 578; baseline -0.003 -13"><span class='ocrx_word' id='word_1_28' title='bbox 149 520 345 578; x_wconf 81' lang='grc' dir='ltr'><em>ἤκουσαν</em></span> <span class='ocrx_word' id='word_1_29' title='bbox 369 519 446 576; x_wconf 73' lang='grc' dir='ltr'><strong>μὲν</strong></span> <span class='ocrx_word' id='word_1_30' title='bbox 476 522 518 563; x_wconf 82' lang='grc' dir='ltr'><strong>οἱ</strong></span> <span class='ocrx_word' id='word_1_31' title='bbox 540 519 716 575; x_wconf 78' lang='grc' dir='ltr'><em>ἔφοροι·</em></span> <span class='ocrx_word' id='word_1_32' title='bbox 745 523 923 575; x_wconf 80' lang='grc' dir='ltr'><em>πρῆγμα</em></span> <span class='ocrx_word' id='word_1_33' title='bbox 944 519 1088 573; x_wconf 81' lang='grc' dir='ltr'><em>μέντοι</em></span> <span class='ocrx_word' id='word_1_34' title='bbox 1113 516 1245 562; x_wconf 75' lang='grc' dir='ltr'><em>οὐδὲν</em></span> <span class='ocrx_word' id='word_1_35' title='bbox 1261 517 1404 574; x_wconf 78' lang='grc' dir='ltr'><em>ἐποιή-</em></span> <span class='ocrx_word' id='word_1_36' title='bbox 1415 526 1461 578; x_wconf 62' lang='lat'><strong>70</strong></span> 
     </span>
    </p>
   </div>
   <div class='ocr_carea' id='block_1_4' title="bbox 150 588 669 643">
    <p class='ocr_par' dir='ltr' id='par_1_4' title="bbox 150 588 669 643">
     <span class='ocr_line' id='line_1_7' title="bbox 150 588 669 643; baseline -0.004 -11"><span class='ocrx_word' id='word_1_37' title='bbox 150 600 282 633; x_wconf 85' lang='grc' dir='ltr'><em>σαντο</em></span> <span class='ocrx_word' id='word_1_38' title='bbox 321 588 370 632; x_wconf 86' lang='grc' dir='ltr'><strong>τὸ</strong></span> <span class='ocrx_word' id='word_1_39' title='bbox 409 589 669 643; x_wconf 79' lang='grc' dir='ltr'><strong><em>παραυτίκα.</em></strong></span> 
     </span>
    </p>
   </div>
   <div class='ocr_carea' id='block_1_5' title="bbox 733 586 1404 645">
    <p class='ocr_par' dir='ltr' id='par_1_5' title="bbox 733 586 1404 645">
     <span class='ocr_line' id='line_1_8' title="bbox 733 586 1404 645; baseline -0.006 -12"><span class='ocrx_word' id='word_1_40' title='bbox 733 586 756 633; x_wconf 87' lang='grc' dir='ltr'>ὁ</span> <span class='ocrx_word' id='word_1_41' title='bbox 794 587 840 630; x_wconf 78' lang='grc' dir='ltr'><strong>δὲ</strong></span> <span class='ocrx_word' id='word_1_42' title='bbox 879 591 980 637; x_wconf 81' lang='grc' dir='ltr'><em>παῖς</em></span> <span class='ocrx_word' id='word_1_43' title='bbox 1015 586 1191 642; x_wconf 82' lang='grc' dir='ltr'><em>ηὔξετο,</em></span> <span class='ocrx_word' id='word_1_44' title='bbox 1230 587 1304 630; x_wconf 81' lang='grc' dir='ltr'><strong>καὶ</strong></span> <span class='ocrx_word' id='word_1_45' title='bbox 1343 589 1404 645; x_wconf 73' lang='grc' dir='ltr'><strong>τῷ</strong></span> 
     </span>
    </p>
   </div>
   <div class='ocr_carea' id='block_1_6' title="bbox 144 653 1406 713">
    <p class='ocr_par' dir='ltr' id='par_1_6' title="bbox 144 653 1406 713">
     <span class='ocr_line' id='line_1_9' title="bbox 144 653 1406 713; baseline -0.002 -14"><span class='ocrx_word' id='word_1_46' title='bbox 144 653 369 711; x_wconf 79' lang='grc' dir='ltr'><strong><em>Ἀρίστωνι</em></strong></span> <span class='ocrx_word' id='word_1_47' title='bbox 396 655 445 700; x_wconf 84' lang='grc' dir='ltr'><strong>τὸ</strong></span> <span class='ocrx_word' id='word_1_48' title='bbox 481 655 708 713; x_wconf 81' lang='grc' dir='ltr'><em>εἰρημένον</em></span> <span class='ocrx_word' id='word_1_49' title='bbox 756 654 973 711; x_wconf 82' lang='grc' dir='ltr'><em>μετέμελε·</em></span> <span class='ocrx_word' id='word_1_50' title='bbox 1016 655 1152 697; x_wconf 88' lang='grc' dir='ltr'><em>παῖδα</em></span> <span class='ocrx_word' id='word_1_51' title='bbox 1199 653 1284 710; x_wconf 61' lang='grc' dir='ltr'><strong>γὰρ</strong></span> <span class='ocrx_word' id='word_1_52' title='bbox 1327 654 1406 698; x_wconf 87' lang='grc' dir='ltr'><strong>τὸν</strong></span> 
     </span>
    </p>
   </div>
   <div class='ocr_carea' id='block_1_7' title="bbox 102 776 369 784">
    <p class='ocr_par' dir='ltr' id='par_1_7' title="bbox 102 776 369 784">
     <span class='ocr_line' id='line_1_10' title="bbox 102 776 369 784; baseline 0 2474"><span class='ocrx_word' id='word_1_53' title='bbox 102 776 369 784; x_wconf 95' lang='lat' dir='ltr'><strong> </strong></span> 
     </span>
    </p>
   </div>
   <div class='ocr_carea' id='block_1_8' title="bbox 94 838 1464 890">
    <p class='ocr_par' dir='ltr' id='par_1_8' title="bbox 94 838 1464 890">
     <span class='ocr_line' id='line_1_11' title="bbox 94 838 1464 890; baseline -0.001 -14"><span class='ocrx_word' id='word_1_54' title='bbox 94 853 202 888; x_wconf 88' lang='lat' dir='ltr'><strong>mur,</strong></span> <span class='ocrx_word' id='word_1_55' title='bbox 235 842 298 878; x_wconf 91' lang='lat' dir='ltr'><strong>ille</strong></span> <span class='ocrx_word' id='word_1_56' title='bbox 327 841 418 878; x_wconf 74' lang='lat' dir='ltr'><strong>sedit</strong></span> <span class='ocrx_word' id='word_1_57' title='bbox 446 842 483 877; x_wconf 82' lang='lat' dir='ltr'><strong>in</strong></span> <span class='ocrx_word' id='word_1_58' title='bbox 504 853 658 878; x_wconf 79' lang='lat' dir='ltr'><strong>consessu</strong></span> <span class='ocrx_word' id='word_1_59' title='bbox 671 853 747 878; x_wconf 86' lang='lat' dir='ltr'><strong>cum</strong></span> <span class='ocrx_word' id='word_1_60' title='bbox 804 841 914 877; x_wconf 86' lang='lat' dir='ltr'><strong>rebus</strong></span> <span class='ocrx_word' id='word_1_61' title='bbox 963 838 1228 890; x_wconf 82' lang='lat' dir='ltr'><strong>computandis</strong></span> <span class='ocrx_word' id='word_1_62' title='bbox 1267 844 1464 875; x_wconf 86' lang='lat' dir='ltr'><strong>uterentur</strong></span> 
     </span>
    </p>
   </div>
   <div class='ocr_carea' id='block_1_9' title="bbox 95 889 757 1345">
    <p class='ocr_par' dir='ltr' id='par_1_9' title="bbox 95 889 757 1345">
     <span class='ocr_line' id='line_1_12' title="bbox 95 889 751 947; baseline 0 -13"><span class='ocrx_word' id='word_1_63' title='bbox 95 897 249 947; x_wconf 71' lang='lat' dir='ltr'><strong>ephori-53</strong></span> <span class='ocrx_word' id='word_1_64' title='bbox 271 911 361 934; x_wconf 88' lang='lat' dir='ltr'><strong>nam</strong></span> <span class='ocrx_word' id='word_1_65' title='bbox 382 889 522 936; x_wconf 69' lang='grc' dir='ltr'><em>θαῖκον</em></span> <span class='ocrx_word' id='word_1_66' title='bbox 541 898 604 933; x_wconf 88' lang='lat' dir='ltr'><strong>ille</strong></span> <span class='ocrx_word' id='word_1_67' title='bbox 625 898 751 947; x_wconf 70' lang='lat' dir='ltr'><strong>posuit</strong></span> 
     </span>
     <span class='ocr_line' id='line_1_13' title="bbox 95 953 751 1005; baseline 0.002 -16"><span class='ocrx_word' id='word_1_68' title='bbox 95 955 311 991; x_wconf 85' lang='lat' dir='ltr'><strong>Homerum</strong></span> <span class='ocrx_word' id='word_1_69' title='bbox 341 955 515 1001; x_wconf 82' lang='lat' dir='ltr'><strong>imitans,</strong></span> <span class='ocrx_word' id='word_1_70' title='bbox 554 955 595 990; x_wconf 88' lang='lat' dir='ltr'><strong>in</strong></span> <span class='ocrx_word' id='word_1_71' title='bbox 617 953 751 1005; x_wconf 77' lang='lat' dir='ltr'><strong>Odyss.</strong></span> 
     </span>
     <span class='ocr_line' id='line_1_14' title="bbox 97 1007 752 1058; baseline 0 -10"><span class='ocrx_word' id='word_1_72' title='bbox 97 1010 143 1058; x_wconf 90' lang='lat' dir='ltr'><strong>V,</strong></span> <span class='ocrx_word' id='word_1_73' title='bbox 163 1013 210 1051; x_wconf 81' lang='lat'><strong>3:</strong></span> <span class='ocrx_word' id='word_1_74' title='bbox 253 1008 364 1050; x_wconf 79' lang='grc' dir='ltr'><em>οἶδὲ</em></span> <span class='ocrx_word' id='word_1_75' title='bbox 397 1009 489 1050; x_wconf 84' lang='grc' dir='ltr'><em>θεοὶ</em></span> <span class='ocrx_word' id='word_1_76' title='bbox 522 1007 752 1050; x_wconf 78' lang='grc' dir='ltr'><em>θῶκόνδε</em></span> 
     </span>
     <span class='ocr_line' id='line_1_15' title="bbox 97 1065 752 1117; baseline -0.002 -13"><span class='ocrx_word' id='word_1_77' title='bbox 97 1068 346 1114; x_wconf 81' lang='grc' dir='ltr'><em>καθίζανον,</em></span> <span class='ocrx_word' id='word_1_78' title='bbox 382 1068 448 1103; x_wconf 86' lang='lat' dir='ltr'><strong>ubi</strong></span> <span class='ocrx_word' id='word_1_79' title='bbox 474 1065 693 1104; x_wconf 87' lang='lat' dir='ltr'><strong>Eustathius</strong></span> <span class='ocrx_word' id='word_1_80' title='bbox 713 1080 752 1117; x_wconf 90' lang='lat' dir='ltr'><strong>p.</strong></span> 
     </span>
     <span class='ocr_line' id='line_1_16' title="bbox 100 1120 755 1174; baseline 0.003 -14"><span class='ocrx_word' id='word_1_81' title='bbox 100 1122 220 1171; x_wconf 86' lang='grc'><strong>1520,</strong></span> <span class='ocrx_word' id='word_1_82' title='bbox 251 1127 303 1164; x_wconf 84' lang='grc'><strong>37</strong></span> <span class='ocrx_word' id='word_1_83' title='bbox 331 1125 597 1174; x_wconf 83' lang='lat' dir='ltr'><strong>interpretatur</strong></span> <span class='ocrx_word' id='word_1_84' title='bbox 615 1120 657 1162; x_wconf 86' lang='grc' dir='ltr'><strong>τὸ</strong></span> <span class='ocrx_word' id='word_1_85' title='bbox 690 1122 755 1162; x_wconf 77' lang='grc' dir='ltr'><strong>ἐκ-</strong></span> 
     </span>
     <span class='ocr_line' id='line_1_17' title="bbox 98 1175 754 1230; baseline -0.003 -12"><span class='ocrx_word' id='word_1_86' title='bbox 98 1175 333 1229; x_wconf 74' lang='grc' dir='ltr'><em>κλησιάζειν,</em></span> <span class='ocrx_word' id='word_1_87' title='bbox 355 1180 568 1230; x_wconf 80' lang='lat' dir='ltr'><strong>refragante</strong></span> <span class='ocrx_word' id='word_1_88' title='bbox 587 1177 754 1217; x_wconf 84' lang='lat' dir='ltr'><strong>Nitzsch.</strong></span> 
     </span>
     <span class='ocr_line' id='line_1_18' title="bbox 98 1235 756 1288; baseline 0.002 -17"><span class='ocrx_word' id='word_1_89' title='bbox 98 1248 186 1286; x_wconf 87' lang='lat' dir='ltr'><strong>pag.</strong></span> <span class='ocrx_word' id='word_1_90' title='bbox 207 1235 246 1284; x_wconf 82' lang='grc'><strong>4,</strong></span> <span class='ocrx_word' id='word_1_91' title='bbox 269 1238 420 1288; x_wconf 89' lang='lat' dir='ltr'><strong>quinon</strong></span> <span class='ocrx_word' id='word_1_92' title='bbox 438 1244 519 1274; x_wconf 87' lang='lat' dir='ltr'><strong>tam</strong></span> <span class='ocrx_word' id='word_1_93' title='bbox 528 1236 574 1273; x_wconf 90' lang='lat' dir='ltr'><strong>de</strong></span> <span class='ocrx_word' id='word_1_94' title='bbox 594 1237 756 1274; x_wconf 86' lang='lat' dir='ltr'><strong>solemni</strong></span> 
     </span>
     <span class='ocr_line' id='line_1_19' title="bbox 101 1291 757 1345; baseline 0.003 -17"><span class='ocrx_word' id='word_1_95' title='bbox 101 1291 260 1329; x_wconf 79' lang='lat' dir='ltr'><strong>deorum</strong></span> <span class='ocrx_word' id='word_1_96' title='bbox 281 1300 471 1331; x_wconf 75' lang='lat' dir='ltr'><strong>conventu</strong></span> <span class='ocrx_word' id='word_1_97' title='bbox 492 1307 608 1345; x_wconf 84' lang='lat' dir='ltr'><strong>quam</strong></span> <span class='ocrx_word' id='word_1_98' title='bbox 629 1293 676 1331; x_wconf 90' lang='lat' dir='ltr'><strong>de</strong></span> <span class='ocrx_word' id='word_1_99' title='bbox 695 1293 757 1330; x_wconf 85' lang='lat' dir='ltr'><strong>fa-</strong></span> 
     </span>
    </p>
   </div>
   <div class='ocr_carea' id='block_1_10' title="bbox 36 1349 758 1402">
    <p class='ocr_par' dir='ltr' id='par_1_10' title="bbox 36 1349 758 1402">
     <span class='ocr_line' id='line_1_20' title="bbox 36 1349 758 1402; baseline 0.003 -18"><span class='ocrx_word' id='word_1_100' title='bbox 36 1380 43 1384; x_wconf 72' lang='grc'><em>,</em></span> <span class='ocrx_word' id='word_1_101' title='bbox 100 1350 237 1386; x_wconf 88' lang='lat' dir='ltr'><strong>miliari</strong></span> <span class='ocrx_word' id='word_1_102' title='bbox 256 1351 442 1402; x_wconf 83' lang='lat' dir='ltr'><strong>solitoque</strong></span> <span class='ocrx_word' id='word_1_103' title='bbox 471 1349 632 1388; x_wconf 90' lang='lat' dir='ltr'><strong>deorum</strong></span> <span class='ocrx_word' id='word_1_104' title='bbox 662 1363 758 1387; x_wconf 87' lang='lat' dir='ltr'><strong>con-</strong></span> 
     </span>
    </p>
   </div>
   <div class='ocr_carea' id='block_1_11' title="bbox 100 1406 766 2422">
    <p class='ocr_par' dir='ltr' id='par_1_11' title="bbox 100 1406 766 2422">
     <span class='ocr_line' id='line_1_21' title="bbox 100 1406 759 1444; baseline 0 -1"><span class='ocrx_word' id='word_1_105' title='bbox 100 1412 220 1443; x_wconf 82' lang='lat' dir='ltr'><strong>ventu</strong></span> <span class='ocrx_word' id='word_1_106' title='bbox 256 1420 286 1444; x_wconf 75' lang='lat' dir='ltr'><strong>s·</strong></span> <span class='ocrx_word' id='word_1_107' title='bbox 326 1419 501 1444; x_wconf 88' lang='lat' dir='ltr'><strong>consessu</strong></span> <span class='ocrx_word' id='word_1_108' title='bbox 539 1406 613 1444; x_wconf 88' lang='lat' dir='ltr'><strong>hoc</strong></span> <span class='ocrx_word' id='word_1_109' title='bbox 655 1407 759 1443; x_wconf 86' lang='lat' dir='ltr'><strong>acci-</strong></span> 
     </span>
     <span class='ocr_line' id='line_1_22' title="bbox 100 1463 760 1513; baseline 0.006 -15"><span class='ocrx_word' id='word_1_110' title='bbox 100 1463 141 1513; x_wconf 87' lang='lat' dir='ltr'><strong>pi</strong></span> <span class='ocrx_word' id='word_1_111' title='bbox 158 1463 254 1500; x_wconf 83' lang='lat' dir='ltr'><strong>vult.</strong></span> <span class='ocrx_word' id='word_1_112' title='bbox 313 1463 475 1501; x_wconf 72' lang='lat' dir='ltr'><strong>Creuzer.</strong></span> <span class='ocrx_word' id='word_1_113' title='bbox 497 1463 544 1500; x_wconf 87' lang='lat' dir='ltr'><strong>de</strong></span> <span class='ocrx_word' id='word_1_114' title='bbox 564 1477 658 1502; x_wconf 86' lang='lat' dir='ltr'><strong>voce</strong></span> <span class='ocrx_word' id='word_1_115' title='bbox 683 1464 760 1502; x_wconf 81' lang='grc' dir='ltr'><strong>δῶ-</strong></span> 
     </span>
     <span class='ocr_line' id='line_1_23' title="bbox 100 1520 756 1571; baseline -0.003 -13"><span class='ocrx_word' id='word_1_116' title='bbox 100 1534 171 1565; x_wconf 81' lang='grc' dir='ltr'><strong>κος</strong></span> <span class='ocrx_word' id='word_1_117' title='bbox 181 1520 327 1556; x_wconf 89' lang='lat' dir='ltr'><strong>consuli</strong></span> <span class='ocrx_word' id='word_1_118' title='bbox 336 1521 455 1557; x_wconf 81' lang='lat' dir='ltr'><strong>voluit</strong></span> <span class='ocrx_word' id='word_1_119' title='bbox 465 1521 645 1571; x_wconf 89' lang='lat' dir='ltr'><strong>Apollon.</strong></span> <span class='ocrx_word' id='word_1_120' title='bbox 659 1522 756 1557; x_wconf 82' lang='lat' dir='ltr'><strong>Lex.</strong></span> 
     </span>
     <span class='ocr_line' id='line_1_24' title="bbox 100 1576 756 1630; baseline 0.003 -19"><span class='ocrx_word' id='word_1_121' title='bbox 100 1576 259 1614; x_wconf 85' lang='lat' dir='ltr'><strong>Homer.</strong></span> <span class='ocrx_word' id='word_1_122' title='bbox 290 1590 329 1627; x_wconf 86' lang='lat' dir='ltr'><strong>p.</strong></span> <span class='ocrx_word' id='word_1_123' title='bbox 359 1576 440 1618; x_wconf 80' lang='lat'><strong>354</strong></span> <span class='ocrx_word' id='word_1_124' title='bbox 467 1578 595 1630; x_wconf 81' lang='lat' dir='ltr'><strong>ibique</strong></span> <span class='ocrx_word' id='word_1_125' title='bbox 615 1578 756 1614; x_wconf 89' lang='lat' dir='ltr'><strong>Villois.</strong></span> 
     </span>
     <span class='ocr_line' id='line_1_25' title="bbox 103 1633 761 1680; baseline 0.003 -12"><span class='ocrx_word' id='word_1_126' title='bbox 103 1639 141 1668; x_wconf 92' lang='lat' dir='ltr'><strong>et</strong></span> <span class='ocrx_word' id='word_1_127' title='bbox 160 1633 276 1680; x_wconf 88' lang='lat' dir='ltr'><strong>Toll.‚</strong></span> <span class='ocrx_word' id='word_1_128' title='bbox 303 1633 370 1669; x_wconf 93' lang='lat' dir='ltr'><strong>ubi</strong></span> <span class='ocrx_word' id='word_1_129' title='bbox 390 1635 529 1673; x_wconf 74' lang='grc' dir='ltr'><em>θῶκον</em></span> <span class='ocrx_word' id='word_1_130' title='bbox 555 1635 761 1671; x_wconf 83' lang='lat' dir='ltr'><strong>Gramma—</strong></span> 
     </span>
     <span class='ocr_line' id='line_1_26' title="bbox 102 1687 762 1741; baseline 0 -15"><span class='ocrx_word' id='word_1_131' title='bbox 102 1689 199 1727; x_wconf 80' lang='lat' dir='ltr'><strong>ticus</strong></span> <span class='ocrx_word' id='word_1_132' title='bbox 219 1691 376 1740; x_wconf 84' lang='lat' dir='ltr'><strong>exponit</strong></span> <span class='ocrx_word' id='word_1_133' title='bbox 387 1687 429 1729; x_wconf 86' lang='grc' dir='ltr'><strong>τὸ</strong></span> <span class='ocrx_word' id='word_1_134' title='bbox 443 1690 661 1741; x_wconf 74' lang='grc' dir='ltr'><em>συνέδριον.</em></span> <span class='ocrx_word' id='word_1_135' title='bbox 681 1692 762 1727; x_wconf 90' lang='lat' dir='ltr'><strong>Ita-</strong></span> 
     </span>
     <span class='ocr_line' id='line_1_27' title="bbox 104 1745 763 1798; baseline 0.003 -16"><span class='ocrx_word' id='word_1_136' title='bbox 104 1758 180 1797; x_wconf 89' lang='lat' dir='ltr'><strong>que</strong></span> <span class='ocrx_word' id='word_1_137' title='bbox 208 1745 359 1783; x_wconf 80' lang='lat' dir='ltr'><strong>videtur</strong></span> <span class='ocrx_word' id='word_1_138' title='bbox 383 1745 423 1783; x_wconf 89' lang='lat' dir='ltr'><strong>h.</strong></span> <span class='ocrx_word' id='word_1_139' title='bbox 450 1748 476 1784; x_wconf 92' lang='lat' dir='ltr'><strong>l.</strong></span> <span class='ocrx_word' id='word_1_140' title='bbox 514 1746 763 1798; x_wconf 83' lang='lat' dir='ltr'><strong>intelligenda</strong></span> 
     </span>
     <span class='ocr_line' id='line_1_28' title="bbox 102 1800 763 1853; baseline 0.008 -15"><span class='ocrx_word' id='word_1_141' title='bbox 102 1800 348 1853; x_wconf 86' lang='lat' dir='ltr'><strong>Ephororum</strong></span> <span class='ocrx_word' id='word_1_142' title='bbox 367 1805 470 1840; x_wconf 86' lang='lat' dir='ltr'><strong>curia</strong></span> <span class='ocrx_word' id='word_1_143' title='bbox 496 1801 540 1843; x_wconf 84' lang='grc' dir='ltr'><strong>τὸ</strong></span> <span class='ocrx_word' id='word_1_144' title='bbox 560 1807 641 1843; x_wconf 80' lang='grc' dir='ltr'><strong>τῶν</strong></span> <span class='ocrx_word' id='word_1_145' title='bbox 669 1800 763 1853; x_wconf 80' lang='grc' dir='ltr'><em>ἐφό-</em></span> 
     </span>
     <span class='ocr_line' id='line_1_29' title="bbox 106 1853 764 1911; baseline 0.006 -15"><span class='ocrx_word' id='word_1_146' title='bbox 106 1873 188 1906; x_wconf 84' lang='grc' dir='ltr'><strong>ρων</strong></span> <span class='ocrx_word' id='word_1_147' title='bbox 199 1853 370 1908; x_wconf 64' lang='grc' dir='ltr'><em>ἀρχεῖον,</em></span> <span class='ocrx_word' id='word_1_148' title='bbox 391 1856 435 1898; x_wconf 61' lang='lat' dir='ltr'><strong>vo*</strong></span> <span class='ocrx_word' id='word_1_149' title='bbox 457 1855 679 1911; x_wconf 83' lang='grc' dir='ltr'><em>Ἐφορεῖον,</em></span> <span class='ocrx_word' id='word_1_150' title='bbox 698 1861 764 1896; x_wconf 84' lang='lat' dir='ltr'><strong>ubi</strong></span> 
     </span>
     <span class='ocr_line' id='line_1_30' title="bbox 105 1912 764 1968; baseline 0.005 -18"><span class='ocrx_word' id='word_1_151' title='bbox 105 1912 251 1965; x_wconf 87' lang='lat' dir='ltr'><strong>Ephori</strong></span> <span class='ocrx_word' id='word_1_152' title='bbox 266 1914 511 1953; x_wconf 79' lang='lat' dir='ltr'><strong>considebant</strong></span> <span class='ocrx_word' id='word_1_153' title='bbox 524 1924 636 1968; x_wconf 84' lang='lat' dir='ltr'><strong>atque</strong></span> <span class='ocrx_word' id='word_1_154' title='bbox 649 1918 764 1953; x_wconf 81' lang='lat' dir='ltr'><strong>etiam</strong></span> 
     </span>
     <span class='ocr_line' id='line_1_31' title="bbox 107 1973 766 2022; baseline 0.002 -14"><span class='ocrx_word' id='word_1_155' title='bbox 107 1973 363 2008; x_wconf 81' lang='lat' dir='ltr'><strong>communiter</strong></span> <span class='ocrx_word' id='word_1_156' title='bbox 383 1973 645 2022; x_wconf 80' lang='lat' dir='ltr'><strong>epulabantur,</strong></span> <span class='ocrx_word' id='word_1_157' title='bbox 661 1979 766 2009; x_wconf 77' lang='lat' dir='ltr'><strong>exte-</strong></span> 
     </span>
     <span class='ocr_line' id='line_1_32' title="bbox 106 2028 766 2079; baseline -0.002 -16"><span class='ocrx_word' id='word_1_158' title='bbox 106 2040 167 2064; x_wconf 83' lang='lat' dir='ltr'><strong>ros</strong></span> <span class='ocrx_word' id='word_1_159' title='bbox 178 2028 320 2077; x_wconf 86' lang='lat' dir='ltr'><strong>legatos</strong></span> <span class='ocrx_word' id='word_1_160' title='bbox 330 2029 649 2079; x_wconf 86' lang='lat' dir='ltr'><strong>recipiebant‚alia</strong></span> <span class='ocrx_word' id='word_1_161' title='bbox 658 2041 766 2066; x_wconf 86' lang='lat' dir='ltr'><strong>cura-</strong></span> 
     </span>
     <span class='ocr_line' id='line_1_33' title="bbox 108 2084 765 2136; baseline 0.002 -15"><span class='ocrx_word' id='word_1_162' title='bbox 108 2084 200 2121; x_wconf 87' lang='lat' dir='ltr'><strong>baut</strong></span> <span class='ocrx_word' id='word_1_163' title='bbox 214 2086 358 2121; x_wconf 88' lang='lat' dir='ltr'><strong>munia.</strong></span> <span class='ocrx_word' id='word_1_164' title='bbox 381 2084 466 2122; x_wconf 83' lang='lat' dir='ltr'><strong>vid.</strong></span> <span class='ocrx_word' id='word_1_165' title='bbox 487 2087 588 2123; x_wconf 89' lang='lat' dir='ltr'><strong>Xen.</strong></span> <span class='ocrx_word' id='word_1_166' title='bbox 608 2087 765 2136; x_wconf 85' lang='lat' dir='ltr'><strong>Ages.I,</strong></span> 
     </span>
     <span class='ocr_line' id='line_1_34' title="bbox 107 2141 765 2188; baseline 0.006 -12"><span class='ocrx_word' id='word_1_167' title='bbox 107 2141 300 2187; x_wconf 57' lang='lat' dir='ltr'><strong>36.,Paus.</strong></span> <span class='ocrx_word' id='word_1_168' title='bbox 321 2142 418 2188; x_wconf 89' lang='lat'>111,1</span> <span class='ocrx_word' id='word_1_169' title='bbox 429 2145 448 2182; x_wconf 89' lang='lat'>1</span> <span class='ocrx_word' id='word_1_170' title='bbox 466 2143 502 2188; x_wconf 63' lang='grc' dir='ltr'><strong>ς.</strong></span> <span class='ocrx_word' id='word_1_171' title='bbox 515 2145 594 2184; x_wconf 82' lang='lat'><strong>2-8.</strong></span> <span class='ocrx_word' id='word_1_172' title='bbox 615 2144 765 2180; x_wconf 74' lang='lat' dir='ltr'><strong>Aelian.</strong></span> 
     </span>
     <span class='ocr_line' id='line_1_35' title="bbox 106 2197 766 2245; baseline 0.003 -12"><span class='ocrx_word' id='word_1_173' title='bbox 106 2197 154 2233; x_wconf 90' lang='lat' dir='ltr'><strong>N.</strong></span> <span class='ocrx_word' id='word_1_174' title='bbox 165 2197 212 2236; x_wconf 91' lang='lat' dir='ltr'><strong>A.</strong></span> <span class='ocrx_word' id='word_1_175' title='bbox 234 2198 302 2245; x_wconf 82' lang='grc' dir='ltr'><strong>ΧΙ,</strong></span> <span class='ocrx_word' id='word_1_176' title='bbox 322 2199 371 2238; x_wconf 86' lang='grc'><strong>19</strong></span> <span class='ocrx_word' id='word_1_177' title='bbox 387 2197 452 2236; x_wconf 89' lang='lat' dir='ltr'><strong>fin.</strong></span> <span class='ocrx_word' id='word_1_178' title='bbox 476 2205 513 2235; x_wconf 85' lang='lat' dir='ltr'><strong>et</strong></span> <span class='ocrx_word' id='word_1_179' title='bbox 533 2199 576 2237; x_wconf 88' lang='lat' dir='ltr'><strong>C.</strong></span> <span class='ocrx_word' id='word_1_180' title='bbox 598 2200 643 2237; x_wconf 92' lang='grc' dir='ltr'><strong>Ο.</strong></span> <span class='ocrx_word' id='word_1_181' title='bbox 662 2200 766 2236; x_wconf 71' lang='lat' dir='ltr'><strong>mul-</strong></span> 
     </span>
     <span class='ocr_line' id='line_1_36' title="bbox 106 2253 766 2307; baseline 0.005 -18"><span class='ocrx_word' id='word_1_182' title='bbox 106 2253 174 2290; x_wconf 88' lang='lat' dir='ltr'><strong>ler.</strong></span> <span class='ocrx_word' id='word_1_183' title='bbox 203 2254 294 2291; x_wconf 90' lang='lat' dir='ltr'><strong>Dor.</strong></span> <span class='ocrx_word' id='word_1_184' title='bbox 315 2255 349 2290; x_wconf 93' lang='lat'><strong>11</strong></span> <span class='ocrx_word' id='word_1_185' title='bbox 369 2267 408 2305; x_wconf 90' lang='lat' dir='ltr'><strong>p.</strong></span> <span class='ocrx_word' id='word_1_186' title='bbox 432 2254 523 2303; x_wconf 83' lang='lat'>125,</span> <span class='ocrx_word' id='word_1_187' title='bbox 551 2257 618 2307; x_wconf 90' lang='lat' dir='ltr'><strong>qui</strong></span> <span class='ocrx_word' id='word_1_188' title='bbox 645 2256 766 2293; x_wconf 87' lang='lat' dir='ltr'><strong>hocce</strong></span> 
     </span>
     <span class='ocr_line' id='line_1_37' title="bbox 109 2306 766 2362; baseline 0.003 -14"><span class='ocrx_word' id='word_1_189' title='bbox 109 2306 268 2360; x_wconf 66' lang='grc' dir='ltr'><em>ἀρχεῖον</em></span> <span class='ocrx_word' id='word_1_190' title='bbox 289 2308 520 2362; x_wconf 86' lang='lat' dir='ltr'><strong>ephororum</strong></span> <span class='ocrx_word' id='word_1_191' title='bbox 541 2326 630 2350; x_wconf 90' lang='lat' dir='ltr'><strong>cum</strong></span> <span class='ocrx_word' id='word_1_192' title='bbox 642 2312 766 2350; x_wconf 87' lang='lat' dir='ltr'><strong>Athe-</strong></span> 
     </span>
     <span class='ocr_line' id='line_1_38' title="bbox 109 2367 765 2422; baseline 0.011 -19"><span class='ocrx_word' id='word_1_193' title='bbox 109 2367 300 2404; x_wconf 86' lang='lat' dir='ltr'><strong>niensium</strong></span> <span class='ocrx_word' id='word_1_194' title='bbox 342 2375 527 2419; x_wconf 85' lang='lat' dir='ltr'><strong>prytaneo</strong></span> <span class='ocrx_word' id='word_1_195' title='bbox 557 2377 765 2422; x_wconf 83' lang='lat' dir='ltr'><strong>comparat.</strong></span> 
     </span>
    </p>
   </div>
   <div class='ocr_carea' id='block_1_12' title="bbox 115 2477 774 2874">
    <p class='ocr_par' dir='ltr' id='par_1_12' title="bbox 115 2477 774 2874">
     <span class='ocr_line' id='line_1_39' title="bbox 167 2477 767 2534; baseline 0.007 -16"><span class='ocrx_word' id='word_1_196' title='bbox 167 2477 235 2518; x_wconf 80' lang='grc' dir='ltr'><strong>καὶ</strong></span> <span class='ocrx_word' id='word_1_197' title='bbox 260 2477 324 2518; x_wconf 79' lang='grc' dir='ltr'><strong>ἐπὶ</strong></span> <span class='ocrx_word' id='word_1_198' title='bbox 357 2478 560 2522; x_wconf 78' lang='grc' dir='ltr'><strong>δακτύλων</strong></span> <span class='ocrx_word' id='word_1_199' title='bbox 589 2483 767 2534; x_wconf 84' lang='grc' dir='ltr'><em>συμβαλ-</em></span> 
     </span>
     <span class='ocr_line' id='line_1_40' title="bbox 115 2531 768 2590; baseline 0.006 -16"><span class='ocrx_word' id='word_1_200' title='bbox 115 2531 321 2585; x_wconf 81' lang='grc' dir='ltr'><em>λεόμενος]</em></span> <span class='ocrx_word' id='word_1_201' title='bbox 342 2537 404 2574; x_wconf 91' lang='lat' dir='ltr'><strong>Ad</strong></span> <span class='ocrx_word' id='word_1_202' title='bbox 417 2540 576 2576; x_wconf 89' lang='lat' dir='ltr'><strong>verbum</strong></span> <span class='ocrx_word' id='word_1_203' title='bbox 591 2540 768 2590; x_wconf 85' lang='grc' dir='ltr'><em>συμβαλ-</em></span> 
     </span>
     <span class='ocr_line' id='line_1_41' title="bbox 115 2587 770 2644; baseline 0.008 -13"><span class='ocrx_word' id='word_1_204' title='bbox 115 2587 301 2642; x_wconf 81' lang='grc' dir='ltr'><em>λεόμενος</em></span> <span class='ocrx_word' id='word_1_205' title='bbox 331 2594 432 2631; x_wconf 85' lang='lat' dir='ltr'><strong>conf.</strong></span> <span class='ocrx_word' id='word_1_206' title='bbox 460 2596 490 2642; x_wconf 93' lang='lat' dir='ltr'><strong>I,</strong></span> <span class='ocrx_word' id='word_1_207' title='bbox 523 2598 589 2636; x_wconf 83' lang='lat'><strong>66.</strong></span> <span class='ocrx_word' id='word_1_208' title='bbox 619 2597 684 2644; x_wconf 84' lang='grc' dir='ltr'>ΙΙΙ,</span> <span class='ocrx_word' id='word_1_209' title='bbox 716 2599 770 2637; x_wconf 88' lang='grc'><strong>68</strong></span> 
     </span>
     <span class='ocr_line' id='line_1_42' title="bbox 115 2648 772 2700; baseline 0.011 -16"><span class='ocrx_word' id='word_1_210' title='bbox 115 2649 244 2700; x_wconf 87' lang='lat' dir='ltr'><strong>ibique</strong></span> <span class='ocrx_word' id='word_1_211' title='bbox 271 2655 366 2686; x_wconf 82' lang='lat' dir='ltr'><strong>nott.</strong></span> <span class='ocrx_word' id='word_1_212' title='bbox 389 2657 426 2687; x_wconf 90' lang='lat' dir='ltr'><strong>et</strong></span> <span class='ocrx_word' id='word_1_213' title='bbox 453 2649 502 2688; x_wconf 89' lang='lat' dir='ltr'><strong>ad</strong></span> <span class='ocrx_word' id='word_1_214' title='bbox 536 2650 600 2691; x_wconf 82' lang='grc' dir='ltr'><strong>ἐπὶ</strong></span> <span class='ocrx_word' id='word_1_215' title='bbox 618 2648 772 2693; x_wconf 80' lang='grc' dir='ltr'><em>Ιδακτύ-</em></span> 
     </span>
     <span class='ocr_line' id='line_1_43' title="bbox 116 2706 772 2760; baseline 0.003 -17"><span class='ocrx_word' id='word_1_216' title='bbox 116 2707 196 2744; x_wconf 82' lang='grc' dir='ltr'><strong>λων</strong></span> <span class='ocrx_word' id='word_1_217' title='bbox 225 2706 392 2744; x_wconf 79' lang='lat' dir='ltr'><strong>Gronov.</strong></span> <span class='ocrx_word' id='word_1_218' title='bbox 422 2709 545 2745; x_wconf 84' lang='lat' dir='ltr'><strong>Lectt.</strong></span> <span class='ocrx_word' id='word_1_219' title='bbox 572 2709 712 2745; x_wconf 80' lang='lat' dir='ltr'><strong>Plautt.</strong></span> <span class='ocrx_word' id='word_1_220' title='bbox 732 2723 772 2760; x_wconf 90' lang='lat' dir='ltr'><strong>p.</strong></span> 
     </span>
     <span class='ocr_line' id='line_1_44' title="bbox 119 2761 773 2813; baseline 0.002 -13"><span class='ocrx_word' id='word_1_221' title='bbox 119 2763 215 2802; x_wconf 89' lang='grc'><strong>222.</strong></span> <span class='ocrx_word' id='word_1_222' title='bbox 242 2761 359 2813; x_wconf 88' lang='lat' dir='ltr'><strong>Apud</strong></span> <span class='ocrx_word' id='word_1_223' title='bbox 379 2770 522 2801; x_wconf 83' lang='lat' dir='ltr'><strong>veteres</strong></span> <span class='ocrx_word' id='word_1_224' title='bbox 544 2765 646 2801; x_wconf 86' lang='lat' dir='ltr'><strong>enim</strong></span> <span class='ocrx_word' id='word_1_225' title='bbox 664 2777 773 2801; x_wconf 86' lang='lat' dir='ltr'><strong>more</strong></span> 
     </span>
     <span class='ocr_line' id='line_1_45' title="bbox 120 2822 774 2874; baseline 0.008 -20"><span class='ocrx_word' id='word_1_226' title='bbox 120 2824 316 2869; x_wconf 82' lang='lat' dir='ltr'><strong>receptum</strong></span> <span class='ocrx_word' id='word_1_227' title='bbox 336 2827 426 2870; x_wconf 83' lang='lat' dir='ltr'><strong>erat,</strong></span> <span class='ocrx_word' id='word_1_228' title='bbox 458 2827 501 2859; x_wconf 88' lang='lat' dir='ltr'><strong>ut</strong></span> <span class='ocrx_word' id='word_1_229' title='bbox 519 2822 559 2858; x_wconf 88' lang='lat' dir='ltr'><strong>iu</strong></span> <span class='ocrx_word' id='word_1_230' title='bbox 581 2822 774 2874; x_wconf 79' lang='lat' dir='ltr'><strong>quibusvis</strong></span> 
     </span>
    </p>
   </div>
   <div class='ocr_carea' id='block_1_13' title="bbox 807 896 1486 2873">
    <p class='ocr_par' dir='ltr' id='par_1_13' title="bbox 807 896 1473 1571">
     <span class='ocr_line' id='line_1_46' title="bbox 807 896 1464 947; baseline -0.003 -14"><span class='ocrx_word' id='word_1_231' title='bbox 807 896 954 947; x_wconf 73' lang='lat' dir='ltr'><strong>digitis,</strong></span> <span class='ocrx_word' id='word_1_232' title='bbox 1002 897 1099 933; x_wconf 85' lang='lat' dir='ltr'><strong>bene</strong></span> <span class='ocrx_word' id='word_1_233' title='bbox 1149 902 1329 933; x_wconf 87' lang='lat' dir='ltr'><strong>monente</strong></span> <span class='ocrx_word' id='word_1_234' title='bbox 1368 897 1464 931; x_wconf 84' lang='lat' dir='ltr'><strong>Lar-</strong></span> 
     </span>
     <span class='ocr_line' id='line_1_47' title="bbox 807 953 1466 1004; baseline -0.003 -14"><span class='ocrx_word' id='word_1_235' title='bbox 807 953 921 991; x_wconf 85' lang='lat' dir='ltr'><strong>chero</strong></span> <span class='ocrx_word' id='word_1_236' title='bbox 935 983 944 1000; x_wconf 93' lang='lat'>‚</span> <span class='ocrx_word' id='word_1_237' title='bbox 984 954 1049 1004; x_wconf 91' lang='lat' dir='ltr'><strong>qui</strong></span> <span class='ocrx_word' id='word_1_238' title='bbox 1079 954 1168 990; x_wconf 86' lang='lat' dir='ltr'><strong>citat</strong></span> <span class='ocrx_word' id='word_1_239' title='bbox 1205 953 1375 989; x_wconf 80' lang='lat' dir='ltr'><strong>luvenal.</strong></span> <span class='ocrx_word' id='word_1_240' title='bbox 1412 953 1466 999; x_wconf 89' lang='lat' dir='ltr'><strong>X,</strong></span> 
     </span>
     <span class='ocr_line' id='line_1_48' title="bbox 809 1007 1467 1060; baseline -0.009 -10"><span class='ocrx_word' id='word_1_241' title='bbox 809 1009 905 1057; x_wconf 73' lang='lat'><strong>248,</strong></span> <span class='ocrx_word' id='word_1_242' title='bbox 929 1007 1023 1060; x_wconf 91' lang='lat' dir='ltr'><strong>(ubi</strong></span> <span class='ocrx_word' id='word_1_243' title='bbox 1052 1010 1198 1046; x_wconf 84' lang='lat' dir='ltr'><strong>consul.</strong></span> <span class='ocrx_word' id='word_1_244' title='bbox 1235 1009 1467 1059; x_wconf 85' lang='lat' dir='ltr'><strong>interprett.)</strong></span> 
     </span>
     <span class='ocr_line' id='line_1_49' title="bbox 811 1064 1469 1102; baseline -0.002 0"><span class='ocrx_word' id='word_1_245' title='bbox 811 1073 847 1102; x_wconf 89' lang='lat' dir='ltr'><strong>et</strong></span> <span class='ocrx_word' id='word_1_246' title='bbox 866 1067 1010 1102; x_wconf 86' lang='lat' dir='ltr'><strong>Iacobs.</strong></span> <span class='ocrx_word' id='word_1_247' title='bbox 1033 1065 1080 1102; x_wconf 93' lang='lat' dir='ltr'><strong>ad</strong></span> <span class='ocrx_word' id='word_1_248' title='bbox 1100 1064 1258 1102; x_wconf 75' lang='lat' dir='ltr'><strong>Anthol.</strong></span> <span class='ocrx_word' id='word_1_249' title='bbox 1287 1066 1352 1102; x_wconf 90' lang='lat' dir='ltr'><strong>Gr.</strong></span> <span class='ocrx_word' id='word_1_250' title='bbox 1367 1066 1403 1101; x_wconf 90' lang='grc' dir='ltr'>Π</span> <span class='ocrx_word' id='word_1_251' title='bbox 1420 1066 1469 1102; x_wconf 87' lang='grc' dir='ltr'><strong>Ρ.</strong></span> 
     </span>
     <span class='ocr_line' id='line_1_50' title="bbox 811 1121 1468 1175; baseline -0.006 -12"><span class='ocrx_word' id='word_1_252' title='bbox 811 1125 836 1163; x_wconf 80' lang='lat'><strong>3</strong></span> <span class='ocrx_word' id='word_1_253' title='bbox 867 1122 1014 1171; x_wconf 89' lang='lat' dir='ltr'><strong>(Tom.</strong></span> <span class='ocrx_word' id='word_1_254' title='bbox 1031 1124 1111 1175; x_wconf 85' lang='lat' dir='ltr'><strong>X.)</strong></span> <span class='ocrx_word' id='word_1_255' title='bbox 1140 1136 1179 1173; x_wconf 90' lang='grc' dir='ltr'><strong>Ρ.</strong></span> <span class='ocrx_word' id='word_1_256' title='bbox 1208 1121 1303 1162; x_wconf 80' lang='grc'><strong>242.</strong></span> <span class='ocrx_word' id='word_1_257' title='bbox 1369 1123 1468 1159; x_wconf 87' lang='lat' dir='ltr'><strong>Hinc</strong></span> 
     </span>
     <span class='ocr_line' id='line_1_51' title="bbox 810 1177 1469 1229; baseline -0.002 -14"><span class='ocrx_word' id='word_1_258' title='bbox 810 1178 941 1215; x_wconf 89' lang='lat' dir='ltr'><strong>Bedae</strong></span> <span class='ocrx_word' id='word_1_259' title='bbox 981 1186 1160 1216; x_wconf 83' lang='lat' dir='ltr'><strong>tractatus</strong></span> <span class='ocrx_word' id='word_1_260' title='bbox 1197 1177 1244 1215; x_wconf 93' lang='lat' dir='ltr'><strong>de</strong></span> <span class='ocrx_word' id='word_1_261' title='bbox 1275 1179 1469 1229; x_wconf 87' lang='lat' dir='ltr'><strong>Computu</strong></span> 
     </span>
     <span class='ocr_line' id='line_1_52' title="bbox 812 1235 1470 1288; baseline -0.002 -16"><span class='ocrx_word' id='word_1_262' title='bbox 812 1237 874 1273; x_wconf 84' lang='lat' dir='ltr'><strong>vel</strong></span> <span class='ocrx_word' id='word_1_263' title='bbox 892 1237 1063 1288; x_wconf 89' lang='lat' dir='ltr'><strong>Loquela</strong></span> <span class='ocrx_word' id='word_1_264' title='bbox 1086 1250 1155 1287; x_wconf 87' lang='lat' dir='ltr'><strong>per</strong></span> <span class='ocrx_word' id='word_1_265' title='bbox 1186 1242 1337 1285; x_wconf 82' lang='lat' dir='ltr'><strong>gestum</strong></span> <span class='ocrx_word' id='word_1_266' title='bbox 1369 1235 1470 1285; x_wconf 80' lang='lat' dir='ltr'><strong>digi-</strong></span> 
     </span>
     <span class='ocr_line' id='line_1_53' title="bbox 811 1292 1471 1344; baseline -0.002 -15"><span class='ocrx_word' id='word_1_267' title='bbox 811 1299 958 1340; x_wconf 80' lang='lat' dir='ltr'><strong>torum,</strong></span> <span class='ocrx_word' id='word_1_268' title='bbox 991 1294 1082 1344; x_wconf 91' lang='lat' dir='ltr'><strong>Opp.</strong></span> <span class='ocrx_word' id='word_1_269' title='bbox 1114 1295 1132 1329; x_wconf 93' lang='lat' dir='ltr'>I</span> <span class='ocrx_word' id='word_1_270' title='bbox 1159 1305 1246 1343; x_wconf 84' lang='lat' dir='ltr'><strong>pag.</strong></span> <span class='ocrx_word' id='word_1_271' title='bbox 1276 1292 1370 1333; x_wconf 76' lang='lat'><strong>572.</strong></span> <span class='ocrx_word' id='word_1_272' title='bbox 1419 1293 1471 1329; x_wconf 89' lang='lat' dir='ltr'><strong>At</strong></span> 
     </span>
     <span class='ocr_line' id='line_1_54' title="bbox 813 1348 1473 1400; baseline -0.002 -14"><span class='ocrx_word' id='word_1_273' title='bbox 813 1349 860 1386; x_wconf 87' lang='lat' dir='ltr'><strong>de</strong></span> <span class='ocrx_word' id='word_1_274' title='bbox 892 1349 1105 1386; x_wconf 72' lang='lat' dir='ltr'><strong>istiusmodi</strong></span> <span class='ocrx_word' id='word_1_275' title='bbox 1136 1355 1320 1400; x_wconf 88' lang='lat' dir='ltr'><strong>computu</strong></span> <span class='ocrx_word' id='word_1_276' title='bbox 1354 1348 1473 1385; x_wconf 86' lang='lat' dir='ltr'><strong>artifi-</strong></span> 
     </span>
     <span class='ocr_line' id='line_1_55' title="bbox 813 1404 1473 1454; baseline -0.003 -11"><span class='ocrx_word' id='word_1_277' title='bbox 813 1407 915 1444; x_wconf 86' lang='lat' dir='ltr'><strong>cioso</strong></span> <span class='ocrx_word' id='word_1_278' title='bbox 936 1405 997 1443; x_wconf 90' lang='lat' dir='ltr'><strong>hic</strong></span> <span class='ocrx_word' id='word_1_279' title='bbox 1018 1407 1143 1443; x_wconf 85' lang='lat' dir='ltr'><strong>nullus</strong></span> <span class='ocrx_word' id='word_1_280' title='bbox 1163 1419 1287 1443; x_wconf 88' lang='lat' dir='ltr'><strong>sermo</strong></span> <span class='ocrx_word' id='word_1_281' title='bbox 1300 1436 1310 1454; x_wconf 85' lang='lat'>,</span> <span class='ocrx_word' id='word_1_282' title='bbox 1331 1406 1397 1442; x_wconf 90' lang='lat' dir='ltr'><strong>ubi</strong></span> <span class='ocrx_word' id='word_1_283' title='bbox 1425 1404 1473 1442; x_wconf 83' lang='lat' dir='ltr'><strong>de</strong></span> 
     </span>
     <span class='ocr_line' id='line_1_56' title="bbox 813 1462 1473 1515; baseline 0 -16"><span class='ocrx_word' id='word_1_284' title='bbox 813 1464 975 1514; x_wconf 88' lang='lat' dir='ltr'><strong>simplici</strong></span> <span class='ocrx_word' id='word_1_285' title='bbox 995 1477 1093 1515; x_wconf 87' lang='lat' dir='ltr'><strong>quae</strong></span> <span class='ocrx_word' id='word_1_286' title='bbox 1111 1477 1181 1514; x_wconf 86' lang='lat' dir='ltr'><strong>per</strong></span> <span class='ocrx_word' id='word_1_287' title='bbox 1200 1462 1334 1513; x_wconf 81' lang='lat' dir='ltr'><strong>digitos</strong></span> <span class='ocrx_word' id='word_1_288' title='bbox 1346 1462 1473 1511; x_wconf 82' lang='lat' dir='ltr'><strong>fiebat,</strong></span> 
     </span>
     <span class='ocr_line' id='line_1_57' title="bbox 815 1519 1386 1571; baseline -0.002 -14"><span class='ocrx_word' id='word_1_289' title='bbox 815 1519 1065 1571; x_wconf 84' lang='lat' dir='ltr'><strong>computandi</strong></span> <span class='ocrx_word' id='word_1_290' title='bbox 1084 1522 1230 1557; x_wconf 86' lang='lat' dir='ltr'><strong>ratione</strong></span> <span class='ocrx_word' id='word_1_291' title='bbox 1251 1521 1386 1570; x_wconf 83' lang='lat' dir='ltr'><strong>agitur.</strong></span> 
     </span>
    </p>

    <p class='ocr_par' dir='ltr' id='par_1_14' title="bbox 815 1572 1478 2025">
     <span class='ocr_line' id='line_1_58' title="bbox 875 1572 1476 1627; baseline -0.005 -12"><span class='ocrx_word' id='word_1_292' title='bbox 875 1572 961 1615; x_wconf 77' lang='grc' dir='ltr'><strong>Οὐκ</strong></span> <span class='ocrx_word' id='word_1_293' title='bbox 981 1573 1030 1615; x_wconf 67' lang='grc' dir='ltr'><strong>ἂν</strong></span> <span class='ocrx_word' id='word_1_294' title='bbox 1048 1574 1136 1627; x_wconf 79' lang='grc' dir='ltr'><strong>ἐμὸς</strong></span> <span class='ocrx_word' id='word_1_295' title='bbox 1158 1576 1244 1627; x_wconf 74' lang='grc' dir='ltr'><strong>εἴη]</strong></span> <span class='ocrx_word' id='word_1_296' title='bbox 1276 1579 1334 1613; x_wconf 92' lang='lat' dir='ltr'><strong>De</strong></span> <span class='ocrx_word' id='word_1_297' title='bbox 1364 1582 1476 1626; x_wconf 87' lang='lat' dir='ltr'><strong>opta-</strong></span> 
     </span>
     <span class='ocr_line' id='line_1_59' title="bbox 815 1632 1475 1672; baseline 0.003 -2"><span class='ocrx_word' id='word_1_298' title='bbox 815 1634 884 1670; x_wconf 76' lang='lat' dir='ltr'><strong>tivi</strong></span> <span class='ocrx_word' id='word_1_299' title='bbox 898 1636 1042 1670; x_wconf 81' lang='lat' dir='ltr'><strong>ratione</strong></span> <span class='ocrx_word' id='word_1_300' title='bbox 1062 1633 1139 1670; x_wconf 79' lang='lat' dir='ltr'><strong>vid.</strong></span> <span class='ocrx_word' id='word_1_301' title='bbox 1161 1632 1296 1671; x_wconf 83' lang='lat' dir='ltr'><strong>Matth.</strong></span> <span class='ocrx_word' id='word_1_302' title='bbox 1319 1635 1384 1671; x_wconf 88' lang='lat' dir='ltr'><strong>Gr.</strong></span> <span class='ocrx_word' id='word_1_303' title='bbox 1408 1634 1475 1672; x_wconf 89' lang='lat' dir='ltr'><strong>Gr.</strong></span> 
     </span>
     <span class='ocr_line' id='line_1_60' title="bbox 816 1689 1476 1741; baseline 0 -15"><span class='ocrx_word' id='word_1_304' title='bbox 816 1694 997 1741; x_wconf 80' lang='lat' dir='ltr'><strong>pag.977</strong></span> <span class='ocrx_word' id='word_1_305' title='bbox 1019 1698 1056 1728; x_wconf 88' lang='lat' dir='ltr'><strong>et</strong></span> <span class='ocrx_word' id='word_1_306' title='bbox 1077 1690 1123 1728; x_wconf 93' lang='lat' dir='ltr'><strong>de</strong></span> <span class='ocrx_word' id='word_1_307' title='bbox 1134 1691 1214 1741; x_wconf 82' lang='lat' dir='ltr'><strong>ipso</strong></span> <span class='ocrx_word' id='word_1_308' title='bbox 1231 1703 1409 1741; x_wconf 88' lang='lat' dir='ltr'><strong>responso</strong></span> <span class='ocrx_word' id='word_1_309' title='bbox 1427 1689 1476 1727; x_wconf 78' lang='lat' dir='ltr'><strong>cf.</strong></span> 
     </span>
     <span class='ocr_line' id='line_1_61' title="bbox 817 1747 1478 1787; baseline -0.003 -3"><span class='ocrx_word' id='word_1_310' title='bbox 817 1749 982 1787; x_wconf 89' lang='lat' dir='ltr'><strong>Pausan.</strong></span> <span class='ocrx_word' id='word_1_311' title='bbox 1003 1748 1028 1786; x_wconf 93' lang='lat' dir='ltr'><strong>l.</strong></span> <span class='ocrx_word' id='word_1_312' title='bbox 1050 1748 1076 1785; x_wconf 93' lang='lat' dir='ltr'><strong>l.</strong></span> <span class='ocrx_word' id='word_1_313' title='bbox 1127 1749 1231 1784; x_wconf 88' lang='lat' dir='ltr'><strong>Haec</strong></span> <span class='ocrx_word' id='word_1_314' title='bbox 1253 1749 1356 1784; x_wconf 86' lang='lat' dir='ltr'><strong>enim</strong></span> <span class='ocrx_word' id='word_1_315' title='bbox 1377 1747 1478 1784; x_wconf 81' lang='lat' dir='ltr'><strong>diiu—</strong></span> 
     </span>
     <span class='ocr_line' id='line_1_62' title="bbox 821 1803 1477 1854; baseline -0.003 -14"><span class='ocrx_word' id='word_1_316' title='bbox 821 1803 982 1841; x_wconf 84' lang='lat' dir='ltr'><strong>dicanda</strong></span> <span class='ocrx_word' id='word_1_317' title='bbox 1003 1818 1023 1840; x_wconf 92' lang='lat' dir='ltr'><strong>e</strong></span> <span class='ocrx_word' id='word_1_318' title='bbox 1035 1817 1185 1841; x_wconf 89' lang='lat' dir='ltr'><strong>summa</strong></span> <span class='ocrx_word' id='word_1_319' title='bbox 1202 1805 1477 1854; x_wconf 79' lang='lat' dir='ltr'><strong>Spartanorum</strong></span> 
     </span>
     <span class='ocr_line' id='line_1_63' title="bbox 821 1861 1477 1910; baseline 0 -14"><span class='ocrx_word' id='word_1_320' title='bbox 821 1873 911 1897; x_wconf 88' lang='lat' dir='ltr'><strong>cura</strong></span> <span class='ocrx_word' id='word_1_321' title='bbox 924 1889 934 1907; x_wconf 92' lang='lat'><em>‚</em></span> <span class='ocrx_word' id='word_1_322' title='bbox 962 1861 1102 1897; x_wconf 84' lang='lat' dir='ltr'><strong>iustam</strong></span> <span class='ocrx_word' id='word_1_323' title='bbox 1122 1874 1164 1897; x_wconf 89' lang='lat' dir='ltr'><strong>ac</strong></span> <span class='ocrx_word' id='word_1_324' title='bbox 1183 1861 1396 1910; x_wconf 82' lang='lat' dir='ltr'><strong>legitimam</strong></span> <span class='ocrx_word' id='word_1_325' title='bbox 1414 1873 1477 1896; x_wconf 88' lang='lat' dir='ltr'><strong>re-</strong></span> 
     </span>
     <span class='ocr_line' id='line_1_64' title="bbox 820 1918 1478 1967; baseline 0.002 -15"><span class='ocrx_word' id='word_1_326' title='bbox 820 1929 916 1967; x_wconf 85' lang='lat' dir='ltr'><strong>gum</strong></span> <span class='ocrx_word' id='word_1_327' title='bbox 952 1918 1101 1967; x_wconf 88' lang='lat' dir='ltr'><strong>prolem</strong></span> <span class='ocrx_word' id='word_1_328' title='bbox 1139 1923 1182 1953; x_wconf 91' lang='lat' dir='ltr'><strong>ut</strong></span> <span class='ocrx_word' id='word_1_329' title='bbox 1225 1918 1478 1967; x_wconf 82' lang='lat' dir='ltr'><strong>susciperent3</strong></span> 
     </span>
     <span class='ocr_line' id='line_1_65' title="bbox 822 1971 1432 2025; baseline 0.003 -16"><span class='ocrx_word' id='word_1_330' title='bbox 822 1972 897 2025; x_wconf 61' lang='lat' dir='ltr'><strong>quei</strong></span> <span class='ocrx_word' id='word_1_331' title='bbox 919 1971 966 2009; x_wconf 90' lang='lat' dir='ltr'><strong>de</strong></span> <span class='ocrx_word' id='word_1_332' title='bbox 986 1987 1026 2009; x_wconf 88' lang='lat' dir='ltr'><strong>re</strong></span> <span class='ocrx_word' id='word_1_333' title='bbox 1047 1972 1212 2011; x_wconf 81' lang='lat' dir='ltr'><strong>diximus</strong></span> <span class='ocrx_word' id='word_1_334' title='bbox 1233 1972 1280 2009; x_wconf 94' lang='lat' dir='ltr'><strong>ad</strong></span> <span class='ocrx_word' id='word_1_335' title='bbox 1300 1975 1344 2021; x_wconf 86' lang='lat' dir='ltr'><strong>V,</strong></span> <span class='ocrx_word' id='word_1_336' title='bbox 1367 1976 1432 2015; x_wconf 78' lang='grc'><strong>39.</strong></span> 
     </span>
    </p>

    <p class='ocr_par' dir='ltr' id='par_1_15' title="bbox 821 2025 1483 2537">
     <span class='ocr_line' id='line_1_66' title="bbox 877 2025 1479 2080; baseline 0.002 -13"><span class='ocrx_word' id='word_1_337' title='bbox 877 2031 1039 2080; x_wconf 71' lang='grc' dir='ltr'><em>πρῆγμα</em></span> <span class='ocrx_word' id='word_1_338' title='bbox 1053 2030 1185 2080; x_wconf 73' lang='grc' dir='ltr'><em>μέντοι</em></span> <span class='ocrx_word' id='word_1_339' title='bbox 1204 2025 1324 2069; x_wconf 79' lang='grc' dir='ltr'><em>ου’δὲν</em></span> <span class='ocrx_word' id='word_1_340' title='bbox 1343 2026 1479 2080; x_wconf 48' lang='lat' dir='ltr'><strong>{zonis</strong></span> 
     </span>
     <span class='ocr_line' id='line_1_67' title="bbox 824 2083 1482 2137; baseline -0.003 -12"><span class='ocrx_word' id='word_1_341' title='bbox 824 2097 942 2125; x_wconf 86' lang='grc' dir='ltr'><em>σαντο</em></span> <span class='ocrx_word' id='word_1_342' title='bbox 962 2083 1007 2126; x_wconf 78' lang='grc' dir='ltr'><strong>τό</strong></span> <span class='ocrx_word' id='word_1_343' title='bbox 1024 2087 1277 2137; x_wconf 80' lang='grc' dir='ltr'><em>παραυτίκα]</em></span> <span class='ocrx_word' id='word_1_344' title='bbox 1318 2087 1482 2135; x_wconf 83' lang='lat' dir='ltr'><strong>„Tamen</strong></span> 
     </span>
     <span class='ocr_line' id='line_1_68' title="bbox 823 2142 1482 2193; baseline 0 -14"><span class='ocrx_word' id='word_1_345' title='bbox 823 2142 862 2180; x_wconf 73' lang='lat' dir='ltr'><strong>id</strong></span> <span class='ocrx_word' id='word_1_346' title='bbox 883 2143 937 2179; x_wconf 81' lang='lat' dir='ltr'><strong>nil</strong></span> <span class='ocrx_word' id='word_1_347' title='bbox 966 2145 1177 2182; x_wconf 60' lang='lat' dir='ltr'><strong>curamutf‘</strong></span> <span class='ocrx_word' id='word_1_348' title='bbox 1236 2144 1292 2180; x_wconf 87' lang='lat' dir='ltr'><strong>Ita</strong></span> <span class='ocrx_word' id='word_1_349' title='bbox 1324 2145 1482 2193; x_wconf 84' lang='lat' dir='ltr'><strong>Hooge-</strong></span> 
     </span>
     <span class='ocr_line' id='line_1_69' title="bbox 822 2198 1483 2250; baseline 0.002 -15"><span class='ocrx_word' id='word_1_350' title='bbox 822 2212 932 2236; x_wconf 79' lang='lat' dir='ltr'><strong>veen.</strong></span> <span class='ocrx_word' id='word_1_351' title='bbox 947 2198 994 2236; x_wconf 88' lang='lat' dir='ltr'><strong>ad</strong></span> <span class='ocrx_word' id='word_1_352' title='bbox 1005 2200 1132 2250; x_wconf 80' lang='lat' dir='ltr'><strong>Viger.</strong></span> <span class='ocrx_word' id='word_1_353' title='bbox 1154 2213 1242 2250; x_wconf 79' lang='lat' dir='ltr'><strong>pag.</strong></span> <span class='ocrx_word' id='word_1_354' title='bbox 1265 2202 1358 2240; x_wconf 80' lang='lat'><strong>139.</strong></span> <span class='ocrx_word' id='word_1_355' title='bbox 1378 2199 1483 2237; x_wconf 90' lang='lat' dir='ltr'><strong>Add.</strong></span> 
     </span>
     <span class='ocr_line' id='line_1_70' title="bbox 822 2255 1482 2307; baseline 0.002 -15"><span class='ocrx_word' id='word_1_356' title='bbox 822 2255 966 2293; x_wconf 89' lang='lat' dir='ltr'><strong>Herod.</strong></span> <span class='ocrx_word' id='word_1_357' title='bbox 1003 2257 1085 2305; x_wconf 87' lang='lat' dir='ltr'>VII,</span> <span class='ocrx_word' id='word_1_358' title='bbox 1123 2258 1214 2298; x_wconf 85' lang='lat'><strong>150.</strong></span> <span class='ocrx_word' id='word_1_359' title='bbox 1282 2258 1376 2294; x_wconf 83' lang='lat' dir='ltr'><strong>Mox</strong></span> <span class='ocrx_word' id='word_1_360' title='bbox 1412 2270 1482 2307; x_wconf 88' lang='lat' dir='ltr'><strong>pro</strong></span> 
     </span>
     <span class='ocr_line' id='line_1_71' title="bbox 822 2309 1482 2365; baseline -0.002 -15"><span class='ocrx_word' id='word_1_361' title='bbox 822 2314 926 2363; x_wconf 79' lang='lat' dir='ltr'><strong>vulg.</strong></span> <span class='ocrx_word' id='word_1_362' title='bbox 941 2309 1094 2362; x_wconf 78' lang='grc' dir='ltr'><em>αὔξετο,</em></span> <span class='ocrx_word' id='word_1_363' title='bbox 1116 2312 1219 2365; x_wconf 86' lang='lat' dir='ltr'><strong>quod</strong></span> <span class='ocrx_word' id='word_1_364' title='bbox 1231 2312 1398 2350; x_wconf 86' lang='lat' dir='ltr'><strong>Bekker.</strong></span> <span class='ocrx_word' id='word_1_365' title='bbox 1419 2327 1482 2349; x_wconf 85' lang='lat' dir='ltr'><strong>re-</strong></span> 
     </span>
     <span class='ocr_line' id='line_1_72' title="bbox 821 2369 1482 2422; baseline -0.002 -15"><span class='ocrx_word' id='word_1_366' title='bbox 821 2371 948 2418; x_wconf 81' lang='lat' dir='ltr'><strong>tinuit,</strong></span> <span class='ocrx_word' id='word_1_367' title='bbox 979 2369 1159 2422; x_wconf 87' lang='lat' dir='ltr'><strong>equidem</strong></span> <span class='ocrx_word' id='word_1_368' title='bbox 1184 2383 1274 2407; x_wconf 87' lang='lat' dir='ltr'><strong>cum</strong></span> <span class='ocrx_word' id='word_1_369' title='bbox 1294 2369 1482 2408; x_wconf 83' lang='lat' dir='ltr'><strong>Gaisford.</strong></span> 
     </span>
     <span class='ocr_line' id='line_1_73' title="bbox 824 2424 1483 2479; baseline -0.002 -16"><span class='ocrx_word' id='word_1_370' title='bbox 824 2426 927 2463; x_wconf 89' lang='lat' dir='ltr'><strong>edidi</strong></span> <span class='ocrx_word' id='word_1_371' title='bbox 955 2424 1118 2477; x_wconf 77' lang='grc' dir='ltr'><em>ηὕξετο,</em></span> <span class='ocrx_word' id='word_1_372' title='bbox 1161 2427 1266 2479; x_wconf 91' lang='lat' dir='ltr'><strong>quod</strong></span> <span class='ocrx_word' id='word_1_373' title='bbox 1293 2427 1483 2466; x_wconf 83' lang='lat' dir='ltr'><strong>Sancrofti</strong></span> 
     </span>
     <span class='ocr_line' id='line_1_74' title="bbox 823 2483 1267 2537; baseline 0.002 -16"><span class='ocrx_word' id='word_1_374' title='bbox 823 2484 919 2521; x_wconf 86' lang='lat' dir='ltr'><strong>liber</strong></span> <span class='ocrx_word' id='word_1_375' title='bbox 937 2483 1214 2537; x_wconf 83' lang='lat' dir='ltr'><strong>suppeditabat.</strong></span> <span class='ocrx_word' id='word_1_376' title='bbox 1264 2522 1267 2526; x_wconf 80' lang='grc'><em>,</em></span> 
     </span>
    </p>

    <p class='ocr_par' dir='ltr' id='par_1_16' title="bbox 826 2537 1486 2873">
     <span class='ocr_line' id='line_1_75' title="bbox 882 2537 1485 2591; baseline -0.002 -13"><span class='ocrx_word' id='word_1_377' title='bbox 882 2537 928 2579; x_wconf 70' lang='grc' dir='ltr'><strong>τό</strong></span> <span class='ocrx_word' id='word_1_378' title='bbox 949 2539 1159 2591; x_wconf 80' lang='grc' dir='ltr'><em>εἰρημένον</em></span> <span class='ocrx_word' id='word_1_379' title='bbox 1179 2539 1380 2591; x_wconf 75' lang='grc' dir='ltr'><em>μετέμελε]</em></span> <span class='ocrx_word' id='word_1_380' title='bbox 1411 2539 1485 2575; x_wconf 78' lang='lat' dir='ltr'><strong>At-</strong></span> 
     </span>
     <span class='ocr_line' id='line_1_76' title="bbox 827 2595 1486 2647; baseline 0 -15"><span class='ocrx_word' id='word_1_381' title='bbox 827 2597 911 2647; x_wconf 76' lang='lat' dir='ltr'><strong>tigit</strong></span> <span class='ocrx_word' id='word_1_382' title='bbox 939 2596 1075 2634; x_wconf 87' lang='lat' dir='ltr'><strong>Matth.</strong></span> <span class='ocrx_word' id='word_1_383' title='bbox 1104 2598 1171 2634; x_wconf 88' lang='lat' dir='ltr'><strong>Gr.</strong></span> <span class='ocrx_word' id='word_1_384' title='bbox 1193 2598 1258 2634; x_wconf 89' lang='lat' dir='ltr'><strong>Gr.</strong></span> <span class='ocrx_word' id='word_1_385' title='bbox 1280 2608 1368 2647; x_wconf 84' lang='lat' dir='ltr'><strong>pag.</strong></span> <span class='ocrx_word' id='word_1_386' title='bbox 1389 2595 1486 2635; x_wconf 85' lang='lat'><strong>658.</strong></span> 
     </span>
     <span class='ocr_line' id='line_1_77' title="bbox 826 2652 1483 2704; baseline -0.006 -14"><span class='ocrx_word' id='word_1_387' title='bbox 826 2652 943 2704; x_wconf 88' lang='lat' dir='ltr'><strong>Apud</strong></span> <span class='ocrx_word' id='word_1_388' title='bbox 971 2654 1200 2691; x_wconf 78' lang='lat' dir='ltr'><strong>Pausaniam</strong></span> <span class='ocrx_word' id='word_1_389' title='bbox 1229 2654 1255 2689; x_wconf 96' lang='lat' dir='ltr'><strong>l.</strong></span> <span class='ocrx_word' id='word_1_390' title='bbox 1275 2654 1300 2689; x_wconf 88' lang='lat' dir='ltr'><strong>l.</strong></span> <span class='ocrx_word' id='word_1_391' title='bbox 1321 2652 1483 2702; x_wconf 81' lang='lat' dir='ltr'><strong>legitur:</strong></span> 
     </span>
     <span class='ocr_line' id='line_1_78' title="bbox 829 2706 1484 2761; baseline -0.005 -13"><span class='ocrx_word' id='word_1_392' title='bbox 829 2712 970 2749; x_wconf 80' lang='grc' dir='ltr'><em>τοῦτον</em></span> <span class='ocrx_word' id='word_1_393' title='bbox 990 2707 1062 2761; x_wconf 81' lang='grc' dir='ltr'><strong>μὲν</strong></span> <span class='ocrx_word' id='word_1_394' title='bbox 1088 2707 1138 2757; x_wconf 72' lang='grc' dir='ltr'><em>δὴ</em></span> <span class='ocrx_word' id='word_1_395' title='bbox 1164 2711 1244 2748; x_wconf 76' lang='grc' dir='ltr'><strong>τῶν</strong></span> <span class='ocrx_word' id='word_1_396' title='bbox 1269 2706 1484 2760; x_wconf 82' lang='grc' dir='ltr'><em>εἰρημένων</em></span> 
     </span>
     <span class='ocr_line' id='line_1_79' title="bbox 829 2762 1483 2817; baseline -0.009 -12"><span class='ocrx_word' id='word_1_397' title='bbox 829 2762 1017 2817; x_wconf 79' lang='grc' dir='ltr'><em>μετάνοια</em></span> <span class='ocrx_word' id='word_1_398' title='bbox 1035 2765 1172 2816; x_wconf 73' lang='grc' dir='ltr'><em>ἔλαβεν</em></span> <span class='ocrx_word' id='word_1_399' title='bbox 1194 2762 1374 2814; x_wconf 69' lang='grc' dir='ltr'><strong>ὕστερον.</strong></span> <span class='ocrx_word' id='word_1_400' title='bbox 1422 2763 1483 2800; x_wconf 80' lang='lat' dir='ltr'><strong>Ad</strong></span> 
     </span>
     <span class='ocr_line' id='line_1_80' title="bbox 830 2818 1485 2873; baseline -0.003 -13"><span class='ocrx_word' id='word_1_401' title='bbox 830 2822 1002 2861; x_wconf 80' lang='lat' dir='ltr'><strong>dativum</strong></span> <span class='ocrx_word' id='word_1_402' title='bbox 1030 2822 1071 2863; x_wconf 75' lang='grc' dir='ltr'><strong>οἱ</strong></span> <span class='ocrx_word' id='word_1_403' title='bbox 1095 2823 1135 2859; x_wconf 83' lang='lat' dir='ltr'><strong>in</strong></span> <span class='ocrx_word' id='word_1_404' title='bbox 1154 2822 1336 2873; x_wconf 77' lang='lat' dir='ltr'><strong>proximis</strong></span> <span class='ocrx_word' id='word_1_405' title='bbox 1363 2818 1485 2860; x_wconf 76' lang='lat' dir='ltr'><strong>verbis</strong></span> 
     </span>
    </p>
   </div>
  </div>
 </body>
</html>
