1834 3258
416 247 895 285 POLYMNIA.

955 247 986 284 V
996 248 1013 283 Ι
1022 248 1050 284 Ι.
1279 247 1364 288 483

49 390 56 406 2
100 360 196 411 θεὶς
222 361 310 401 τῶν
343 356 390 400 ἓν
419 358 734 413 Καππαδοκίῃ·
766 357 960 400 ἐνθαῦτα
986 356 1069 411 γὰρ
1090 356 1235 410 εἴρητο
1266 359 1366 398 συλ-
1424 363 1457 382 ⁰⁰
1427 358 1558 415 ωῗξῑῒξ-
1594 354 1619 382 ¹
1622 356 1681 395 Πᾶς

97 427 302 483 λέγεσθαι
329 425 474 469 πάντα
503 425 582 469 τόν
602 423 693 468 κατ’
723 424 907 480 ἤπειρον
931 424 1146 480 μέλλοντα
1167 423 1257 480 ἅμα
1288 423 1363 467 αὕ-

71 499 164 553 Ξτῷ
202 494 342 550 Ξέρξῃ
381 492 650 548 πορεύεσθαι
688 491 889 547 στρατόν.

94 561 307 618 ὑπάρχων
344 563 534 617 στρατὸν
562 560 768 605 κάλλιστα
812 560 1075 615 ἐσταλμένον
1105 558 1283 616 α’γαγών
1311 561 1363 604 τὰ

94 632 362 686 προκείμενα
408 629 530 685 παροέ
578 628 780 686 βασιλέος
819 628 944 685 ἔλαβε
984 631 1128 682 δῶρα,
1173 628 1256 672 οὐκ
1286 629 1368 685 ἔχω

95 698 287 756 φράσαι·
318 698 423 743 οὐδὲ
451 697 538 754 γάρ
569 696 707 754 ἀρχὴν
737 698 779 748 ἐς
807 699 952 752 κρίσιν
981 696 1146 740 τούτου
1174 697 1271 751 πέρι
1301 697 1367 740 ἐλ-

66 767 262 820 ὃθόντας
301 766 417 812 οἶδα.
477 769 532 811 Οί
573 766 641 817 δὲ,
676 765 778 813 ,ἐπεί
807 781 851 808 τε
882 764 1112 821 διαβάντες
1140 765 1217 808 τὸν
1233 764 1373 808 ’Ἅλυν

92 837 291 893 ποταμὸν
331 834 554 892 ὡμίλησαν
594 837 648 890 τῇ
704 835 897 890 Φρυγίῃ,
930 831 986 877 δι’
1016 832 1149 888 αὐτῆς
1179 833 1368 887 πορευό-

93 922 241 961 μενοι,
280 904 573 960 παρεγένοντο
614 902 657 953 ἐς
687 900 926 952 Κελαινάς·
972 902 1046 944 ἵνα
1087 901 1222 958 πηγαὶ
1261 899 1423 944 ἄνα-95

102 976 282 1018 διδοῦσι
306 970 577 1024 Μαιάνδρου
602 973 817 1026 ποταμοῦ,
848 970 922 1013 καὶ
953 968 1101 1023 ἑτέρου
1139 967 1222 1013 οὐκ
1249 968 1369 1012 ἐλάσ-

96 1053 227 1092 σονος
253 1040 282 1097 ἢ
310 1038 614 1093 Μαιάνδρου,
642 1041 704 1096 τῷ
734 1036 907 1092 οὕνομα
937 1036 1139 1093 τυγχάνει
1178 1037 1253 1080 ἐὰν
1281 1039 1369 1080 Κα-

93 1107 358 1166 ταῤῥήκτης,
400 1104 449 1157 ὃς
480 1106 522 1158 ἐξ
563 1104 697 1161 αὐτῆς
724 1108 801 1160 τῆς
821 1103 987 1161 ἀγορῆς
1015 1109 1090 1162 τῆς
1123 1105 1372 1148 Κελαινέων

94 1176 355 1230 ἀνατέλλων,
385 1175 428 1226 ἐς
460 1172 540 1218 τόν
569 1174 836 1228 Μαίανδρον
865 1173 1033 1218 ἐκδιδοῖ
1043 1187 1051 1195 ·
1082 1173 1130 1218 έν
1159 1177 1211 1230 τῇ
1242 1174 1315 1217 καὶ
1345 1172 1368 1217 ὁ

36 1340 128 1363 men
168 1325 311 1364 Erelcli.
377 1328 478 1363 Nam
513 1325 566 1362 ibi
597 1323 702 1362 addit

39 1385 104 1421 ille
153 1384 358 1421 convenire
390 1384 469 1420 vias
507 1389 589 1419 tam
628 1394 702 1429 eas,

41 1453 140 1493 quae
154 1453 224 1491 per
233 1441 386 1477 Ciliciae
406 1440 534 1477 fauces
545 1438 703 1490 ducant,

41 1510 160 1549 quam
180 1510 254 1544 eas,
275 1510 374 1550 quae
400 1496 450 1533 ad
477 1496 704 1532 Armeniam

39 1556 293 1606 regionesque
330 1555 444 1591 Asiae
473 1553 703 1604 septentrio-

38 1612 144 1648 nales
163 1617 337 1661 vergant.
369 1632 422 1640 --
469 1611 515 1646 In
531 1622 638 1662 seqq.
659 1606 705 1648 ὕ-

35 1667 217 1719 πάρχους
238 1667 330 1704 dicit
350 1669 549 1719 copiarum
573 1669 704 1716 singu-

36 1725 406 1776 larumxpraefectos.
465 1723 575 1761 Conf.
605 1729 701 1760 nott.

34 1781 146 1830 adV,
167 1782 237 1823 25.
248 1803 301 1810 —-
323 1781 387 1819 Ad
398 1777 446 1821 τὰ
461 1781 704 1833 προκείμενα

37 1839 141 1880 conf.
161 1839 243 1887 VII,
264 1841 290 1880 8
311 1840 334 1884 §
365 1838 405 1878 4.

97 1893 304 1945 ωμίλησαν
329 1897 380 1950 τῇ
403 1892 589 1946 Φρυγίῃ]
620 1893 647 1929 1.
671 1905 705 1929 e.

41 1950 240 2002 Phrygiam
273 1954 481 1997 intra-,runt
517 1949 564 1986 ad
583 1949 656 1986 Pla
643 1962 706 1999 y-

38 2010 139 2057 gidm
156 2012 395 2051 accesserunt,
425 2013 467 2043 ut
486 2007 568 2053 VII,
590 2005 686 2045 214

97 2063 136 2110 ἐς
174 2061 402 2112 Κελαινας]
432 2065 491 2099 De
521 2061 590 2098 hac
611 2062 706 2097 urbe

38 2122 208 2172 primarii
235 2129 323 2159 sunt
342 2122 416 2158 loci
436 2117 707 2170 Xenophontis

37 2180 80 2215 in
117 2179 242 2217 Anab.
282 2180 322 2225 I,
357 2181 383 2218 2
423 2178 461 2222 ξ.
501 2179 541 2216 7.
607 2175 708 2212 Livii

38 2235 259 2282 XXXVIII,
291 2238 356 2275 13.
382 2235 483 2270 Plin.
503 2232 549 2280 V,
572 2234 624 2273 29
647 2231 705 2279 (ξ.

41 2293 285 2340 106).Strab.
299 2292 420 2341 Xllp.
434 2290 516 2332 578
527 2302 557 2330 s,
569 2290 650 2330 866
662 2290 706 2324 B·

41 2349 136 2385 XIII
146 2363 185 2399 p.
208 2351 290 2390 603
311 2362 341 2386 s.
359 2350 440 2388 899
453 2347 517 2392 C„
537 2358 636 2398 quae
658 2344 706 2382 ad

39 2404 310 2456 Xenophontis
354 2405 484 2441 locum
520 2409 622 2439 recte
652 2402 706 2439 af-

40 2461 114 2498 fert
139 2463 302 2512 Kriiger.
360 2461 466 2506 Quae
485 2467 615 2512 postea
634 2472 707 2496 vo-

41 2525 127 2555 cata
147 2525 201 2555 est
214 2519 383 2568 Apamea,
405 2530 493 2554 eam
512 2530 615 2553 nunc
635 2529 706 2553 vo-

41 2575 120 2612 cari
139 2573 297 2612 tradunt
315 2573 493 2611 Isckelcleh
504 2572 705 2623 s.Ascl2kly.

42 2652 96 2660 -
123 2630 188 2672 Ad
211 2631 358 2683 reliqua
387 2630 488 2667 conf.
524 2637 619 2668 nott.
656 2628 705 2666 ad

40 2688 86 2735 V,
129 2690 231 2736 118,
281 2687 418 2740 quibus
466 2699 570 2723 nunc
605 2684 705 2722 addo

40 2743 222 2782 Creuzer.
242 2745 282 2781 in
307 2744 461 2782 Annall.
482 2743 706 2780 Viennenss.

42 2801 133 2838 LXI
161 2815 200 2853 p.
236 2801 314 2842 174
348 2813 427 2852 seq.
486 2798 598 2845 Quod
617 2811 707 2835 vero

46 2856 208 2896 Salmas.
229 2857 279 2895 ad
299 2858 421 2896 Solin.
441 2869 530 2908 pag.
550 2857 632 2897 580
650 2868 708 2908 sq.

759 1323 862 1375 apud
883 1322 1122 1361 Herodotum
1148 1324 1262 1360 scribi
1281 1324 1424 1361 voluit:

756 1378 830 1421 ἐόν
851 1377 1068 1432 Μαρσύης,
1089 1377 1135 1426 ὃς
1152 1377 1429 1431 καταρῤήκτης

758 1437 799 1486 ἐξ
822 1432 946 1489 αὐτῆς
979 1439 1052 1487 τῆς
1081 1434 1208 1489 ἄκρης
1235 1440 1316 1476 τῶν
1348 1441 1430 1476 Κε-

759 1493 927 1533 λαινέων
982 1489 1231 1541 ἀνατέλλων,
1287 1507 1333 1531 eo
1362 1495 1430 1532 vix

761 1564 878 1602 opus,
918 1551 1021 1588 libris
1052 1552 1276 1601 praesertim
1303 1552 1430 1588 invitis

761 1608 952 1654 omnibus,
966 1609 1199 1655 cum,utiam
1213 1621 1326 1659 supra
1338 1607 1432 1657 dixi,

759 1666 950 1716 Marsyas,
980 1677 1099 1716 quem
1117 1664 1335 1702 Herodotus
1355 1678 1432 1702 no-

760 1723 816 1759 vit
834 1723 861 1759 l.
883 1722 922 1769 l.,
942 1723 1140 1772 praecipiti
1161 1735 1275 1759 cursu
1297 1723 1432 1758 Celae-

760 1780 819 1816 nis
861 1777 956 1815 dum
986 1779 1200 1823 laberetur,
1229 1779 1276 1815 ab
1297 1779 1431 1816 incolis

766 1830 1057 1886 Καταρῤήκτης
1092 1837 1192 1872 bene
1237 1837 1431 1872 nominari

762 1893 940 1943 potuerit.

820 1944 1087 1995 οἷναδιδοῦσι]
1153 1946 1358 1984 Subintell.
1388 1944 1431 1987 τὸ

761 2000 894 2053 ὕδωρ,
936 2011 979 2040 ut
1009 2003 1057 2040 ad
1079 2003 1233 2043 ἐκδιδοῖ
1249 2004 1330 2051 VII,
1361 2006 1429 2045 30.

762 2062 825 2108 IV,
844 2060 898 2102 85
927 2061 1020 2112 ibiq.
1041 2062 1121 2097 citt.
1162 2060 1274 2098 Conf.
1297 2059 1344 2097 de
1358 2058 1432 2097 hac

763 2118 884 2168 ellipsi
906 2118 1016 2154 allata
1038 2116 1086 2154 ad
1107 2119 1136 2163 Ι,
1159 2120 1200 2158 6.
1229 2118 1432 2154 Accusati-

763 2187 856 2212 vum
876 2175 1012 2211 Noster
1032 2173 1178 2211 addidit
1195 2175 1226 2222 Ι,
1251 2177 1343 2222 179,
1364 2174 1431 2210 ubi

763 2244 854 2268 omn
882 2230 995 2268 Held.
1027 2230 1076 2268 ad
1115 2229 1313 2268 Plutarch.
1353 2231 1427 2268 Ti-

763 2289 948 2325 moleont.
983 2301 1071 2338 pag.
1102 2287 1185 2329 452
1205 2301 1286 2339 seq.
1319 2300 1426 2325 com.-

763 2344 880 2382 mode
900 2344 1108 2382 reddideris
1130 2343 1330 2395 aufsteigen
1351 2345 1430 2382 cas—

764 2416 836 2439 sen.
868 2423 918 2429 ——-
963 2401 1025 2439 Ad
1053 2414 1166 2439 voces
1187 2399 1322 2450 ἑτέρου
1354 2396 1430 2441 οὐκ

764 2453 982 2504 ἐλάσσονος
1023 2454 1051 2510 ἢ
1089 2458 1166 2496 vid.
1196 2456 1333 2495 matth.
1361 2459 1428 2494 Gr.

765 2517 832 2553 Gr.
865 2516 903 2561 ξ.
930 2514 1013 2555 450
1044 2522 1125 2553 not.
1156 2517 1183 2556 2
1212 2527 1301 2565 pag.
1332 2512 1427 2560 844,

764 2579 802 2609 et
838 2571 886 2609 de
926 2573 1043 2609 verbo
1089 2567 1318 2611 ἀνατέλλειν
1363 2570 1426 2617 IV,

763 2630 831 2672 52,
863 2628 929 2665 ubi
965 2630 1081 2666 etiam
1112 2627 1161 2665 de
1203 2628 1309 2665 fluvii
1343 2633 1430 2664 ortu

762 2685 912 2724 dicitur.
973 2716 978 2719 .

821 2741 864 2781 ἐν
899 2742 950 2808 τῇ
978 2740 1048 2780 καὶ
1087 2756 1108 2780 ο
1140 2740 1214 2778 τοῦ
1249 2740 1430 2789 Σιληνοῦ

764 2794 973 2865 Μαρσύεω
1011 2793 1135 2842 α’σκός
1175 2794 1219 2835 ἐν
1250 2797 1300 2848 τῇ
1335 2792 1429 2834 πόλι

764 2850 1059 2906 ἀνακρέμαται]
1105 2853 1204 2889 Cum
1231 2851 1431 2889 antecedat

1048 2905 1148 2950 31*

1423 423 1447 449 1
1452 423 1486 448 l

939 490 1023 543 “09
1051 493 1132 547 μέν
1163 509 1247 535 νυν
1277 508 1365 536 των
1379 490 1539 550 9ot⁸¹b²³²¹

1424 566 1479 592 Η)

1522 410 1532 415 .
1552 397 1622 416 erxe
1626 399 1638 416 s
1667 391 1698 416 in

1489 423 1539 457 ygi
1544 431 1592 449 am
1610 431 1683 483 mo-a

1492 460 1533 489 e‚t
1543 458 1566 484 C
1570 458 1621 483 cla

1507 490 1589 517 mdri
1615 464 1699 538 lou-S

1524 532 1559 550 ac
1544 524 1644 550 33131

1483 558 1700 592 35113111113113

1423 592 1559 619 celebres
1547 591 1701 627 adelmus,
