1870 3249
349 220 1006 260 TERPSIGMORF..
1068 219 1110 255 V.

1316 218 1397 258 143

91 338 111 371 7
241 329 384 366 ’Έθνεα
407 332 582 365 Βοιωτῶν
599 330 661 364 καὶ
682 327 897 364 Χαλκιδέων
919 325 1152 372 δαμάσαντες

301 390 434 428 παῖδες
453 386 661 431 Ἀθηναίων
681 386 853 431 ἔργμασιν
880 384 919 420 ἐν
938 383 1116 428 πολέμου,

1407 385 1454 419 30

249 445 371 492 δεσμῷ
397 443 435 480 ἐν
462 443 655 489 οἷχλυόεντι
680 441 836 490 σιδηρέῳ
862 441 1016 489 ἔσβεσαν
1040 439 1171 489 ὕβριν·

305 504 382 537 τῶν
408 503 546 543 ἵππους
570 500 730 546 δεκάτην
752 499 924 535 Παλλάδι
945 498 1055 535 τάσδ’
1082 497 1229 534 ἔθεσαν.

4 577 68 624 78
123 573 350 629 Ἀθηναῖοι
391 571 472 626 μέν
510 587 596 614 νυν
635 569 834 627 ηὔξηντο.
865 571 996 627 δηλοῖ
1029 569 1076 613 δὲ
1112 565 1167 612 ου’
1210 566 1307 612 κατ’
1344 567 1450 611 ἓνὸ-ῗι
1446 555 1717 653 ἰῗξιωᾞιῖἀίὧῑθζ

64 750 226 788 servavit
240 747 396 785 Aristid.
417 749 453 783 II
471 760 561 798 pag.
585 748 680 794 380,
693 753 732 782 et

66 806 170 860 quod
190 807 389 843 illustravit
406 807 518 852 Rose,
539 804 727 854 Inscriptt.

63 877 151 916 pag.
175 867 240 911 60,
261 864 327 900 ubi
347 863 436 899 alias
458 860 647 898 eiusmodi
665 862 729 896 in-

63 921 285 972 scriptiones
313 919 561 957 dedicatorias
579 919 620 954 in
641 931 727 954 me-

65 977 173 1016 dium
193 978 363 1028 protulit.

121 1036 262 1081 παῖδες
285 1030 532 1085 Ἀθηναίων]
573 1033 631 1068 De
653 1043 729 1083 qua

63 1092 257 1129 locutione
283 1092 385 1128 conf.
406 1097 504 1127 nott.
525 1088 575 1126 ad
594 1087 729 1136 V‚‚49.

65 1149 235 1200 ἔργματα
264 1155 354 1185 sunt
377 1147 570 1198 facinora,
613 1158 732 1197 quam

65 1205 229 1242 eandem
250 1218 388 1242 vocem
409 1218 430 1240 e
451 1205 671 1240 coniectura
690 1203 731 1237 in

37 1277 44 1282 ‘
64 1261 248 1300 Herodot.
268 1263 336 1309 ΠΙ,
364 1263 417 1302 97
439 1261 585 1297 restitui
599 1260 730 1298 volue-

63 1327 120 1357 rat
164 1320 399 1368 Wesseling.
451 1319 570 1355 citans
621 1317 730 1354 Stob.

63 1378 228 1414 LXXIII
256 1389 344 1427 pag.
366 1375 463 1416 487.
494 1376 546 1412 T.
566 1375 621 1410 III
640 1386 731 1425 pag.

68 1435 146 1475 183
165 1434 281 1470 Gaisf.
302 1431 477 1482 Euripid.
502 1432 622 1468 Orest.
649 1434 730 1471 160

67 1490 165 1539 (157
192 1488 342 1542 Both.).
395 1488 642 1526 Adiectivum
679 1483 729 1526 α’-

65 1543 215 1598 χλυόεις
244 1549 353 1584 novit
373 1559 528 1599 quoque
548 1546 728 1596 Apollon-

64 1602 190 1640 Rhod.
210 1605 261 1640 IV
264 1632 280 1649 ,
302 1605 399 1645 927.

121 1659 287 1712 ἔσβεσαν
306 1656 446 1712 ὕβριν]
467 1659 635 1696 Illustrat
653 1656 729 1694 hoc

63 1717 297 1768 Wesseling.
319 1717 502 1754 Heracliti
514 1715 615 1753 dicto
625 1713 729 1766 apud

62 1775 227 1824 Diogen.
252 1776 380 1811 Laert.
409 1775 479 1821 IX,
517 1777 563 1814 2:
605 1769 728 1823 ὕβριν

66 1845 140 1882 χρη
140 1804 376 1894 ἰ,σβεννύειν
405 1832 554 1882 μᾶλλον
581 1825 610 1879 η
629 1843 728 1880 πυρ-

64 1882 200 1937 καϊήν.
273 1888 397 1924 Versu
443 1887 618 1938 sequenti
657 1897 727 1935 pro

65 1957 144 1981 των
163 1942 313 1990 ι’ππους
342 1942 445 1994 apud
465 1942 624 1983 Diodor
656 1942 682 1978 l.
702 1941 730 1977 l.

67 2005 190 2036 exstat
221 2001 287 2038 ὠν
316 2000 491 2046 ἵππους,·
532 1998 581 2036 ad
613 2010 731 2050 quem

65 2057 280 2106 genitivum
299 2055 556 2124 quodRosel.
572 2056 598 2092 l.
618 2067 732 2105 prae-

67 2114 298 2164 positionem
327 2108 405 2153 από
438 2112 633 2150 subaud'ni
659 2124 730 2149 vo-

68 2169 152 2217 luit,
179 2177 223 2207 ut
250 2172 290 2206 in
310 2171 425 2207 simili
444 2171 578 2220 galeae
595 2170 734 2219 Olym-

67 2227 177 2277 picae
201 2227 460 2278 inscriptione,
480 2227 559 2264 labi
577 2226 730 2264 videtur

66 2284 124 2321 vir
149 2282 407 2333 doctissimus,
451 2297 543 2321 cum
572 2283 731 2334 genitivi

65 2338 179 2377 huius
198 2342 293 2378 ratio
315 2342 368 2378 sic
388 2342 475 2378 satis
493 2348 633 2392 pateat.
664 2340 729 2380 ἴπ-

65 2411 168 2443 πους
191 2396 238 2434 de
259 2398 354 2447 bigis
377 2411 406 2435 s.
429 2399 620 2449 quadrigis
639 2397 730 2435 vnl-

65 2465 116 2504 go
136 2455 298 2504 intelligi
324 2456 412 2492 satis
440 2462 592 2492 notum.
649 2456 731 2491 De·-

65 2511 184 2547 eimas
212 2523 304 2548 vero
323 2525 452 2548 rerum
480 2513 581 2549 bello
602 2519 732 2563 parta—-

65 2579 153 2603 rum
175 2566 244 2604 diis
263 2570 474 2606 consecrari
490 2570 616 2606 solitas
636 2570 732 2606 suis-

67 2637 119 2672 se,
153 2623 258 2676 quod
278 2638 400 2675 pauca
430 2625 638 2663 ostendunt
658 2639 730 2662 ex-

70 2682 209 2732 empla,
231 2695 330 2733 quae
350 2682 455 2719 idem
476 2683 629 2733 collegit
648 2684 730 2720 Ro-

67 2750 106 2774 se
135 2739 162 2775 I.
188 2739 215 2775 l.
242 2751 332 2788 pag.
367 2738 449 2780 215
479 2752 558 2791 seq.
625 2739 729 2776 Add.

68 2794 211 2832 Herod.
235 2796 311 2844 111,
342 2796 408 2843 57,
448 2802 484 2832 et
522 2797 588 2847 qui
616 2795 730 2833 huius

69 2863 199 2889 currus
219 2854 319 2889 aerei
349 2866 370 2889 e
401 2851 557 2890 decimis
578 2851 731 2890 Chalci-

787 744 965 783 densium
985 759 1028 783 ac
1048 747 1285 783 Boeotorum
1311 745 1453 781 memi-

786 805 854 851 nit,
874 805 1040 844 Pausan,
1062 806 1091 852 I,
1113 805 1166 844 28
1191 804 1227 849 §.
1251 805 1290 843 2.

955 907 1048 958 Cap.
1068 906 1282 943 LXXVIII.

842 974 958 1026 δηλοῖ
994 972 1038 1014 δὲ
1078 971 1130 1014 ου’
1156 970 1245 1014 κατ’
1271 973 1317 1013 ἓν
1354 987 1390 1011 κ.
1422 987 1452 1010 τ.

786 1033 840 1081 λ.]
874 1032 1094 1069 Herodotea
1134 1034 1224 1069 citat
1265 1030 1453 1068 Stobaeus

787 1091 925 1135 XLIII,
960 1091 1012 1129 38
1042 1102 1132 1140 pag.
1161 1088 1243 1129 243
1275 1101 1304 1125 s·
1336 1088 1386 1124 Τ.
1417 1088 1453 1123 ΙΙ

787 1159 876 1198 pag.
911 1148 989 1186 103
1021 1146 1139 1183 Gaisf.
1196 1144 1260 1181 Ad
1288 1145 1455 1181 locutio-

786 1217 880 1240 nem
901 1203 1033 1239 confei
1034 1205 1065 1239 ri
1077 1218 1100 1240 v
1089 1204 1255 1239 olumus
1277 1200 1396 1263 quod
1396 1202 1454 1237 le-

787 1262 890 1311 gitui
907 1261 973 1308 111,
995 1262 1055 1302 82“
1070 1260 1137 1297 fin.
1160 1258 1228 1299 καὶ
1257 1258 1299 1299 ἐν
1324 1254 1453 1311 τούτῳ

789 1316 982 1369 ὄηλοῖκαι
1006 1318 1123 1365 οὗτος
1148 1333 1203 1364 ως
1222 1315 1251 1368 ἦ
1271 1330 1454 1367 μουναρ-

787 1376 852 1426 χίη
868 1370 1091 1425 κράτιστον.
1122 1375 1222 1411 Cum
1232 1373 1357 1411 verbis
1369 1386 1452 1425 sqq.

784 1448 810 1482 η
827 1432 1009 1484 ἰσηγορίη
1024 1447 1077 1479 ως
1089 1430 1170 1471 ἔστι
1181 1434 1314 1484 χρῆμα
1327 1442 1455 1470 σπου-

788 1490 904 1528 δαῖον
940 1502 1230 1540 comparamus,
1262 1501 1361 1540 quae
1383 1501 1454 1524 ex-

786 1553 888 1583 stant
908 1548 974 1593 III,
1005 1548 1060 1587 80
1086 1553 1173 1597 post
1201 1547 1285 1582 init.
1306 1547 1388 1591 κῶς
1410 1539 1452 1583 δ’

787 1599 839 1642 ἀν
884 1603 944 1654 εἴη
981 1607 1114 1655 χρῆμα
1154 1600 1454 1655 κατηρτημένον

786 1661 1008 1712 μουναρχίη
1030 1676 1064 1699 κ.
1086 1676 1118 1698 τ.
1142 1663 1175 1699 λ.
1233 1659 1297 1697 Ad
1316 1672 1455 1697 vocem

786 1718 1010 1757 σπουδαῖον
1057 1717 1262 1767 (egregium
1280 1746 1290 1764 ‚
1339 1716 1455 1754 excel-

781 1775 875 1843 ⁹lens)
897 1775 999 1812 conf.
1021 1775 1086 1822 IV,
1110 1776 1189 1814 198
1210 1775 1342 1826 ibique
1354 1780 1453 1814 nott.

781 1826 1012 1882 Ἰσηγορίην
1030 1829 1217 1869 Herodoti
1244 1829 1350 1867 haud
1368 1831 1454 1867 val-

787 1887 836 1924 de
865 1888 1017 1924 differre
1049 1889 1096 1924 ab
1128 1901 1195 1934 ea,
1238 1900 1356 1939 quam
1372 1888 1452 1924 aliis

786 1946 880 1981 locis
901 1944 997 1981 dixit
1015 1943 1238 1994 ἰσονομίην,
1254 1943 1330 1996 qua
1345 1943 1453 1980 utra-

789 2014 864 2053 que
895 2002 1089 2052 popularis
1128 2002 1281 2052 imperii
1310 2002 1365 2038 vis
1408 2014 1452 2038 ao

790 2059 896 2095 notio
929 2057 1163 2106 declaretur,
1195 2059 1272 2095 iam
1295 2059 1454 2094 monui—-

787 2128 873 2152 mus
895 2113 944 2151 ad
969 2117 1035 2162 III,
1056 2117 1110 2156 82
1142 2122 1257 2167 atque
1279 2128 1455 2166 expresse

786 2173 939 2209 monuit
961 2172 1003 2208 C.
1027 2173 1070 2209 F.
1091 2175 1306 2210 Hermann.
1327 2171 1454 2209 Lehr-

786 2228 891 2266 buch
930 2235 1001 2266 etc.
1038 2230 1075 2275 §.
1109 2232 1163 2272 66
1190 2236 1271 2267 not.
1309 2232 1347 2278 6,
1386 2230 1454 2266 ubi

785 2287 897 2338 plura
922 2287 1101 2324 citantur.
1157 2286 1333 2324 Indicant
1362 2300 1454 2324 vero

785 2345 879 2381 tales
899 2345 1121 2391 sententiae,
1152 2345 1282 2396 quales
1312 2342 1375 2380 hic
1403 2345 1450 2380 il-

785 2402 835 2438 lic
855 2414 924 2466 per
952 2402 1152 2438 Musarum
1171 2402 1287 2438 libros
1307 2413 1452 2466 sparsas

786 2459 1288 2524 iuvenimus,sciipt01is
1277 2459 1452 2494 animum

787 2516 834 2552 ab
856 2516 963 2551 omui
981 2516 1059 2552 sive
1080 2516 1192 2552 unius
1209 2516 1287 2553 sive
1306 2527 1454 2566 pauco-

787 2585 875 2608 rum
923 2573 1242 2623 optimatiumque
1289 2573 1451 2623 imperio

787 2629 958 2665 alienum
979 2636 1015 2666 et
1036 2628 1315 2676 democratico,
1346 2627 1451 2681 quod

784 2687 902 2736 vulgo
924 2685 1067 2734 dicunt,
1086 2687 1262 2736 regimini
1281 2687 1453 2722 maxime

787 2742 996 2780 addictum.
1057 2743 1168 2780 Conf.
1189 2755 1301 2793 supra
1323 2743 1367 2790 V,
1384 2745 1450 2783 66.

786 2802 842 2840 92
871 2800 908 2844 ξ.
946 2803 980 2840 1.
1038 2800 1110 2836 Hic
1151 2798 1251 2836 addo
1285 2801 1450 2837 similem

786 2854 934 2907 Ephori
961 2857 1190 2894 senteutiam
1210 2857 1313 2908 apud
1341 2858 1452 2896 Stra-

1456 646 1563 674 vicinis
1580 649 1712 683 popmulis
