1834 3258
541 236 847 274 ERATO.
906 236 976 273 VI.

1319 238 1405 278 413

133 348 398 416 Μαραθῶνα
427 343 516 400 ἅμα
555 347 616 404 τῷ
643 345 806 402 Πέρσῃ.
861 349 993 389 τοῦτο
1025 344 1105 400 μὲν
1134 344 1188 401 δὴ
1218 344 1404 402 πρόσχη-

105 423 196 470 Ξμα
233 408 370 467 λόγου
409 415 488 468 ἠν
536 410 647 467 ατάρ
688 430 787 456 τινα
828 414 901 456 καὶ
939 414 1119 469 ἔγκοτον
1160 409 1243 468 εἶχε
1288 418 1457 457 τοῖσι55

132 483 348 535 Παρίοισι
382 479 455 524 διὰ
487 479 748 535 Λυσαγόρεα
779 480 857 524 τὸν
891 484 1068 535 Τισίεω,
1108 479 1236 525 ἐόντα
1277 481 1404 537 γένος

131 547 325 604 Πάρι-ον,
378 548 646 603 διαβαλόντα
676 565 753 603 μιν
781 549 893 604 πρὸς
925 548 1138 605 Ὑδάρνεα
1176 547 1255 591 τόν
1285 549 1400 604 Πέρ-

101 624 229 674 δσην.
283 615 565 672 Ἀπικόμενος
602 616 647 660 δὲ
677 616 720 668 ἐς
748 616 829 674 τήν
857 617 976 661 ἔπλεε
1007 616 1030 661 ὁ
1063 615 1310 673 Μιλτιάδης
1348 620 1403 674 τῇ

130 689 323 743 στρατιῇ,
364 684 612 739 ἐπολιόρκεε
641 687 862 740 Παρίους,
907 685 1241 742 κατειλημένους
1279 685 1403 737 ἐντός

129 755 309 810 τείχεος·
343 754 417 796 καὶ
448 753 676 808 ἐσπέμπων
705 751 892 808 κήρυκα,
925 755 1035 797 α’ίτεε
1069 752 1226 796 ἑκατὸν
1247 751 1458 796 τάλαν-60

130 838 205 873 τα,
249 820 358 877 φὰς,
395 821 452 877 ἢν
496 822 555 878 μή
595 823 639 864 οἱ
671 823 800 872 δῶσι,
842 820 925 864 ου’κ
956 820 1281 876 ἅπαναστήσειν
1319 821 1402 878 τήν

100 889 362 946 4στρατιὴν,
392 890 495 944 πρὶν
523 889 552 945 ἦ
575 889 693 945 ἐξέλῃ
724 889 872 945 σφέας.
934 891 987 932 Οἱ
1008 889 1053 932 δὲ
1077 888 1255 943 Πάριοι,
1286 887 1401 942 ὅκως

129 957 209 1013 μέν
230 975 269 1000 τι
300 957 494 1002 δώσουσι
511 957 733 1014 Μιλτιάδῃ
759 956 990 1012 ἀργυρίου,
1023 955 1154 1000 οὐδὲν
1180 959 1401 1001 διενοεῦν-

127 1041 198 1068 το·
240 1026 283 1069 οἱ
323 1025 394 1077 δὲ,
439 1024 553 1076 ὅκως
593 1025 912 1082 διαφυλάξουσι
949 1024 1030 1080 τήν
1068 1023 1220 1077 πόλιν,
1264 1028 1397 1069 τοῦτο

127 1093 426 1150 ἐμηχανῶντο·
469 1095 577 1137 ἄλλα
616 1110 660 1137 τε
690 1090 1052 1149 ἐπιφραζόμενοι,
1083 1092 1155 1135 καὶ
1183 1096 1236 1149 τῇ
1267 1092 1397 1148 μάλι-

127 1172 207 1204 στα
238 1160 331 1204 ἔσκε
361 1160 563 1205 ἑκάστοτε
592 1160 801 1218 ἐπίμαχον
829 1164 911 1205 τοῦ
931 1162 1113 1215 τείχεος,
1143 1164 1275 1205 τοῦτο
1307 1161 1396 1218 ἅμα
1409 1168 1453 1203 65

239 1323 332 1374 cap.
355 1323 572 1360 CXXXIII.

125 1375 336 1432 πρόσχημα
359 1376 476 1431 λόγου
507 1374 580 1430 ἦν]
615 1379 728 1422 Conf,

70 1437 134 1484 VI,
156 1436 224 1476 44.
252 1438 322 1482 IV,
345 1440 439 1478 167.
469 1439 528 1473 De
547 1438 732 1488 particula

71 1489 186 1545 (ἔτοὲρ,
217 1501 425 1544 praeeunte
447 1492 542 1544 μὲν,
579 1496 732 1532 monuit

69 1552 127 1588 vir
166 1549 299 1588 doctus
340 1551 381 1586 iu
422 1549 511 1588 The
555 1551 732 1597 Classical

66 1608 205 1645 Journ.
225 1608 259 1645 V
277 1620 366 1658 pag.
385 1609 484 1648 218.
503 1609 555 1645 VI
573 1622 612 1658 p·
632 1611 729 1649 269·

68 1665 134 1702 Tu
155 1663 243 1701 add.
268 1667 392 1702 Zeun.
416 1663 464 1701 ad
491 1666 620 1715 Viger.
640 1677 728 1716 pag.

68 1720 162 1762 556.
202 1719 346 1758 Herod.
385 1722 430 1769 V,
462 1723 528 1762 66.
567 1722 631 1768 IV,
664 1725 728 1770 18,

71 1780 163 1819 178.
188 1780 278 1826 188,
300 1791 349 1814 ne
369 1779 492 1828 plura.
535 1777 632 1815 Ad'
620 1777 729 1831 ἐγκο-

66 1849 134 1880 τος
155 1835 255 1871 conf.
278 1836 345 1882 111,
367 1835 421 1875 59
449 1841 486 1871 et
517 1834 566 1872 ad
588 1835 730 1887 διαβα-

0 1895 2 1906 ’
67 1886 183 1930 λὸντα
210 1897 307 1928 nott.
338 1890 387 1927 ad
415 1891 460 1938 V,
484 1892 552 1933 35

122 1967 428 2020 κατειλημένους
440 1967 546 2017 ἐντὸς
558 1970 725 2020 τείχεος]

68 2026 92 2064 i.
114 2039 147 2062 e.
168 2028 266 2063 intra
289 2038 426 2064 murum
445 2030 602 2075 coactos,
633 2039 731 2063 com-

62 2082 196 2133 pulsos.
271 2083 371 2119 Male
417 2082 529 2120 codd.
570 2082 728 2134 quidam

66 2137 441 2190 κατειλημμένους.
524 2140 610 2177 Vid.
659 2141 726 2188 ΙΙΙ,

70 2197 120 2235 13
162 2196 246 2236 coll.
286 2197 356 2243 IX,
391 2198 459 2236 30.
494 2200 561 2238 69.
610 2197 728 2247 Apud

69 2252 219 2291 Cornel.
240 2254 430 2304 Nepotem
448 2254 474 2290 l.
493 2254 518 2290 l.
539 2253 727 2291 Miltiades

66 2309 185 2346 urbem
224 2311 380 2359 operibus
414 2309 546 2347 clausit
572 2313 728 2361 omnique

68 2369 258 2403 commeatu
288 2369 459 2417 privavit.
516 2369 610 2404 Mox
636 2369 730 2404 reti-

66 2423 136 2458 nui
170 2417 487 2474 ἅπαναστήσειν,
523 2423 728 2461 accedente

66 2479 196 2525 Valla,
239 2480 305 2530 qui
330 2480 461 2516 vertit:
494 2481 729 2518 abducturum

66 2532 219 2584 copiass
238 2536 316 2571 Alii
337 2531 641 2586 ἀπονοστήσειν.
668 2538 727 2576 Cf.

64 2592 140 2636 IX,
161 2593 228 2633 86.
249 2593 315 2633 87.
336 2593 473 2644 Polyb.
489 2594 552 2642 IV,
572 2597 636 2634 17.

124 2676 228 2728 ὅκως
248 2679 319 2731 μέν
330 2696 367 2720 τι
389 2679 561 2722 δώσουσι
579 2697 658 2722 mv.
671 2684 726 2732 λ.]

59 2737 126 2773 De
159 2744 346 2775 structura
383 2740 588 2789 particulae
625 2735 728 2786 ’ὅκως

69 2792 146 2830 vid.
165 2801 260 2831 nott.
275 2793 324 2832 ad
339 2796 401 2843 VI,
424 2795 492 2836 85.
548 2797 606 2832 De
626 2803 728 2832 stru-

70 2856 176 2888 ctura
195 2865 232 2891 τι
244 2873 301 2880 -—
312 2847 505 2906 οἷργυρίου
526 2853 574 2890 cf.
591 2852 725 2890 Matth.

789 1323 856 1359 Gr.
885 1323 951 1360 Gr.
984 1323 1021 1368 ξ.
1052 1320 1147 1371 442,
1169 1325 1213 1368 5,
1234 1324 1301 1376 qui
1320 1330 1452 1360 tamen

787 1393 892 1416 nunc
911 1393 932 1416 e
954 1380 1174 1448 Florentino
1200 1394 1357 1433 unoque
1378 1382 1452 1417 Pa-

788 1437 903 1474 risino
916 1436 1020 1474 dedit
1030 1452 1066 1475 τι
1076 1432 1339 1504 -ἆργόριον,
1362 1451 1453 1474 cum

787 1500 975 1531 structura
1004 1489 1291 1547 τι-εἷργυρίου
1313 1495 1453 1545 ali‘quzd

787 1553 931 1599 argenti
959 1564 989 1587 s.
1024 1564 1198 1601 pecumae
1226 1553 1362 1588 Latina
1391 1553 1452 1600 sit,

785 1621 866 1644 non
888 1609 1046 1644 Graeca.
1097 1607 1208 1644 Idem
1229 1604 1359 1656 οὐδὲν,
1383 1621 1454 1645 cu-

785 1664 842 1701 ius
862 1665 948 1701 loco
969 1671 1045 1702 tres
1065 1665 1151 1701 libri
1173 1660 1280 1713 ου’δὲ,
1297 1666 1452 1717 reliquit

785 1723 994 1770 intactum,
1041 1720 1088 1758 de
1117 1734 1212 1759 voce
1235 1719 1357 1761 ου’δὲν
1380 1735 1452 1772 pro

788 1774 838 1818 ου’
856 1780 978 1829 posita
997 1777 1158 1815 laudans
1175 1780 1222 1815 G.
1232 1781 1446 1815 Hermann.

787 1834 836 1872 ad
867 1833 1050 1886 Sophocl.
1077 1835 1210 1885 Antig.
1243 1838 1323 1876 610
1348 1842 1450 1872 extr.

735 1896 745 1900 “
785 1894 844 1928 De
858 1905 928 1928 usu
957 1892 1164 1941 particulae
1200 1889 1243 1930 δὲ
1262 1893 1303 1927 in
1323 1893 1448 1929 verbis

788 1947 830 1987 οἱ
850 1946 892 1986 δὲ
913 1944 1016 1993 ὅκως
1040 1944 1332 1997 διαφυλάξουσι
1344 1949 1447 1986 conf.

785 2003 890 2041 idem
927 2002 1111 2041 Matthiae
1157 2005 1224 2042 Gr.
1267 2006 1334 2042 Gr.
1358 2018 1449 2056 pag.

789 2064 908 2108 1037,
928 2062 994 2112 qui
1021 2074 1111 2111 pag.
1141 2060 1223 2101 414
1245 2063 1450 2099 consulen-

784 2116 853 2154 dus
877 2116 923 2153 de
943 2118 1066 2154 forma
1089 2116 1187 2157 ἔσκε.

840 2173 906 2213 καὶ
925 2177 977 2228 τῇ
995 2170 1163 2224 μάλιστα
1185 2189 1222 2212 κ.
1242 2189 1275 2213 τ.
1297 2176 1349 2224 λ.]
1372 2176 1397 2211 i.
1414 2188 1447 2212 e.

785 2230 858 2281 qud
872 2233 1092 2281 potissimum
1111 2235 1217 2282 parte
1245 2244 1365 2269 murus
1384 2245 1448 2269 ex-

781 2291 947 2338 pugnatu
971 2287 1104 2338 facilis
1135 2292 1234 2336 erat,
1267 2289 1320 2326 ibi
1350 2292 1449 2326 nocte

786 2346 975 2393 ingruente
994 2345 1101 2395 duplo
1119 2345 1278 2382 altiorem
1296 2358 1447 2393 murum,

786 2414 891 2451 quam
926 2403 990 2450 qui
1019 2406 1123 2439 antea
1148 2401 1296 2452 fuerat,
1328 2415 1447 2440 erexe—

785 2461 884 2495 runt.
914 2458 988 2494 Ubi
1008 2460 1080 2507 τοῦ
1100 2460 1252 2508 τείχους
1271 2471 1351 2495 non
1370 2460 1447 2495 mi-

784 2528 857 2552 nus
887 2514 1091 2551 commode
1136 2515 1446 2552 antecedentibus

785 2571 1103 2624 τῇ-ἐπίμαχον
1135 2570 1286 2609 adnecti
1306 2573 1446 2623 poterit

785 2641 903 2679 quam
933 2628 1176 2680 sequentibus
1206 2643 1322 2668 τουτο
1349 2624 1446 2679 ἅμα.

783 2684 969 2722 Valcken.
989 2685 1154 2721 similem
1166 2686 1304 2721 excitat
1317 2686 1446 2721 locum

784 2740 966 2793 Tllucyd.
979 2741 1043 2788 IV,
1060 2741 1151 2782 115.
1182 2740 1283 2780 Add.
1301 2740 1445 2778 Herod.

782 2799 812 2845 Ι,
835 2800 900 2838 84.
922 2796 1115 2834 Plutarch.
1137 2798 1281 2835 Timol.
1303 2800 1350 2847 8,
1378 2798 1444 2835 ubi

783 2853 862 2892 vid.
882 2853 995 2892 Held.
1017 2866 1105 2905 pag.
1120 2853 1214 2895 354.

1456 553 1538 596 500
