1806 3181
440 147 524 187 644

839 133 1305 175 HERODOTl

442 266 520 305 σας
536 249 689 305 πλήρεϊ
711 246 911 301 ἀνδρῶν·
944 247 1079 301 δῆλον
1109 240 1172 286 ὦν
1188 259 1263 298 μοι
1292 240 1359 285 ὅτι
1389 243 1512 282 θεῖον
1535 236 1698 292 ἐγένετο

413 323 498 365 4τὸ
528 321 704 373 πρῆγμα
725 315 771 358 ἐκ
804 318 879 370 τῆς
899 313 1065 369 μήνιος.
1125 312 1167 354 οἱ
1189 310 1288 366 γάρ,
1318 305 1586 365 πεμφθέντες
1614 301 1701 346 ὑπὸ

443 384 804 439 Λακεδαιμονίων
834 380 1007 437 ἄγγελοι
1039 380 1080 431 ἐς
1108 379 1189 435 τήν
1213 377 1382 432 Ἀσίην,
1411 371 1704 430 προδοθέντες

441 456 487 500 δὲ
528 454 613 497 ὑπὸ
654 449 878 494 Σιτάλκεω
908 452 989 493 τοῦ
1025 446 1198 503 Τήρεω,
1256 447 1457 500 Θρηΐκων
1484 438 1695 497 βασιλέος,
1714 443 1758 478 95

442 523 516 567 καὶ
560 516 879 575 Νυμφοδώρου
917 520 996 559 τοῦ
1030 515 1211 563 Πύθεω,
1250 511 1413 565 ἀνδρὸς
1436 509 1705 564 Ἀβδηρίτεω,

441 591 619 647 ἥλωσαν
657 587 766 630 κατὰ
806 584 1035 641 Βισάνθην
1070 582 1152 639 τήν
1191 581 1236 623 ἐν
1274 575 1603 634 Ἑλλησπόντῳ,
1634 573 1706 617 καὶ

446 655 711 713 ἀπαχθέντες
741 654 783 705 ἐς
811 654 891 709 τὴν
918 652 1124 707 Ἀττικὴν,
1155 648 1380 692 ἀπέθανον
1408 642 1496 688 ὑπὸ
1511 641 1707 698 Ἀθηναί-

446 741 520 770 ων·
550 723 656 779 μετὰ
677 723 722 766 δὲ
743 719 891 766 αὐτῶν
920 721 993 766 καὶ
1019 717 1235 774 Ἀριστέας
1254 718 1278 759 ὁ
1302 711 1596 768 Ἀδειμάντου,
1619 712 1710 752 Κο-

448 796 619 850 ρίνθιος
651 790 775 846 ἀνήρ.
833 794 969 833 ταῦτα
1003 789 1082 844 μέν
1110 803 1196 830 νυν
1224 788 1425 828 πολλοῖσι
1454 780 1562 824 ἔτεσι
1584 776 1710 822 ὕστε-

449 879 530 917 ρον
558 860 724 916 ἐγένετο
753 861 833 901 τοῦ
863 856 1062 914 βασιλέος
1092 852 1262 899 στόλου.
1747 850 1763 882 1

395 1048 537 1086 cidatos
562 1059 641 1083 esse
670 1050 819 1081 enarret
848 1045 884 1080 Τ
888 1042 1054 1095 hucydi—

397 1106 475 1143 des.
507 1104 719 1153 Amplexus
733 1109 785 1137 est
806 1100 904 1137 hanc
920 1113 1055 1137 emen-

396 1162 592 1199 dationem
620 1157 842 1204 Larcherus,
866 1157 939 1209 quii
959 1154 1055 1192 mihi

397 1218 556 1271 quidem
576 1229 656 1252 non
677 1228 771 1265 opus
793 1227 871 1250 esse
892 1213 1054 1259 videtur,

397 1276 465 1328 qui
494 1286 584 1311 cum
611 1273 765 1322 reliquis
799 1269 888 1306 edd.
908 1271 947 1306 in
969 1269 1057 1306 vul-

397 1339 486 1383 gata
515 1330 753 1382 acquiescere
780 1328 912 1363 malui.
976 1327 1055 1362 Nec

396 1388 519 1438 magis
581 1385 837 1422 necessarium
892 1381 1055 1429 videtur,

399 1443 504 1498 quod
532 1444 571 1479 in
600 1442 724 1479 verbis
753 1453 860 1492 seqq.
886 1440 1057 1477 VVerfer.

400 1504 532 1551 (Actt.
570 1497 679 1549 phill.
706 1499 880 1534 Monacc.
911 1497 929 1531 Ι
968 1507 1056 1546 pag.

400 1560 481 1599 238
503 1557 601 1607 seq.)
623 1558 738 1594 θεῖον
765 1560 956 1589 mutatum
976 1552 1061 1588 vult

399 1617 439 1652 in
470 1609 700 1657 θειότατον,
735 1623 784 1646 ne
814 1610 892 1646 scil.
912 1607 1061 1660 periodi

402 1670 570 1708 clausula
590 1670 782 1718 langueat.

458 1733 726 1790 προδοθέντες
747 1731 789 1772 δὲ
813 1728 893 1771 ’ὑπὸ
915 1726 1062 1770 Σιτάλ-

402 1810 481 1837 κεω
502 1796 574 1833 τοῦ
601 1787 765 1843 Τήρεω]
800 1790 917 1826 Plura
938 1787 984 1824 de
1005 1786 1062 1824 his

403 1848 652 1902 Thucydides
680 1848 706 1884 l.
736 1848 776 1893 l.,
800 1848 864 1898 qui
891 1844 995 1881 idem
1016 1843 1063 1881 de

409 1908 545 1948 Sitalce
575 1902 828 1943 consulendus
847 1903 894 1947 ΙΙ,
917 1904 982 1942 29.
1010 1899 1063 1941 95

406 1978 512 2018 seqq.
535 1964 619 2010 (ubi
637 1960 713 1999 vid.
724 1958 964 2010 interpretes)
978 1957 1063 1993 coll.

407 2020 593 2059 Herodot.
623 2019 686 2066 IV,
709 2020 776 2058 80.
835 2014 1065 2066 Nymphodo-

408 2091 497 2125 rum,
522 2078 588 2128 qui
617 2075 766 2113 Sitalcis
795 2084 965 2110 sororem
993 2069 1066 2106 ha-

407 2135 491 2173 buit
520 2144 682 2169 uxorem
702 2130 943 2180 multumque
965 2124 1067 2177 apud

410 2191 514 2228 hunc
533 2189 662 2234 valuit,
682 2185 932 2222 Athenienses
959 2184 1066 2219 initio

410 2247 500 2286 belli
529 2243 842 2294 Peloponnesiaci
868 2241 939 2276 sibi
972 2252 1067 2276 con-

410 2305 597 2342 ciliarunt.
654 2300 770 2335 Plura
808 2295 987 2347 Thucyd.
1020 2296 1068 2342 H,

412 2363 480 2402 29.
509 2361 576 2400 67.
646 2357 721 2392 Pro
752 2354 941 2404 βασιλῆος
981 2350 1069 2388 dedi

414 2413 617 2469 βασιλέως.
667 2409 776 2457 Quod
797 2410 964 2461 sequitur
978 2403 1070 2446 Πύ-

413 2477 511 2519 θεω,
533 2468 762 2508 descendere
783 2465 961 2502 videtura
976 2476 1070 2500 voce

417 2525 579 2578 Πύθης,
599 2526 670 2562 uisi
686 2520 969 2561 rescribendum
986 2522 1072 2558 Πν-

414 2584 499 2625 θὲω
523 2591 565 2620 ut
584 2584 666 2629 Vll,
690 2582 767 2622 189
797 2578 838 2628 (a
866 2590 960 2615 voce.
983 2578 1071 2614 Πυ-

416 2640 534 2690 θέας)
560 2646 673 2691 atque
692 2638 848 2674 forsitan
869 2635 980 2671 etlam
1002 2633 1070 2679 IX,

418 2700 486 2742 78,
526 2697 592 2733 ubi
625 2706 755 2732 omnes
790 2705 893 2729 nunc
930 2689 1072 2727 habent

421 2749 590 2794 Πύθεω.
627 2753 706 2788 Nec
744 2748 869 2786 differt
886 2744 1073 2799 Ἀριστέω

1110 1041 1174 1087 IV,
1197 1038 1262 1082 15,
1284 1033 1417 1087 Βορέω
1438 1034 1520 1079 VII,
1542 1033 1636 1073 189.
1658 1028 1768 1066 Conf.

1110 1097 1243 1136 Krebs,
1265 1096 1386 1133 Lectt.
1414 1088 1553 1128 Diodd.
1574 1100 1661 1139 pag.
1688 1084 1770 1127 256

1111 1166 1190 1205 seq.

1169 1204 1268 1247 κατοέ
1291 1200 1504 1253 Βισάνθην
1534 1198 1608 1252 τήν
1628 1195 1771 1239 ἒνἛλ-

1113 1261 1352 1316 λησπόντῳ]
1392 1257 1573 1297 Bisanthe
1586 1287 1596 1305 ‚
1619 1255 1773 1294 Samio-

1112 1335 1202 1360 rum
1226 1319 1387 1364 colonia,
1412 1317 1557 1368 optimo
1578 1320 1691 1365 portu
1709 1312 1774 1347 in-

1112 1384 1252 1417 structa
1268 1375 1313 1412 ad
1323 1371 1599 1425 Propontidem
1611 1371 1680 1407 sita
1690 1368 1774 1416 fuit,

1115 1435 1190 1488 quit
1219 1434 1281 1471 via
1315 1431 1419 1469 ducit
1451 1428 1681 1482 Byzantium
1696 1426 1775 1462 sive

1116 1488 1483 1539 Constantinopolin.
1543 1483 1685 1523 Seriori
1708 1494 1776 1518 ae-

1115 1556 1192 1586 tate
1213 1559 1303 1584 cum
1322 1550 1522 1582 vocaretur
1550 1540 1777 1579 Rhaedestus

1115 1619 1144 1644 s.
1167 1605 1344 1649 Resistus,
1359 1601 1471 1637 fluxit
1490 1598 1580 1635 hino
1589 1596 1778 1633 recentior

1118 1661 1320 1712 appellatio
1348 1657 1518 1694 Rodosto.
1575 1653 1662 1691 Vid.
1692 1653 1778 1688 Xe·-

1117 1716 1236 1768 noph.
1257 1716 1382 1752 Anab.
1402 1714 1484 1760 Vll,
1515 1714 1541 1752 2
1561 1710 1627 1749 fin.
1647 1710 1779 1760 ibique

1118 1777 1280 1824 Kriiger.
1301 1768 1522 1809 Tzschuck.
1543 1766 1592 1804 ad
1610 1766 1700 1802 Mel.
1728 1765 1778 1812 Π,

1120 1834 1146 1871 2
1168 1832 1205 1876 ξ.
1229 1832 1253 1870 6
1285 1841 1373 1880 pag.
1395 1826 1473 1867 105
1507 1831 1606 1862 nott.
1636 1833 1774 1872 exegg.

1119 1889 1310 1924 Mannert.
1348 1885 1418 1921 VII
1455 1894 1543 1934 pag.
1587 1881 1665 1920 180
1697 1890 1780 1930 seq.

1120 1943 1233 1981 Unde
1267 1943 1353 1979 satis
1382 1940 1616 1988 intelligitur,
1638 1935 1781 1973 Helles-

1118 2004 1261 2052 pontum
1298 1998 1360 2034 hic
1399 1997 1523 2034 latiori
1551 2006 1664 2031 sensu
1693 1991 1780 2040 dici,

1122 2070 1199 2109 quo
1211 2067 1368 2093 omnem
1383 2053 1495 2091 simul
1506 2047 1781 2101 Propontidem

1123 2113 1400 2163 complectitur.
1465 2107 1550 2146 vid.
1591 2112 1687 2143 nott.
1733 2102 1782 2140 ad

1121 2170 1184 2218 IV,
1207 2169 1274 2210 85.

1179 2223 1248 2264 καὶ
1265 2219 1486 2274 Ἀριστέας]
1530 2221 1644 2255 Hunc
1668 2223 1783 2268 puta-

1123 2283 1215 2319 bant
1258 2279 1507 2316 Athenienses
1521 2306 1530 2323 ,
1572 2274 1782 2312 Thraciam

1125 2338 1363 2389 potissimum
1399 2334 1614 2371 sollicitasse
1641 2338 1678 2368 et
1705 2332 1782 2366 iam

1127 2401 1214 2430 ante
1248 2395 1287 2429 in
1325 2390 1635 2428 Potidaeatarum
1671 2387 1783 2424 rebus

1128 2451 1248 2487 multa
1269 2450 1368 2486 mala
1380 2449 1467 2498 ipsis
1479 2447 1668 2492 intulisset,
1689 2453 1787 2495 quae

1128 2520 1178 2544 ne
1198 2508 1336 2543 iterum
1354 2505 1534 2551 facerent,
1554 2509 1677 2540 morte
1697 2511 1790 2537 eum

1127 2562 1373 2615 plectendum
1385 2555 1788 2609 censuere,testeThu-

1129 2619 1266 2672 cydide
1287 2620 1336 2666 11,
1358 2619 1424 2658 62.
1448 2619 1514 2657 67.

1185 2688 1369 2726 πολλοῖσι
1391 2683 1489 2724 ἔτεσι
1509 2679 1695 2733 ὕστερον]
1708 2680 1786 2717 Ac-

1129 2743 1220 2781 cidit
1239 2741 1325 2790 hoc,
1346 2747 1438 2779 teste
1459 2737 1688 2793 Thucydide
1709 2737 1736 2774 l.
1745 2736 1785 2783 1.,
