1870 3249
799 149 804 170 t

345 216 1011 258 TERPSICHORE.
1070 216 1116 252 V.
1283 216 1369 255 209

100 349 184 388 ρον
210 331 287 374 τὸν
321 327 496 383 Γόργον
525 325 824 382 παρηγορέετο
867 324 1136 368 ἀπίστασθαι
1166 322 1252 367 ἀπὸ
1295 326 1369 379 βα-

101 400 261 449 σιλέος·
301 396 397 439 τότε
429 394 489 446 δ’,
537 392 596 446 ὦς
636 394 707 437 καὶ
736 392 841 444 τούς
861 391 1017 443 Ἴωνας
1055 392 1242 436 ἐπύθετο
1274 390 1371 436 άπε-

102 465 270 518 στάναι,
300 465 442 521 πάγχυ
474 463 746 517 ἐπικείμενος
774 461 912 518 ἐνῆγε,
944 459 1005 511 ὦς
1036 460 1082 504 δὲ
1110 460 1194 504 οὐκ
1224 459 1397 504 ἔπειθεΙ

99 534 178 578 τόν
213 532 415 589 Γόργον,
466 529 660 575 ἐνθαῦτά
696 546 774 585 μιν
814 528 1012 585 φυλάξας
1054 528 1283 581 ἐξελθόντα
1322 528 1371 572 τὰ

97 601 207 646 ἄστυ
228 601 277 644 τό
311 602 598 656 Σαλαμινίων
630 597 653 642 ὁ
678 595 919 655 Ὀνήσιλος,
951 595 1040 652 ἅμα
1059 601 1174 640 τοῖσι
1204 596 1374 641 ἑωυτοῦ

67 668 384 726 3στασιώτῃσι,
427 665 660 723 άπεκλήϊσε
708 671 796 710 τῶν
836 666 1023 709 πυλέων.
1082 664 1254 721 Γόργος
1294 665 1374 721 μὲν

97 738 151 793 δὴ
184 737 407 792 στερηθεὶς
439 740 514 792 τῆς
543 733 720 786 πόλιος,
752 735 908 791 ἔφευγε
938 734 980 785 ἐς
1004 732 1217 790 Μήδους·
1242 731 1400 789 Ὀνή-5

96 809 216 856 σιλος
246 805 291 849 δὲ
319 800 421 861 ἦρχε
451 808 715 858 Σαλαμῖνος,
745 803 817 846 καὶ
849 803 1050 847 ἀνέπειθε
1078 800 1247 852 πάντας
1278 805 1372 846 Κυ-

66 874 258 928 4πρίους
301 874 664 916 συναπίστασθαι.
728 870 834 923 τούς
872 871 951 927 μὲν
993 869 1045 926 δὴ
1088 868 1248 921 ἄλλους
1280 868 1375 912 άνέ·

97 953 239 985 πεισε·
277 939 604 996 Ἀμαθουσίους
635 940 703 992 δὲ,
744 939 798 984 οὐ
829 939 1128 995 βουλομένους
1159 940 1203 983 οῖ
1230 939 1374 982 πείθε-

99 1015 229 1061 σθαι,
261 1007 510 1063 ἐπολιόρκεε
541 1008 908 1064 προσκατήμενος.

0 1069 30 1116 5
186 1075 411 1132 Ὀνήσιλος
442 1076 522 1131 μέν
552 1093 636 1119 νυν
675 1075 924 1131 ἐπολιόρκεε
953 1073 1243 1131 Ἀμαθοῦντα.
1296 1069 1710 1139 βα-1οᾱῧέζῑὲξηὲξέξζζς

95 1144 205 1189 σιλέϊ
234 1145 280 1187 δὲ
310 1145 485 1200 Δαρείῳ
517 1142 575 1195 ὥς
607 1143 843 1201 ἐξαγγέλθη
874 1141 1045 1199 Σάρδις
1074 1139 1272 1194 ἁλούσας
1304 1142 1372 1198 ἐμ·
1431 1138 1672 1202 ᾒξιξξεζωωῗζὲῡῡδ

94 1217 350 1270 πεπρῆσθαι
389 1210 481 1255 ὑπό
517 1228 561 1256 τε
600 1211 846 1269 Ἀθηναίων
886 1213 960 1256 καὶ
998 1209 1173 1264 Ἰώνων,
1216 1209 1297 1254 τὸν
1327 1209 1374 1254 δὲ

95 1281 288 1338 ἡγεμόνα
312 1280 521 1336 γενέσθαι
551 1284 629 1336 τῆς
660 1284 901 1336 συλλογῆς,
933 1278 1045 1323 ὥστε
1075 1283 1214 1322 ταῦτα
1245 1290 1375 1323 συνυ·

24 1388 31 1393 s
96 1352 345 1405 φανθῆναι,
375 1347 454 1392 τὸν
483 1348 706 1406 Μιλήσιον
732 1346 1069 1405 Ἀρισταγόρην·
1103 1351 1258 1402 πρῶτα
1294 1347 1374 1403 μὲν

95 1417 263 1472 λέγεται
306 1414 465 1472 αὐτὸν,
506 1416 565 1470 ὥς
604 1416 792 1461 ἐπύθετο
814 1420 972 1471 ταῦτα,
1007 1415 1170 1460 Ἰώνων
1209 1414 1374 1460 οὐδένα

96 1484 233 1542 λόγον
263 1485 586 1543 ποιησάμενον,
626 1482 674 1530 εὗ
706 1484 853 1530 εἰδότα
885 1484 944 1536 ὦς
975 1480 1100 1530 οὗτοί
1128 1502 1177 1542 γε
1209 1484 1264 1529 οὐ
1295 1502 1370 1529 κα·
1388 1491 1430 1525 15

96 1555 407 1609 ταπροΐξονται
445 1554 734 1606 ἀποστάντες,
777 1556 975 1608 εἴρεσθαι
1015 1556 1175 1605 οἵτινες
1215 1551 1302 1597 εἷεν
1332 1554 1377 1596 οἱ

91 1621 339 1679 Ἀθηναῖοι·
381 1624 487 1679 μετὰ
519 1624 588 1677 δὲ,
629 1621 908 1679 πυθόμενον,
949 1624 1122 1679 αἰτῆσαι
1149 1620 1200 1666 τό
1231 1621 1374 1676 τόξον,

96 1690 291 1746 λαβόντα
330 1689 376 1733 δὲ
405 1691 479 1734 καὶ
508 1691 714 1736 ἐπιθέντα
744 1690 915 1745 ὀϊστὸν,
947 1690 1039 1735 ἄνω
1066 1691 1110 1743 ἐς
1137 1690 1216 1735 τόν
1247 1688 1376 1746 οὖρα-

95 1757 178 1801 νόν
207 1757 402 1814 ἀπεῖναι,
434 1761 510 1804 καί
537 1777 614 1817 μιν
645 1759 688 1811 ἐς
716 1758 796 1804 τὸν
824 1757 934 1816 ἠέρα
966 1759 1187 1818 βάλλοντα
1216 1759 1371 1803 εἰπεῖν·

766 1946 850 1983 quos
872 1933 954 1970 bene
970 1937 1116 1971 noverat
1136 1946 1204 1971 non
1222 1935 1361 1984 impune
1375 1933 1430 1971 la-

765 1994 864 2027 turos
904 1991 995 2041 quod
1031 1989 1246 2041 defecissent.
1318 1990 1430 2028 Conf.

764 2046 902 2083 matth.
933 2048 999 2085 Gr.
1030 2049 1097 2084 Gr.
1126 2060 1216 2099 pag.
1250 2049 1357 2090 1088
1393 2054 1431 2085 et

102 1927 327 1984 ἐπολιόρκεε
348 1930 705 1985 προσκατήμενος]

43 1987 255 2035 „Assidebat
283 1990 581 2040 oppugnabatque
611 1992 708 2040 oppi-

42 2044 137 2093 dum,
169 2046 311 2082 Gellius
332 2048 379 2083 N.
400 2047 450 2084 A.
471 2047 558 2091 VII,
583 2049 619 2086 1.
650 2047 707 2082 De

40 2100 271 2148 obsidione,ut
283 2103 444 2140 adsidere
453 2104 576 2152 Livio,
586 2103 708 2139 Grae-

38 2158 90 2194 cis
121 2156 325 2195 adhibetur
354 2155 467 2199 πόλει
498 2161 559 2197 vel
589 2155 705 2198 πόλιν

37 2217 366 2265 προσκαθῆσθαι.
427 2218 564 2268 Attigit
584 2217 705 2253 Wes-

37 2271 172 2322 seling.
205 2271 252 2309 ad
274 2272 388 2314 Diod,
409 2275 427 2310 I
447 2287 486 2325 p.
520 2275 603 2314 502
626 2272 704 2322 [ad

37 2329 125 2375 XII,
148 2330 214 2368 37.
236 2330 588 2379 72]Herodoteu1n
607 2329 704 2368 illud

39 2384 96 2422 bis
116 2392 220 2422 terve
242 2384 347 2424 dedit
370 2389 535 2425 Pausan.
556 2389 574 2424 I
594 2401 633 2438 p.
649 2390 702 2428 30

42 2441 166 2490 [12§.
190 2441 234 2489 5]
266 2444 336 2480 VII
356 2458 395 2495 p.
418 2444 499 2486 558
513 2444 584 2493 [15
602 2445 639 2490 ξ.
657 2443 701 2492 2]

41 2504 78 2534 et
106 2498 194 2534 VIII
225 2511 263 2548 p.
285 2502 377 2549 681,
398 2505 424 2542 2
456 2502 540 2550 [39‚
568 2503 607 2548 2,
639 2501 706 2537 ubi

41 2554 142 2591 conf·
172 2554 331 2593 Siebelis
360 2570 448 2608 pag.
480 2558 587 2605 323]
617 2558 705 2594 coll.

41 2609 222 2664 Thucyd.
263 2614 294 2662 Ι,
327 2616 426 2654 11.“
484 2612 704 2651 Valcken.

279 2715 372 2766 Cap.
395 2714 473 2752 CV.

99 2781 153 2831 ὥς
184 2777 297 2823 οὗτοί
331 2797 374 2834 γε
408 2778 459 2822 ου’
487 2783 706 2833 καταπροΐ-

42 2839 175 2888 ξονται
190 2835 450 2889 άποστάντες]
482 2841 506 2878 i.
527 2853 559 2876 e.
583 2842 707 2892 quippe

99 2899 323 2934 Hssnono‘r.
344 2898 410 2934 111.

765 2111 862 2140 nott.
886 2102 934 2140 ad
954 2106 1019 2152 111,
1041 2107 1108 2145 36.
1165 2106 1225 2141 De
1246 2117 1354 2142 arcus
1378 2105 1431 2141 si-

761 2160 1008 2211 gnificatione
1038 2159 1232 2214 quaedam
1267 2160 1348 2199 dixi
1381 2160 1430 2199 ad

761 2219 828 2267 111,
845 2220 913 2258 21.

819 2328 859 2377 ἔς
879 2326 950 2370 τὸν
966 2325 1158 2382 ου’ρανὸν]
1176 2332 1234 2368 Ita
1249 2331 1429 2382 libriple-

760 2388 869 2439 rique
900 2401 991 2424 cum
1009 2387 1185 2427 Eustath.
1208 2387 1257 2425 ad
1276 2389 1322 2425 ll.
1338 2401 1428 2439 pag.

761 2443 856 2493 248,
889 2443 942 2485 34
971 2458 1001 2481 s.
1027 2447 1118 2494 188,
1136 2447 1203 2486 29.
1233 2446 1311 2482 Alii
1331 2443 1431 2497 πρὸς

761 2497 834 2540 τόν
871 2496 1062 2552 ου’ρανόν.
1131 2502 1265 2540 Persas
1299 2501 1430 2540 coelum

764 2556 940 2594 adorasse
980 2565 1023 2594 ut
1067 2558 1233 2596 Graecos
1282 2560 1429 2605 Iovem,

761 2613 948 2653 Valcken.
966 2615 1140 2662 monuit,
1163 2616 1282 2653 citans
1304 2617 1430 2651 Hero—

762 2669 843 2708 ἀοῖ·
862 2673 891 2719 Ι,
918 2673 1008 2712 131.
1025 2693 1082 2699 —
1111 2673 1207 2709 Mox
1228 2686 1247 2708 e
1268 2673 1431 2708 Floren-

761 2728 841 2765 tino
876 2741 965 2764 cum
1005 2735 1165 2765 recentt.
1207 2727 1296 2765 dedi
1336 2723 1429 2778 βάλ-

761 2787 880 2823 λοντα
895 2798 964 2835 pro
978 2786 1081 2834 vulg.
1104 2782 1279 2835 βαλόντα
1292 2815 1301 2833 ,
1325 2783 1429 2837 quod

761 2839 958 2878 Schaet'er.
979 2842 1114 2878 tenuit.

1097 2897 1146 2937 14
