1789 3213
465 228 558 265 ET
616 227 1125 265 CORRIGENDA.
1455 227 1540 266 813

275 339 383 373 minus
406 342 500 372 recte
523 338 618 372 dedit
641 335 686 377 ἐς
710 335 751 372 τὸ
769 340 886 380 τεῖχος
911 333 1100 378 ἐσάξαντο,
1124 335 1187 368 hoc
1210 334 1317 378 ipsum
1351 334 1399 368 ita
1432 334 1541 379 expli-

276 391 348 419 cat:
374 385 424 424 εἰς
448 382 491 419 τό
515 388 633 428 τεῖχος
658 382 806 428 ἤγαγον,
834 382 997 427 ἔμβασαν
1022 382 1074 421 εἰς
1098 379 1140 416 τὸ
1167 379 1360 424 φρούριον.

329 431 415 466 Ibid.
451 431 486 465 in
517 432 616 466 alter.
650 432 768 465 coium.
803 430 861 466 lin.
885 431 905 464 7
931 430 973 463 ab
1000 429 1058 462 inf.
1083 440 1144 473 pro
1168 429 1344 472 uncisque
1364 425 1541 470 legendum

272 488 378 510 uncis.

55 521 106 555 Ad
131 521 173 564 V,
197 522 243 557 36
265 533 345 567 pag.
368 524 425 558 56.
473 522 524 556 Ad
548 522 750 556 locutionem
765 519 912 566 γνώμην
936 518 1158 563 ἐκφέρεσθαι
1177 520 1265 552 cons.
1288 517 1416 551 Herod.
1443 516 1541 558 VIII,

279 569 335 602 68.
384 568 484 608 Quod
508 569 659 613 sequitur
683 566 878 612 λογοποιός
903 567 993 601 haud
1017 565 1107 599 aliud
1132 577 1207 599 esse
1232 568 1334 609 atque
1366 559 1542 606 λογογρά-

273 625 344 656 φος
368 615 541 648 contendit
565 615 738 647 Heinecke
761 615 904 658 (Ueber
928 614 1056 646 Homer
1080 612 1148 644 und
1173 611 1351 654 Lycurg.)
1377 620 1454 653 pag.
1480 608 1538 642 57.

54 659 106 693 Ad
132 659 174 701 V,
198 660 243 695 38
267 660 324 693 fin.
348 672 426 704 pag.
454 662 511 696 58.
560 661 611 693 Ad
636 661 738 693 verba
763 658 852 698 τούς
868 656 900 693 δ”
927 657 1032 703 ἔλαβε
1057 655 1260 699 τυράννους
1283 668 1315 689 κ.
1340 668 1370 688 τ.
1398 656 1426 688 λ.
1451 657 1539 687 conf.

271 705 440 750 Hartung.
466 706 577 739 Lehre
594 706 668 741 v.d.
690 706 814 750 griech.
841 706 973 739 Partik.
997 704 1059 750 Ip.
1076 705 1154 745 176,
1178 703 1236 748 qui
1261 702 1362 735 etiam
1386 700 1435 734 ibi
1459 712 1539 734 con—

269 752 339 784 fert
363 752 526 785 Herodot.
550 753 576 794 l,
605 754 680 787 171.
711 752 770 793 IX,
797 754 851 786 85.

56 797 106 830 Ad
132 796 170 837 V,
195 797 240 832 39
263 809 342 841 pag.
369 801 424 832 60.
471 798 528 836 Iis,
552 810 640 841 quae
663 798 706 830 de
729 797 919 842 particulae
943 793 1035 829 ἄλλα
1053 807 1114 829 usu
1131 794 1285 835 diximus,
1310 793 1396 826 adde
1411 791 1540 825 Herod.

271 843 329 883 IV,
357 845 422 878 120
445 849 480 877 et
496 845 585 877 conf.
612 844 778 888 Hartung.
802 844 823 879 l.
850 845 871 877 l.
897 844 994 877 Tom.
1011 842 1044 875 ΙΙ
1068 854 1100 886 p.
1114 842 1170 882 40,
1194 840 1253 886 qui
1276 842 1455 884 utrumque
1468 838 1541 871 He-

267 889 377 923 rodoti
401 892 509 923 locum
534 889 673 923 excitat.
866 928 880 933 -
962 928 976 934 κ

51 932 103 967 Ad
127 934 169 976 V,
192 932 237 969 44
261 935 318 967 fin·
345 947 418 979 pag.
446 938 524 980 69·-
553 936 616 981 9¹2⁰
640 935 759 969 ταῦτα
784 932 822 968 δὲ
849 935 902 968 ὠν
928 934 1035 968 οὑτοι
1068 931 1211 976 λέγουσι
1238 930 1415 964 Bekkerus
1446 928 1541 961 dedit

135 983 139 988 '
268 980 389 1014 ταῦτα
415 978 446 1015 δ’
473 981 521 1014 αύ
549 981 656 1015 οὗτοι
679 979 831 1024 λέγουσι.
878 981 972 1014 Idem
996 991 1072 1013 mox
1090 991 1164 1023 cap.
1193 977 1241 1022 §5
1267 976 1359 1010 dedit
1387 975 1540 1019 Κρᾶθιν

269 1028 348 1071 (pro
371 1025 551 1070 Κράστιν)
576 1034 611 1060 et
635 1028 732 1071 paulo
759 1031 834 1070 post
860 1025 931 1060 ἐπ’
958 1022 978 1060 ὃ
1005 1027 1085 1070 (pro
1096 1022 1150 1058 ἐπ’
1176 1023 1224 1069 qi)
1251 1020 1289 1056 δὲ
1307 1018 1449 1064 ἐστάλη.
1468 1020 1540 1054 Sed

269 1073 390 1106 merito
414 1073 503 1106 idem
526 1073 665 1106 retinuit
686 1071 951 1116 πολλαπλήσια.

49 1116 101 1150 Ad
126 1118 169 1161 V,
192 1117 237 1152 49
261 1130 340 1163 pag.
366 1121 423 1154 77.
470 1119 537 1152 Pro
555 1116 747 1162 Χοάσπην,
773 1120 862 1163 quod
887 1130 948 1151 nos
973 1117 1145 1157 dedimus,
1182 1127 1202 1150 a
1233 1114 1390 1148 Bekkero
1425 1115 1542 1146 reten-

268 1170 337 1197 tam
356 1176 431 1198 esse
453 1165 552 1198 video
581 1166 749 1208 vulgatam
772 1164 949 1198 lectionem
974 1161 1164 1197 Χοασπέα.
1373 1197 1387 1203 ,

49 1207 101 1242 Ad
125 1209 168 1252 V,
193 1210 239 1245 50
260 1221 339 1254 pag.
363 1211 420 1244 80,
468 1211 520 1244 Ad
544 1222 640 1244 usum
663 1211 855 1255 particulae
875 1204 928 1243 niv
952 1210 986 1243 in
1019 1209 1133 1243 verbis
1165 1204 1259 1250 λέγει
1290 1202 1322 1239 δ’
1357 1204 1418 1238 ὤν
1451 1204 1541 1238 conf.

270 1256 438 1300 Hartung.
461 1255 482 1288 1.
509 1256 531 1289 l.
557 1257 656 1290 Toni.
682 1257 698 1289 Ι
723 1268 800 1300 pag.
827 1258 904 1290 186.
920 1278 964 1282 -—
988 1256 1027 1288 In
1054 1256 1122 1287 fine
1146 1265 1219 1297 cap.
1250 1257 1285 1285 et
1307 1252 1481 1284 Bekkerus
1505 1252 1542 1282 et

269 1301 395 1345 Negris
431 1301 598 1346 dederunt
630 1299 740 1345 λόγον
765 1298 921 1342 εὐεπέα;
960 1302 1014 1334 hic
1038 1299 1180 1345 exponit
1206 1296 1422 1341 (Ξρέσκοντα.
1469 1295 1542 1328 Sed

263 1347 308 1390 V,
333 1350 375 1382 51
395 1359 456 1393 pro
480 1345 517 1387 ἐς
543 1347 593 1382 οὐ
620 1348 794 1381 Bekkerus
816 1347 956 1380 retinuit
981 1344 1016 1385 ἐς
1042 1342 1074 1379 δ’.
1121 1345 1216 1378 Idem
1240 1356 1315 1388 cap.
1348 1344 1394 1377 52
1427 1353 1456 1375 c.
1482 1341 1540 1374 fin.

64 1419 70 1423 ι
267 1398 347 1437 post
369 1395 490 1427 verba:
519 1394 681 1436 σταθμοί
705 1394 774 1427 εἰσι
797 1392 962 1435 τέσσερες
985 1393 1127 1426 lacunae
1151 1391 1249 1434 signa
1271 1389 1395 1433 posuit.

47 1437 100 1473 Ad
123 1438 168 1480 V,
191 1440 237 1475 53
260 1450 339 1484 pag.
365 1441 420 1473 86.
469 1440 522 1472 De
557 1441 760 1473 Memnoniis
794 1451 979 1484 eorumque
1013 1437 1241 1483 appellatione
1274 1439 1379 1479 atque
1410 1432 1543 1476 origine

266 1485 420 1530 pluribus
445 1489 575 1519 tractat
597 1486 786 1518 Letronne:
812 1486 865 1518 La
889 1489 1002 1518 statue
1026 1486 1068 1517 de
1092 1484 1262 1516 Memnon.
1292 1479 1408 1522 (Paris
1435 1479 1542 1522 1833)

266 1542 347 1576 pag.
377 1533 422 1566 71
448 1531 524 1564 coll.
548 1534 712 1567 61—64.
738 1533 793 1565 82.
842 1531 928 1564 Cum
964 1529 1053 1563 enini
1084 1527 1131 1562 τὰ
1157 1524 1374 1570 Μεμνόνεια
1407 1536 1472 1559 vox
1496 1524 1543 1557 sit

266 1577 501 1622 Aegyptiacae
522 1577 659 1620 originis
683 1580 792 1611 locum
816 1582 1012 1621 cryptorum
1035 1575 1104 1608 sive
1129 1579 1338 1608 mortuorum
1362 1572 1541 1612 denotans,

266 1623 345 1656 inde
368 1623 614 1667 explicandum,
639 1626 697 1668 qui
719 1625 846 1656 factum
871 1623 928 1664 sit,
952 1627 990 1655 ut
1013 1621 1142 1655 Graeci
1166 1621 1391 1660 Memnonem,
1415 1616 1472 1661 qui
1497 1617 1542 1648 ad

266 1668 430 1702 orientem
453 1669 525 1702 sive
548 1669 659 1702 Asiam
685 1670 868 1713 pertineat,
889 1669 923 1701 in
948 1670 1138 1712 Aegyptum
1163 1677 1204 1699 ac
1227 1665 1366 1698 Thebas
1388 1667 1541 1696 transtu-

265 1714 379 1749 lerint.
439 1714 510 1748 Sed
543 1715 586 1749 de
618 1715 670 1748 his
701 1715 775 1759 ipse
804 1714 933 1749 viderit
975 1713 1029 1747 vir
1070 1711 1283 1746 doctissimus
1315 1714 1419 1755 atque
1459 1720 1542 1742 acu-

266 1760 429 1795 tissimus.

48 1805 100 1841 Ad
122 1806 167 1850 V,
192 1806 237 1842 55
265 1818 346 1851 pag.
373 1807 428 1842 88.
475 1805 591 1848 Locis,
623 1806 657 1839 in
687 1806 810 1851 quibus
840 1805 1065 1850 praeteritum
1100 1807 1135 1838 et
1157 1813 1320 1848 praesens
1343 1805 1477 1845 tempus
1503 1811 1542 1833 se

267 1852 412 1886 invicem
437 1852 621 1897 excipiunt,
647 1853 734 1886 adde
758 1853 805 1886 sis
828 1852 994 1885 Herodot.
1023 1850 1183 1891 VII,115
1211 1849 1285 1882 init.
1314 1844 1388 1881 οἷνά
1421 1857 1459 1879 τε
1498 1842 1541 1878 εἷ-

268 1898 423 1941 δραμε
446 1918 493 1923 -
516 1897 579 1931 καὶ
604 1896 788 1941 πέμπει.
841 1897 1020 1931 Heindorf.
1045 1897 1089 1930 ad
1115 1896 1247 1930 Platon.
1274 1894 1400 1928 Phaed.
1428 1904 1462 1938 p.
1475 1893 1540 1928 123

267 1955 340 1988 seq.
364 1946 439 1980 Ast.
463 1944 505 1977 ad
530 1945 664 1978 Platon.
689 1944 818 1977 Phaed.
842 1956 875 1989 p.
903 1945 983 1980 335.

46 1990 100 2026 Ad
123 1989 167 2034 V,
190 1991 237 2027 56
251 2001 332 2036 pag.
356 1990 412 2024 89.
460 1990 512 2023 Ad
537 1990 676 2033 genitivi
699 2002 795 2023 usum
819 1989 854 2023 in
873 1989 988 2023 verbis
1013 1985 1052 2021 ἔν
1075 1987 1120 2032 τῇ
1146 1983 1309 2030 προτέρῃ
1332 1981 1436 2019 νυκτὶ
1463 1982 1541 2017 τῶν

266 2036 555 2114 ἐῖαναθηναίων
579 2035 701 2070 similia
719 2036 886 2082 quaedam
909 2035 1038 2069 excitat
1053 2033 1156 2070 Held.
1179 2033 1221 2067 ad
1238 2031 1409 2066 Plutarch.
1423 2029 1540 2064 Aemil.

295 2082 361 2115 aul.
390 2083 431 2116 19
482 2109 490 2116 .
515 2083 595 2116 221.

47 2125 100 2160 Ad
132 2127 177 2168 V,
212 2127 257 2162 56
280 2139 360 2171 pag.
391 2094 477 2162 90.p
500 2129 649 2161 Verbum
674 2124 929 2170 ἀπειπάμενος
956 2138 1031 2161 cum
1055 2125 1136 2169 alii,
1161 2126 1199 2159 ut
1225 2126 1320 2158 notat
1344 2122 1472 2166 Negris
1496 2120 1541 2154 ad

265 2173 299 2207 h.
324 2173 359 2215 l.‚
394 2179 565 2218 exponant
600 2169 820 2216 ἀποτρέψας
843 2174 1053 2217 καθαρμοῖς
1077 2170 1122 2207 τὸ
1155 2167 1440 2216 ἀποβησόμενον
1472 2167 1540 2200 τοῦ

267 2216 434 2262 ὀνείρου,
465 2219 541 2264 ipse
573 2219 625 2253 ita
647 2220 910 2264 interpretatur:
946 2217 994 2263 μὴ
1023 2218 1229 2262 φροντίζων
1262 2229 1298 2249 τι
1320 2213 1434 2249 πλέον
1457 2211 1542 2257 περὶ

264 2264 334 2298 τοῦ
372 2262 569 2306 ἐνυπνίου,
603 2265 744 2309 χαίρειν
773 2263 888 2299 εἰπὼν
918 2266 963 2311 τῇ
989 2260 1097 2308 ὄψει,
1135 2261 1282 2307 οἷφίνων
1315 2259 1358 2295 τὸ
1386 2256 1542 2303 ὄνειρον.

265 2310 399 2344 Deinde
432 2311 518 2344 citat
549 2312 678 2345 Herod.
710 2311 740 2353 I,
778 2313 834 2347 59.
870 2311 930 2352 VI,
958 2311 1010 2346 14.
1030 2311 1124 2351 VIII,
1148 2311 1181 2344 7.
1228 2309 1353 2353 Neque
1384 2318 1466 2340 vero
1489 2310 1543 2338 est

266 2356 358 2401 quod
383 2369 403 2390 a
427 2361 567 2402 recepta
592 2357 687 2391 huius
719 2357 890 2402 participii
914 2355 1200 2402 interpretatione
1232 2354 1441 2388 recedamus.
1487 2350 1542 2385 Ad

265 2401 374 2447 ipsam
397 2403 600 2437 sententiam
625 2403 714 2437 conf.
743 2403 844 2436 etiam
869 2404 1026 2447 Aeschyl.
1052 2403 1166 2437 Pei-ss.
1190 2403 1255 2436 221
1283 2411 1379 2444 seqq.

46 2443 100 2480 Ad
123 2444 171 2489 V,
195 2446 241 2482 59
265 2459 333 2492 pag
355 2450 398 2484 97
422 2449 481 2483 lin.
504 2451 537 2484 2.
564 2449 632 2482 Pro
658 2446 718 2482 ἐπὶ
742 2448 891 2493 τρίποσί
914 2460 987 2483 τισι
1011 2449 1159 2482 Bekker.
1184 2458 1226 2481 ex
1253 2444 1404 2479 Dobraei
1429 2454 1542 2477 emen-

266 2492 404 2527 datione
427 2495 522 2528 dedit
545 2492 605 2529 ἑπὶ
621 2495 769 2539 τρίποσι
791 2495 887 2538 τρισί
911 2501 947 2530 et
970 2495 1071 2541 paulo
1097 2496 1175 2539 post
1199 2505 1233 2538 p.
1257 2493 1303 2527 98
1327 2491 1383 2525 lin.
1406 2491 1428 2526 3
1452 2489 1542 2523 idem

265 2538 361 2572 dedit
384 2536 545 2584 ἀνέθηκε
569 2539 624 2575 {cb
639 2554 660 2575 ν
684 2543 761 2586 (pro
784 2541 910 2585 νέων).

323 2585 411 2619 Ibid.
435 2587 577 2621 column.
611 2588 721 2622 altera
752 2587 810 2622 lin.
833 2590 878 2624 21
904 2588 947 2622 ab
972 2588 1033 2621 inf.
1057 2597 1120 2631 pro
1154 2585 1347 2619 obsecutus
1369 2580 1539 2616 scribend.

263 2636 408 2664 secutus.

47 2671 100 2706 Ad
124 2673 166 2715 Vs
191 2674 236 2710 60
261 2687 337 2720 pag·
362 2678 420 2712 99.
467 2677 520 2710 Ad
547 2689 650 2711 voces
676 2675 715 2711 ἐν
741 2676 925 2723 ἑξαμέτρῳ
949 2675 1047 2723 τόνῳ
1080 2677 1169 2711 conf.
1202 2673 1328 2709 similes
1353 2671 1540 2707 locutiones

263 2721 292 2761 Ι,
318 2723 375 2756 62.
400 2722 456 2756 47.
486 2723 561 2757 174.
608 2724 734 2758 Attulit
759 2726 936 2758 Schaeser.
962 2724 1004 2758 ad
1028 2722 1202 2757 Plutarch.
1239 2718 1456 2754 Themistocl.
1483 2719 1540 2757 26,

263 2767 319 2822 ubi
350 2779 410 2812 pro
436 2764 652 2812 ἀνεφώνησε
681 2768 801 2816 μέτρῳ
825 2770 987 2804 Reiskius
1020 2768 1126 2803 scribi
1153 2768 1302 2801 iusserat
1325 2761 1540 2807 ἀνεφώνησε

263 2824 312 2892 {v
321 2811 468 2896 ἕέτρέἐ
493 2815 584 2860 quod
607 2815 727 2850 merito
746 2817 866 2851 reiecit
889 2815 1052 2857 Sintenis,
1075 2815 1224 2850 afferens
1256 2811 1398 2856 Diogen.
1423 2810 1540 2844 Laert.

283 2884 293 2902 7
387 2885 396 2901 Ὶ
470 2886 478 2895 ·
1346 2879 1351 2887 “
