1870 3249
370 200 598 238 '1¹1⁴an

631 199 830 236 Slefl
865 197 895 235 O
928 199 956 233 R
990 199 1033 233 E.
1096 198 1139 233 V.

1312 197 1394 236 17⁰

126 314 348 367 ,,διεξῆλθε
387 309 460 353 δια
501 308 680 351 πάντων
729 312 818 351 τῶν
872 307 973 350 δέκα
1025 306 1393 361 παραδιδόμενον,

73 378 336 432 15,,οὐδε1ὀ“ς
368 377 647 433 βουλομένου
669 376 999 431 διεργάσασθαι.

1046 374 1300 423 Ἀποδόντες
1332 369 1394 415 ὦν

126 444 292 499 ,,ὀπίσω
316 451 369 504 τῇ
399 445 586 502 τεκούσῃ
616 446 664 488 τὸ
697 447 887 492 παιδίον,
922 444 996 487 καὶ
1027 441 1272 494 ἐξελθόντες
1303 441 1395 493 ἔξω,

124 514 352 568 „gersom
410 514 478 557 ἐπὶ
539 518 628 557 τῶν
677 512 877 568 θυρέων,

949 511 1153 568 ἀλλήλων
1201 509 1394 554 ἅπτοντο
1408 516 1453 550 30

126 583 512 638 „natante-ipsvm·
542 584 616 626 καὶ
645 583 829 639 μάλιστα
855 586 936 625 τοῦ
958 580 1139 635 πρώτου
1170 578 1398 636 λαβόντος,

126 652 221 705 „Su
252 651 336 696 οὐκ
367 653 539 708 ἐποίησε
568 650 680 695 κατὰ
711 651 764 694 τὰ
793 650 1057 705 δεδογμένα·

1098 649 1140 699 ἐς
1170 647 1196 692 ὃ
1224 646 1277 704 δή
1304 659 1397 703 σφι,

127 720 318 778 ,,χρόνου
344 720 646 777 ἐγγινομένου,
681 720 797 771 ἔδοξε
819 713 941 769 αὖτις
969 716 1273 770 παρελθόντας
1291 714 1398 758 πάν-

73 795 116 830 16
133 808 236 843 ,,τας
264 794 347 833 τοῦ
378 788 526 844 φόνου
545 790 770 844 μετίσχειν.

817 787 933 830 ’Έδει
967 786 1013 830 δὲ
1044 787 1090 830 ἐκ
1119 790 1201 829 τοῦ
1229 784 1393 828 Ἠετίω-

124 876 230 912 ,,νος
258 858 397 914 γόνου
430 859 639 914 Κορίνθῳ
679 856 792 901 κακοὶ
821 855 1122 911 ἀναβλαστεῖν.
1173 853 1199 910 ἡ
1240 851 1454 909 Λάβδαὸὃ

125 927 233 984 ,,γὰρ
255 925 400 971 πάντα
429 930 567 969 ταῦτα
596 925 732 981 ἤκουε
762 924 950 968 ἑστεῶσα
969 923 1079 978 πρὸς
1110 921 1269 980 αὐτῇσι
1297 926 1398 978 τῇσι

124 996 342 1053 ,,θύρῃσι’
375 996 556 1038 δείσασα
586 994 632 1038 δὲ
661 992 720 1050 μή
751 1005 830 1048 σφι
860 992 1095 1048 μεταδόξῃ,
1126 992 1198 1034 καὶ
1231 990 1280 1033 τό
1304 988 1399 1033 δεύ-

126 1081 280 1118 ,,τερον
309 1062 516 1120 λαβόντες
554 1062 603 1105 τὸ
637 1065 815 1106 παιδίον
846 1061 1155 1110 ἀποκτείνωσι,

1201 1058 1400 1114 φέρουσα

124 1129 445 1187 ,,κατακρύπτει
470 1131 512 1182 ἐς
539 1129 588 1175 τὸ
612 1129 951 1188 ἀφραστότατόν
983 1131 1027 1173 οἵ
1046 1130 1249 1184 ἐφαίνετο
1274 1124 1398 1176 εἶναι,

37 1368 43 1373 a
70 1344 171 1380 σθαι
189 1341 412 1378 monuimus
428 1338 477 1377 ad
496 1341 530 1378 V
532 1368 548 1385 ,
560 1342 627 1382 20.
656 1341 733 1377 Lo-

67 1399 240 1435 cutiones
271 1393 488 1444 ἀποδόντες
524 1394 652 1438 ὀπίσω
695 1404 734 1435 et

69 1451 301 1502 ἐξελθόντες
323 1455 407 1502 ἔξω,
431 1454 531 1492 adid
546 1453 736 1508 loquendi

69 1525 191 1562 genus
210 1513 404 1563 pertinent
416 1542 425 1560 ‚
456 1511 562 1564 quod
597 1512 646 1549 ad
665 1513 733 1560 ΙΙΙ,

72 1571 123 1610 16
161 1571 369 1620 attigimus.
417 1566 494 1620 τήν
539 1572 734 1609 τεκοῦσαν

69 1639 164 1663 mox
176 1626 273 1663 dixit
285 1631 428 1664 uentrem
441 1640 470 1663 s.
481 1623 530 1678 τῆ
535 1642 557 1665 ν
571 1625 732 1678 μητέρα,

68 1680 144 1733 τήν
176 1682 416 1736 γειναμένην
457 1684 531 1731 IV,
564 1686 615 1725 10
647 1685 735 1721 coll.

70 1741 135 1788 VI,
157 1742 230 1788 523
261 1754 361 1792 quae
381 1754 459 1777 una
480 1754 570 1778 cum
590 1741 670 1778 aliis
687 1740 735 1778 de

69 1795 146 1834 hoc
177 1799 466 1848 participiorum
493 1811 566 1834 usu
603 1799 735 1835 nomi-

70 1867 169 1890 num
187 1855 273 1891 loco
294 1856 507 1905 positorum
527 1856 652 1891 attulit
670 1856 735 1891 Fi-

72 1909 195 1947 scher.
226 1909 275 1947 ad
304 1912 469 1948 weller.
490 1912 508 1947 I
527 1924 617 1962 pag.
639 1914 735 1951 323.

72 1987 130 1994 —-·
165 1965 228 2003 Ad
266 1967 380 2004 verba
421 1966 631 2007 ἐπὶτῶν
660 1971 737 2014 θν-

73 2021 176 2075 ρὲων
196 2022 275 2061 vid.
296 2022 432 2060 Matth.
456 2025 522 2062 Gr.
554 2025 620 2061 Gr.
646 2036 735 2074 pag.

76 2082 197 2121 1162.
255 2082 377 2117 Paulo
397 2081 496 2117 infra
521 2082 560 2126 §.
585 2080 612 2121 4
638 2081 738 2131 legi-

71 2143 134 2174 tur
149 2135 321 2176 ἓστεωσα
340 2153 370 2176 π
381 2152 402 2189 ρ
415 2152 466 2184 ος
483 2134 629 2192 αὐτῇσι
644 2140 695 2191 τῇ
699 2149 738 2176 σι

72 2188 239 2248 θυρῃσι,
261 2207 338 2247 quo
361 2193 499 2231 eodem
518 2196 598 2231 fere
617 2193 736 2231 modo

71 2251 151 2287 iam
182 2264 295 2302 supra
325 2250 374 2289 ad
400 2252 447 2300 V,
471 2254 524 2293 12
564 2251 735 2288 dativum

73 2315 110 2345 et
130 2310 343 2358 genitivum
371 2309 642 2361 praepositioni
672 2307 737 2348 ε’πὶ

74 2364 218 2402 adstrui
238 2364 418 2406 vidimus.

131 2417 312 2472 ἀλλήλων
332 2417 503 2462 ἅπτοντο
525 2417 737 2461 καταιτιώ-

75 2479 221 2530 μενοι]
249 2480 275 2516 i.
293 2492 327 2516 e.
351 2492 387 2516 se
396 2480 546 2516 invicem
563 2482 736 2517 convicia-

76 2536 219 2583 bantur,
234 2535 434 2573 accusando
453 2535 545 2573 alter
573 2536 736 2574 alterum.

73 2593 211 2630 Attulit
225 2591 266 2630 h.
286 2593 312 2629 l.
333 2590 511 2630 Thomas
526 2592 676 2643 Magist.
697 2607 738 2644 p.

75 2648 213 2699 480‚in
226 2662 302 2702 quo
313 2650 420 2687 verbi
431 2645 630 2689 ἅπτεσθαι
642 2662 737 2686 ean-

78 2705 169 2744 dem
201 2706 482 2758 perstrzngendi,
522 2706 739 2755 obiurgandi

75 2764 157 2801 vim
187 2776 266 2801 esse
297 2762 451 2801 doceiet
488 2769 603 2814 atque
631 2763 739 2801 verbi

79 2821 278 2872 compositi
320 2815 619 2860 καθάπτεσθαι.
669 2819 737 2857 Cr.

790 1338 896 1377 addit
916 1337 1116 1375 Heindorf.
1138 1336 1188 1374 ad
1207 1337 1306 1373 Plat.
1327 1333 1458 1381 Phae-

791 1397 882 1434 don.
913 1411 951 1447 p.
988 1399 1080 1443 132,
1123 1408 1241 1447 quem
1270 1392 1458 1430 Herodoti

788 1455 896 1492 locus
915 1466 995 1491 non
1016 1453 1129 1503 fugit.

836 1621 959 1663 ”Εδει
995 1620 1038 1662 δὲ
1065 1645 1123 1650 —
1148 1620 1252 1663 κακοὶ
1284 1619 1461 1676 ἀναβλα-

793 1682 924 1729 στεῖν]
969 1680 1031 1717 Ad
1058 1681 1166 1718 verbi
1193 1676 1461 1732 ἀναβλαστεῖν

791 1739 1112 1789 significationem
1147 1738 1250 1776 conf.
1282 1739 1349 1782 III,
1391 1741 1459 1779 62.

791 1796 855 1833 Ad
874 1797 998 1846 ipsam
1020 1797 1250 1832 sententiam
1273 1794 1378 1847 quod
1399 1802 1460 1831 at-

792 1854 848 1890 tin
854 1859 890 1888 et
906 1881 915 1900 ,
945 1865 1060 1902 supra
1070 1853 1150 1888 iam
1163 1853 1360 1902 aliquoties
1371 1864 1460 1888 mo-

792 1910 948 1945 nuimus
962 1938 972 1956 ,
1003 1909 1093 1945 talia
1114 1907 1359 1945 diiudicanda
1380 1922 1461 1945 esse

795 1979 846 2002 ex
875 1977 940 2012 ea,
973 1978 1071 2017 quae
1100 1964 1287 2002 Herodoti
1311 1966 1384 2002 fuit
1413 1964 1461 2002 de

793 2023 871 2059 fato
893 2023 1023 2059 omnia
1043 2021 1216 2059 humana
1247 2023 1300 2059 ita
1320 2021 1461 2059 mode—

792 2086 924 2127 rante,
954 2086 1018 2127 ut,
1042 2092 1140 2130 quae
1167 2080 1287 2116 semel
1306 2080 1347 2116 in
1374 2080 1461 2117 fatis

793 2137 996 2174 constituta
1030 2138 1128 2183 sint,
1157 2137 1370 2173 necessario
1393 2149 1460 2173 ao-

793 2193 924 2231 oidant
957 2206 1030 2230 nec
1062 2194 1141 2230 ullo
1176 2193 1295 2230 modo
1317 2194 1364 2230 ab
1385 2192 1460 2230 ho-

791 2252 898 2288 mine
936 2252 1133 2302 procurari
1174 2258 1289 2303 atque
1341 2252 1461 2287 averti

792 2308 949 2359 possint.
1041 2308 1287 2360 Quamquam
1344 2309 1461 2358 igitur

794 2366 925 2402 omnia
943 2365 1119 2402 fecerunt
1139 2362 1381 2402 Bacchiadae
1411 2363 1461 2401 ad

793 2423 943 2458 malum
1005 2423 1159 2459 oraculo
1219 2420 1461 2473 praedictmn

795 2477 1068 2526 avertendum,
1098 2491 1205 2516 secus
1225 2487 1355 2516 tamen
1377 2491 1461 2516 ces-

795 2537 862 2584 sit,
894 2549 1015 2588 quum
1033 2537 1073 2572 in
1094 2537 1179 2573 fatis
1196 2537 1304 2573 aliter
1325 2534 1460 2572 decre—

796 2600 880 2630 tum
901 2599 1009 2630 esset.
1068 2593 1133 2631 Sic
1155 2592 1202 2630 de
1223 2593 1302 2630 fato
1323 2594 1461 2629 Noster

794 2649 921 2687 dicere
939 2650 1035 2687 solet
1056 2649 1139 2690 ἔδεε
1157 2651 1203 2697 V,
1226 2652 1292 2690 33.
1313 2647 1458 2704 V1,.64.

791 2709 840 2754 ΙΙ,
869 2710 963 2748 161.
982 2707 1047 2754 IV,
1068 2709 1138 2747 79.
1162 2708 1263 2756 χρῆν
1290 2706 1319 2753 Ι,
1340 2706 1365 2745 8
1387 2711 1460 2742 etc·

794 2765 861 2801 Tu
885 2763 989 2800 conf.
1013 2762 1261 2800 Hoffineister
1279 2763 1305 2799 l.
1326 2762 1352 2798 l.
1369 2773 1461 2812 pag.

796 2823 862 2861 12.
873 2822 927 2860 27
941 2833 1022 2872 seq.
1034 2819 1088 2861 75
1101 2832 1182 2868 seq.
1205 2820 1351 2870 laeger.
1371 2820 1461 2856 Dis-

1084 2879 1136 2916 12
1153 2873 1178 2897 ᾖ

1453 793 1529 834 421
