1870 3249
549 235 851 274 ERATO.
908 237 982 276 VI.
1311 239 1396 280 275

139 345 369 396 τακοσίους
404 342 579 402 βόσκων
614 342 893 400 ἐπικούρους,
934 345 1007 389 καὶ
1030 345 1174 403 γαμέει
1211 344 1396 401 Ὀλόρου

1450 402 1712 467 {stetissem

5 414 72 460 40
138 419 217 459 τοῦ
247 414 450 469 Θρηΐκων
472 415 673 470 βασιλέος
699 413 921 469 θυγατέρα
946 412 1250 472 Ἡγησιπύλην.
1315 411 1396 469 052

133 499 206 534 τος
234 482 279 526 δὲ
310 480 333 525 ὁ
365 483 569 536 Κίμωνος
599 480 865 537 Μιλτιάδης,
902 483 1055 526 νεωστὶ
1081 483 1160 539 μὲν
1189 473 1559 540 ἐληλύθεε15ζζξζῃίξ,ι
1577 473 1720 542 ᾗιξῗῆῗζξῇ,

84 539 181 601 ΔΞές
219 549 301 606 τήν
338 549 645 607 Χερσόνησον·
684 549 980 607 κατελάμβανε
1019 549 1066 594 δὲ
1094 567 1171 607 μιν
1206 551 1394 597 ἐλθόντα
1449 540 1721 610 ἓέᾞῖῗέζῖψξοζῗ

73 698 123 737 ad
153 712 288 750 reges,
325 701 424 737 viros
454 700 642 750 principes
669 702 733 738 vel
788 700 883 737 Mox
911 697 958 739 τοὶ
988 698 1199 752 κατέχοντα
1235 698 1448 755 πρήγματα

72 757 238 794 civitates
259 770 348 793 eum
368 758 408 793 in
428 757 546 793 finem
565 758 732 808 publici·
787 764 877 793 sunt
896 770 961 805 res,
980 770 1078 808 quae
1098 771 1200 795 nunc
1217 772 1306 795 eum
1327 773 1445 812 quam

71 818 130 850 tus
168 814 284 864 legati
320 815 580 851 mittebantur.
649 815 731 851 Ae-
784 815 955 850 maxime
978 820 1134 862 tenent,
1165 815 1190 851 i.
1213 829 1245 856 e.
1272 829 1326 852 res
1341 830 1447 867 prae-

69 868 190 907 schin.
233 884 265 909 c.
296 869 461 921 Ctesiph.
499 885 538 921 p.
576 872 641 919 88,
673 874 728 912 22

69 926 140 977 [p.
163 926 244 967 634
263 926 408 976 Reisk]
430 928 612 964 Funebris
625 928 727 965 conf.

67 982 278 1020 Alexandri
303 983 470 1021 laudatio
501 985 542 1020 in
572 984 727 1022 Aris-tid.

68 1039 146 1076 Τ.Ι
155 1053 194 1090 p.
219 1040 310 1082 142.
338 1042 412 1077 Dio
442 1039 633 1092 Chrysost.
662 1042 726 1078 Or.

65 1096 142 1133 XII
168 1110 207 1146 p.
245 1099 322 1138 198
346 1098 393 1134 Β.
450 1097 560 1134 Idem
578 1099 618 1135 iu
637 1098 726 1134 tali-

66 1152 136 1190 bus
166 1154 430 1202 significabant
459 1155 575 1192 verba
606 1149 726 1192 συνά-

65 1213 262 1261 χθεσθαι,
293 1213 521 1262 συναλγεῖν,
551 1223 726 1261 συμπεν-

65 1268 217 1316 θῆσαι,
248 1263 493 1318 συμπάσχειν
524 1274 561 1304 et
587 1271 724 1306 συλλυ-

64 1326 244 1362 πεῖσθαι.
303 1324 463 1373 Contra,
492 1325 554 1361 vel
585 1325 632 1361 ob
663 1325 724 1361 xi-

35 1375 43 1380 ‘
65 1380 225 1416 ctoriam
243 1388 473 1431 reportatam
501 1382 563 1418 vel
590 1383 630 1417 in
651 1382 724 1418 alia

63 1448 105 1472 re
127 1436 245 1484 laeta,
274 1438 484 1487 legationes
515 1439 724 1475 mitteban-

63 1497 148 1541 tur,
177 1505 276 1544 quae
306 1496 504 1532 civitatum
536 1494 722 1545 gaudium

60 1549 140 1586 sive
154 1563 289 1587 verum
300 1552 377 1588 sive
396 1551 542 1600 fictum,
561 1553 725 1589 nuncia-

61 1612 158 1654 rent,
174 1604 524 1660 συνησθησόμενοι
546 1610 608 1646 vel
629 1621 724 1660 συγ-

62 1657 323 1715 χαρησόμενοι
339 1667 389 1719 τῇ
405 1665 497 1718 νίκῃ
518 1665 724 1716 apudDio—

61 1716 144 1758 dor.
160 1720 239 1760 Sic.
250 1722 370 1769 XVII,
393 1721 446 1764 48
459 1729 496 1759 et
509 1725 587 1763 113
609 1723 724 1760 alios-

63 1778 181 1828 que.“
229 1777 446 1816 Valckeu.
488 1781 597 1816 'Mox
634 1779 722 1819 ἐπι-

60 1829 234 1883 κούρους
249 1835 419 1885 intelligo
439 1836 609 1873 satellites
620 1837 720 1874 mili-

61 1891 114 1926 tes
133 1890 396 1939 stipendiarios,
426 1899 469 1928 ut
487 1893 552 1939 III,
573 1892 614 1933 4.

105 1943 389 1997 Ἡγησιπύλην]
396 1949 622 1999 Hegesipyle
634 1956 719 1999 post

59 2000 237 2038 Miltiadis
265 2010 430 2040 mortem
459 2005 522 2040 alii
553 2003 718 2041 Atheni-

61 2058 141 2093 ensi
172 2059 299 2109 nu'psit
337 2061 442 2108 viro,
471 2060 575 2097 unde
595 2061 717 2098 filium

59 2113 218 2151 olorum
237 2118 410 2167 suscepit,
430 2119 497 2168 qui
508 2119 588 2168 ipse
603 2117 718 2154 Thu-

57 2169 224 2222 cydidis,
271 2173 505 2210 celeberrimi
537 2172 715 2222 historici,

58 2234 138 2264 erat
147 2234 265 2279 pater.
286 2231 385 2266 Hinc
398 2229 572 2279 Seuthes,
585 2230 716 2268 Thra-

56 2296 147 2321 cum
165 2298 234 2321 rex
253 2293 434 2337 cognatos
462 2300 502 2324 se
532 2301 642 2325 nosse
663 2290 715 2325 ait

54 2339 306 2380 Athenienses
338 2344 619 2396 benevolosque
639 2344 712 2382 ha-

53 2397 144 2434 bere
179 2400 331 2438 amicos.
393 2400 481 2438 vid.
528 2400 709 2453 Xenoph.

54 2453 179 2491 Anah.
199 2455 280 2503 VII,
303 2458 329 2495 2
343 2457 380 2501 ξ.
392 2459 515 2497 31.—
530 2457 710 2509 βασιλέος

56 2511 171 2562 paulo
193 2518 280 2548 ante
301 2510 389 2549 dedi
408 2526 476 2564 pro
505 2515 709 2567 βασιλῆος.

281 2601 374 2653 Cap.
401 2603 487 2641 XL.

107 2677 380 2732 κατελάμβανε
394 2679 436 2720 δέ
456 2696 525 2732 μιν
542 2677 713 2722 ἐλθόντα

55 2732 153 2776 ἄλλα
163 2739 243 2776 τῶν
262 2733 509 2788 κατεχόντων
530 2735 711 2789 πρηγμά-

53 2805 132 2832 των
151 2791 415 2844 χαλεπαὶτερα]
443 2790 712 2846 κατελάμβανε

54 2849 219 2900 positum
249 2857 293 2888 ut
314 2852 385 2901 .VI,
417 2853 471 2894 38
508 2849 709 2903 κατέλαβε.

784 874 894 913 εεηίεε
912 884 941 908 s.
963 884 1049 921 quae
1065 873 1099 908 ei
1127 872 1337 910 acciderunt.
1357 875 1444 910 Non

784 928 891 964 aliter
910 928 988 964 fere
1003 926 1175 978 κατέχειν
1195 930 1223 975 I,
1246 929 1311 969 65.
1333 931 1444 977 „Hoc

784 991 913 1021 autem
931 985 1016 1021 loco
1039 984 1098 1033 (ut
1115 984 1445 1033 Scltwez'glzaeuseri

782 1048 868 1078 utar
906 1041 1057 1091 verbis)
1097 1039 1202 1078 haud
1231 1040 1344 1078 dubie
1376 1056 1443 1080 eae

782 1110 842 1133 res
881 1097 1165 1147 intelliguntur,
1216 1096 1264 1134 de
1305 1100 1443 1150 quibus

783 1153 955 1204 Scriptor
973 1161 1102 1191 noster
1119 1167 1202 1205 cap.
1229 1157 1295 1201 33,
1316 1157 1443 1206 prius-

782 1222 900 1262 quam
937 1208 1038 1247 hanc
1088 1209 1360 1261 digressionem
1393 1212 1441 1250 de

780 1268 964 1318 superiori
982 1267 1164 1315 Miltiade,
1184 1269 1308 1319 primo
1320 1267 1442 1306 Cher-

779 1325 903 1361 sonesi
924 1330 1085 1376 tyranno
1098 1354 1107 1372 ,
1132 1325 1314 1373 instituit,
1335 1326 1442 1378 loqui

779 1388 974 1432 coeperat,
1024 1386 1119 1433 'quas
1162 1395 1258 1418 mox
1301 1381 1441 1420 deinde

779 1450 839 1488 cp.
850 1438 900 1478 41
916 1449 1108 1488 exponere
1119 1439 1283 1489 pergit.“
1302 1439 1439 1492 Itaque

780 1507 847 1542 ea,
889 1507 987 1546 quae
1027 1508 1109 1546 cap.
1141 1494 1191 1535 41
1217 1504 1440 1534 enarrantur

780 1564 870 1587 cum
890 1552 945 1599 iis,
970 1564 1067 1603 quae
1088 1564 1170 1602 cap.
1193 1554 1244 1592 33
1264 1552 1440 1603 produn-

780 1614 864 1655 tur,
923 1615 1024 1645 arcte
1074 1610 1248 1646 connecti
1282 1608 1437 1650 debent.

778 1663 891 1701 Unde
922 1677 987 1713 ea,
1010 1666 1166 1715 opinor,
1187 1666 1262 1702 loci
1281 1673 1439 1705 senten-

778 1721 853 1758 tia:
884 1721 984 1759 Huic
1002 1721 1177 1760 Miltiadi
1202 1722 1359 1761 Cimonis
1382 1725 1438 1775 fi-

778 1778 825 1815 Iz'o
871 1776 886 1829 (
899 1792 978 1816 non
1028 1780 1146 1829 priori
1188 1780 1244 1816 illi
1293 1781 1438 1817 Miltia-

778 1834 837 1882 di,
901 1836 1052 1886 Cypseli
1103 1836 1204 1884 filio,
1262 1834 1311 1872 de
1359 1850 1436 1889 quo

774 1892 814 1927 in
837 1890 1067 1941 digressione
1097 1892 1188 1929 inde
1216 1904 1238 1928 a
1268 1905 1350 1943 cap.
1381 1891 1436 1934 34

773 1948 943 1984 instituta
963 1949 1166 1998 retulerat)
1195 1950 1316 1985 statim
1339 1953 1436 1999 post-

775 2017 879 2053 quam
907 2004 1094 2041 advenerat
1121 2007 1159 2042 in
1190 2004 1435 2044 Chersonesum

773 2061 837 2109 (ac
856 2074 980 2111 nuper
996 2060 1153 2098 demum
1172 2061 1236 2097 ille
1265 2060 1436 2098 advene-

772 2117 857 2167 1at)
885 2119 1054 2166 graviora
1083 2118 1290 2156 acciderunt
1322 2119 1434 2168 mala,

774 2186 877 2223 quam
896 2187 986 2224 quae
1004 2187 1118 2221 nune,
1140 2174 1434 2223 aggredientibus

772 2229 1004 2268 Phoenicibus
1032 2230 1239 2281 Persisque,
1275 2233 1432 2270 immine-

771 2287 869 2325 bant.
901 2289 1038 2335 „Nunc
1051 2289 1166 2335 enim,
1189 2294 1231 2324 ut
1251 2300 1332 2338 cap.
1348 2302 1430 2342 seq.

769 2350 943 2380 narratur
977 2345 1046 2394 (ita
1082 2343 1186 2381 idem
1225 2342 1430 2395 Schweig-

766 2398 990 2450 haeuserus)
1015 2399 1186 2438 Athenas
1197 2414 1287 2438 cum
1301 2403 1431 2438 omni-

764 2457 836 2493 bus
846 2458 920 2494 suis
930 2457 1075 2508 opibus,
1097 2471 1164 2508 per
1180 2459 1301 2494 otium
1313 2459 1430 2510 quin-

767 2525 842 2565 que
870 2515 1084 2551 triremibus
1103 2515 1307 2565 impositis,
1328 2516 1428 2552 ultro

764 2568 934 2607 Athenas
945 2577 1129 2622 repetens,
1141 2585 1259 2607 unam
1271 2571 1428 2623 quidem

768 2639 910 2664 navem
947 2628 1071 2664 amisit
1108 2640 1130 2664 a
1172 2626 1429 2665 Phoenicibus

770 2696 859 2720 cum
886 2684 964 2721 filio
979 2697 1046 2721 suo
1068 2690 1239 2734 captam,
1277 2683 1343 2721 sed
1363 2684 1425 2720 ni-

766 2737 822 2776 hil
840 2741 931 2777 mali
942 2740 1078 2778 accidit
1096 2740 1186 2788 filio,
1217 2753 1334 2791 quem
1352 2739 1425 2777 ad—

765 2795 929 2834 modum
966 2799 1082 2834 etiam
1111 2798 1314 2834 liberaliter
1351 2809 1424 2836 rex

764 2853 968 2892 Persarum
995 2855 1164 2904 excepit,
1198 2854 1309 2892 tertio
1328 2866 1420 2894 vero

1043 2907 1143 2953 18ἤε
