1815 3181
436 209 517 247 19ss
834 199 1298 237 ΗΕΒοοοΤι

402 312 581 363 „amieos
612 310 881 365 Μελανίππῳ
919 306 1048 362 ἀνδρὶ
1078 306 1231 364 ἑτάρῳ.
1287 305 1622 361 Μυτιληναίους
1652 303 1699 347 δὲ

432 382 504 425 καὶ
533 379 790 434 Ἀθηναίους
830 374 1062 431 κατήλλαξε
1095 375 1366 428 Περίανδρος
1403 372 1426 416 ὁ
1469 373 1698 422 Κυψέλου·

430 447 571 505 τούτῳ
618 444 699 500 γὰρ
742 445 937 499 διαιτητῇ
979 441 1295 497 ἐπετράποντο·
1364 440 1599 496 κατήλλαξε
1650 438 1697 482 δὲ

431 510 534 560 ὦδε·
591 511 798 567 νέμεσθαι
853 509 1085 565 ἑκατέρους
1143 506 1224 563 τὴν
1282 506 1442 561 ἔχουσι.
1521 509 1752 562 Σίγειονὸὅ

311 577 377 622 96
435 582 512 638 μέν
542 595 625 623 νυν
655 577 771 621 οὕτω
812 576 979 632 ἐγένετο
1015 574 1094 620 ὑπ’
1123 573 1406 631 Ἀθηναίοισι.
1457 573 1627 631 Ἱππίης
1652 573 1699 623 δὲ
1755 565 1815 610 42⁴

98 639 350 703 fflu‘llfflssffiffi
432 650 522 694 ἐπεί
553 663 596 690 τε
627 643 805 689 ἀπίκετο
838 644 884 687 ἐκ
914 648 990 699 τῆς
1012 644 1342 699 Λακεδαίμονος
1371 642 1413 694 ἐς
1433 643 1513 699 τὴν
1537 641 1696 699 Ἀσίην,

97 708 347 770 ffffl’igh‘ffi'ffi„
426 720 514 760 πᾶν
544 717 685 771 χρῆμα
736 713 888 764 ἐκίνεε,
930 709 1177 768 διαβάλλων
1215 728 1258 755 τε
1295 710 1401 762 τούς
1433 710 1697 766 Ἀθηναίους

97 775 218 836 Xffle‘u‘
233 779 350 811 ⁸9⁸⁰‘a‘
424 782 532 837 πρὸς
561 780 963 836 τὸνἈρταφέρνεα,
993 779 1067 822 καὶ
1095 777 1260 822 ποιέων
1294 779 1479 822 ἅπαντα·
1508 778 1623 829 ὅκως
1653 778 1699 821 αἱ

422 850 601 905 Ἀθῆναι
629 850 827 904 γενοίατο
847 845 925 890 ὑπ’
957 846 1106 903 έωυτῷ
1125 862 1169 890 τε
1198 847 1271 890 καὶ
1301 849 1488 905 Δαρείῳ.
1529 844 1698 902 Ἱππίης

398 927 471 960 ἣτε
501 916 553 973 δὴ
573 920 708 960 ταῦτα
747 915 955 971 ἔπρησσε,
995 914 1068 957 καὶ
1105 915 1149 957 οἱ
1183 914 1411 970 Ἀθηναῖοι
1454 913 1754 970 πυθόμενοι7ο

426 990 581 1037 ταῦτα,
626 984 839 1040 πέμπουσι
873 983 917 1034 ές
956 981 1123 1038 Σάρδις
1157 981 1388 1038 ἀγγέλους,
1432 981 1515 1027 οὐκ
1543 982 1696 1032 ἐῶντες

395 1053 535 1104 3τοῦς
574 1052 748 1107 Πέρσας
793 1053 1028 1095 πείθεσθαι
1073 1048 1322 1106 Ἀθηναίων
1362 1056 1475 1095 τοῖσι
1517 1047 1695 1106 φυγάσι.

425 1121 448 1164 ὁ
480 1121 525 1164 δὲ
551 1118 842 1175 Ἀρταφέρνης
871 1118 1036 1163 ἐκέλευέ
1067 1131 1230 1174 σφεας,
1261 1123 1298 1164 εἰ
1327 1120 1565 1177 βουλοίατο
1595 1115 1697 1161 σόοι

424 1186 559 1238 εἶναι,
595 1188 911 1231 καταδέκεσθαι
943 1185 1081 1231 ὀπίσω
1108 1185 1287 1244 Ἱππίην.
1338 1189 1486 1232 οὔκων
1523 1186 1576 1242 δὴ
1609 1185 1752 1228 ένε-75

424 1255 600 1300 δέκοντο
630 1255 734 1305 τούς
763 1255 924 1310 λόγους
953 1256 1319 1312 ἀποφερομένους
1337 1255 1580 1312 Ἀθηναῖοι·
1612 1249 1696 1295 οὐκ

424 1324 742 1379 ἐνδεκομένοισι
769 1323 814 1366 δέ
838 1334 937 1378 σφι,
970 1325 1151 1369 δέδοκτο
1183 1323 1230 1367 ἐκ
1249 1327 1331 1367 τοῦ
1354 1325 1552 1379 φανεροῦ
1581 1324 1694 1364 τοῖσι

427 1390 620 1447 Πέρσῃσι
648 1391 884 1446 πολεμίους
915 1387 1040 1435 εἶναι.

367 1622 433 1647 ma
480 1609 653 1649 ἐπιτιθεῖ
686 1607 824 1648 Matth.
862 1611 931 1647 Gr.
962 1611 1030 1648 Gr.

368 1679 456 1717 pag·
492 1666 586 1707 394.
644 1668 702 1703 De
736 1667 930 1705 locutione
951 1666 1029 1706 vid.

366 1730 462 1763 nott.
504 1722 552 1759 ad
580 1725 656 1771 III,
695 1721 750 1764 42
782 1724 850 1761 fin.
919 1723 1030 1769 Quod

366 1781 469 1816 enim
510 1780 724 1817 Herodotus
763 1781 816 1817 sio
858 1783 1032 1817 enuntiat

363 1835 538 1875 ἐπιτιθεῖ
585 1836 625 1884 ἐς
664 1833 932 1888 Μυτιλήνην,
986 1836 1031 1874 -id

367 1892 529 1929 Strabo:
554 1889 741 1939 κελεύσας
757 1889 933 1946 οἷγγεῖλαι
945 1897 1030 1941 τοῖς

367 1947 410 1988 ἐν
444 1949 554 2002 οἴκῳ.
613 1949 721 1987 Misit
760 1951 912 1987 Alcaeus
948 1963 1027 1987 car-

366 2017 457 2041 men
472 2007 681 2056 Mytilenen
702 2007 825 2043 amico
836 2008 1030 2058 Melanip-

367 2073 433 2110 po.
507 2063 564 2097 lta
613 2069 714 2098 recte
760 2064 1029 2114 interpretatur

365 2118 597 2167 Wesseling.
619 2117 666 2154 de
692 2119 885 2156 locutione
906 2133 1029 2172 quae-

365 2170 457 2209 dam
477 2172 668 2211 adiiciens.
699 2196 756 2202 ——
793 2177 869 2213 Pro
900 2173 1027 2230 ἑτάρῳ

365 2229 605 2266 Florentinus
648 2231 742 2266 liber
780 2245 870 2268 cum
909 2234 1028 2270 tribus

366 2285 447 2320 aliis
477 2284 639 2338 ἑταίρῳ,
671 2286 718 2322 ad
739 2288 938 2338 vulgarem
967 2291 1028 2327 lo-

365 2340 511 2392 quendi
531 2342 706 2378 formam.
736 2344 928 2395 Equidem
946 2346 1028 2383 for-

364 2409 471 2433 mam
494 2398 746 2448 antiquiorem
767 2401 940 2449 Doribus,
961 2404 1027 2439 Io-

366 2453 477 2489 nibus
497 2452 670 2504 adeoque
690 2455 802 2491 etiam
826 2457 1027 2496 Aeolensi-

367 2509 436 2545 bus
458 2510 633 2546 usitatam
647 2538 656 2554 ‚
700 2509 747 2546 de
768 2525 843 2563 qua
862 2513 939 2551 vid.
960 2516 1026 2551 Fi-

366 2563 488 2602 scher.
519 2564 568 2601 ad
597 2566 760 2606 Weller,
794 2569 811 2603 1
840 2581 927 2619 pag.
955 2569 1022 2610 94.

364 2622 524 2671 Gregor.
547 2620 717 2658 Corinth.
732 2634 818 2671 pag.
838 2624 906 2664 75.
926 2625 1021 2667 457.

364 2679 459 2718 609.
482 2680 575 2725 672,
599 2678 758 2714 retinere
778 2680 908 2716 malui.

424 2740 666 2795 κατήλλαξε]
718 2744 828 2781 Conf.
864 2746 914 2792 V,
955 2750 1021 2788 28.

361 2800 541 2848 Pertinet,
562 2808 730 2852 utsupra
751 2803 1021 2850 enarravimus,

1086 1607 1182 1646 haec
1201 1608 1525 1660 Mytilenaeorum
1553 1614 1667 1659 atque
1695 1607 1753 1644 A-

1087 1665 1348 1703 theniensium
1396 1665 1654 1702 reconciliatio
1701 1662 1751 1700 ad

1087 1729 1263 1773 tempora
1302 1722 1528 1772 posteriora,
1587 1734 1659 1757 nec
1703 1719 1752 1757 ad

1087 1782 1191 1830 prius
1212 1779 1381 1827 bellum,
1420 1779 1482 1814 cui
1502 1778 1667 1814 Alcaeus
1686 1779 1749 1813 iu-

1085 1836 1237 1884 terfuit,
1269 1848 1346 1888 quo
1368 1835 1592 1885 composite,
1627 1846 1752 1871 novae

1085 1894 1191 1929 rixae
1219 1892 1346 1930 denuo
1377 1898 1466 1928 sunt
1495 1897 1669 1938 exortae,
1708 1896 1753 1928 ut

1085 1949 1135 1987 ad
1168 1950 1222 1997 V,
1263 1948 1316 1990 94
1356 1949 1615 1999 exposuimus.
1688 1945 1754 1983 Ad

1085 2006 1249 2043 verbum
1282 2003 1477 2055 νέμεσθαι
1496 2005 1597 2041 conf.
1617 2003 1663 2052 V,
1694 2002 1750 2045 45

1086 2070 1124 2100 et
1143 2062 1192 2099 ad
1212 2063 1448 2099 locutionem
1468 2062 1652 2112 γίνεσθαι
1670 2054 1751 2099 ’ὑπό

1084 2134 1162 2158 τινι
1178 2120 1224 2168 V,
1247 2121 1300 2159 30
1320 2119 1412 2169 ibiq.
1433 2125 1530 2154 nott.
1553 2119 1621 2158 96.

1215 2213 1225 2223 '
1292 2219 1385 2270 Cap.
1406 2219 1542 2256 xcvi.

1144 2299 1227 2336 πᾶν
1242 2300 1375 2349 χρῆμα
1386 2296 1526 2346 ε’κίνεε]
1540 2298 1565 2334 i.
1576 2310 1609 2334 e.
1620 2308 1749 2334 omnem

1084 2353 1237 2405 lapidem
1258 2355 1425 2402 movebat,
1445 2361 1486 2391 ut
1502 2354 1667 2391 Romani
1685 2353 1748 2390 lo-

1083 2412 1151 2462 qui
1170 2411 1306 2448 solent.
1349 2410 1464 2448 Haud
1482 2412 1648 2448 multum
1669 2408 1746 2446 dif-

1084 2467 1154 2504 fert
1189 2469 1272 2505 πᾶν
1302 2480 1331 2504 s.
1362 2463 1494 2506 πάντα
1518 2471 1671 2513 ποιεῖν,
1701 2472 1746 2503 ut

1081 2536 1177 2560 mox
1195 2525 1343 2571 Noster,
1379 2525 1444 2576 qui
1463 2524 1528 2571 IV,
1552 2522 1632 2564 154
1660 2520 1744 2573 (ubi

1080 2579 1159 2617 vid.
1189 2580 1306 2630 nott.)
1335 2579 1485 2617 dixerat
1511 2581 1594 2619 πᾶν
1623 2593 1746 2629 μηχα-

1080 2638 1247 2675 νᾶσθαι.
1288 2659 1338 2665 -
1399 2636 1463 2674 Ad
1500 2636 1744 2687 participium

1080 2688 1304 2743 διαβάλλων
1335 2693 1437 2730 conf.
1466 2693 1520 2740 V,
1559 2692 1627 2733 35.
1683 2692 1743 2728 De

1078 2749 1201 2785 forma
1217 2751 1319 2787 vocis
1341 2745 1424 2788 σόοι
1445 2749 1589 2786 consul.
1605 2746 1742 2785 Matth.

1079 2805 1145 2841 Gr.
1168 2806 1233 2843 Gr.
1253 2817 1340 2856 pag.
1363 2803 1458 2846 246.
1481 2827 1536 2832 —-
1566 2802 1741 2852 δέδοκτο,
