1897 3249
52 365 117 409 10
182 369 356 422 δόρατα.

432 188 1092 226 TERPSICHORE.
1151 187 1196 223 V.
1388 187 1444 227 15

186 301 334 355 σαλίης
372 298 586 347 οἰκέοντες
624 296 729 348 τοὺς
757 296 1001 352 καπήλους·
1052 295 1246 349 Κύπριοι
1282 295 1350 347 δὲ,
1391 294 1444 338 τὰ

419 365 498 417 ‘529
532 365 577 408 δὲ
619 365 804 421 Θρήϊκες
842 365 1037 420 λέγουσι,
1089 363 1287 419 μέλισσαι
1324 363 1442 407 κατέ·
1499 363 1619 392 Fabula
1640 362 1742 390 Thfa‘

1499 407 1565 426 cum
1585 399 1621 425 de
1645 396 1775 432 regioni-

179 446 334 492 χουσαι
362 434 415 477 τοὶ
443 434 581 489 πέρην
609 436 690 476 τοῦ
711 432 883 486 Ἴστρου
913 434 1017 476 εἰσί·
1047 432 1120 475 καὶ
1139 431 1226 475 ὑπὸ
1242 433 1462 475 τουτέωνῙ
1498 434 1553 460 ¹³⁰⁵
1570 432 1776 460 trassfflt‘uffl

1500 472 1625 503 propter
1636 467 1777 494 examina

151 503 266 547 Ξούκ
305 500 418 546 εἶναι
459 505 647 546 διελθεῖν
682 499 732 543 τό
773 502 1047 556 προσωτέρω.
1099 501 1193 557 ἐμοὶ
1229 500 1308 558 μέν
1343 515 1441 550 νυν,
1498 510 1591 536 apum
1617 500 1775 536 imperffis

121 653 378 704 VVesselingio
393 682 402 700 ,
433 665 551 704 quem
571 658 782 703 sequuntur

123 710 308 748 Valcken.
352 716 388 746 et
407 708 586 746 Larcher.
621 709 781 745 minime

121 767 299 805 videntur
329 766 545 803 Herodotea
577 779 676 813 esse,
715 764 782 801 sed

121 825 219 861 iusto
271 824 503 860 ofliciosioris
547 822 781 869 scholiastae,

121 895 211 918 cum
243 881 422 917 orationis
452 880 589 917 seriem
616 880 680 916 illa
699 886 782 915 tur-

121 938 213 974 bent
231 945 415 989 patreque
436 936 611 974 historiae
632 938 705 973 siut
720 937 782 972 in—

121 994 250 1045 digna.
307 992 499 1046 Equidem
519 996 559 1030 in
581 992 782 1043 Schweig-

119 1051 294 1088 haeuseri
321 1058 444 1102 partes
475 1049 666 1087 discedere
693 1063 781 1085 ma-

120 1109 202 1155 lim,
224 1109 276 1144 ita
300 1106 434 1144 dehoc
455 1108 539 1144 loco
558 1109 778 1144 statuentis:

119 1172 253 1213 „vetus
282 1163 492 1201 admodum
521 1165 634 1200 fuerit
664 1176 780 1214 opor—

117 1228 172 1259 tet
210 1220 499 1268 adsumentum,
549 1220 653 1273 quod
692 1221 778 1257 libri

120 1291 274 1325 omnes,
296 1280 361 1330 qui
382 1277 536 1315 diversis
558 1291 607 1314 ex
626 1278 778 1314 familiis

120 1334 247 1372 adnos
262 1342 529 1386 pervenerunt,
551 1341 777 1385 agnoscunt.

119 1391 336 1444 Equidem,
362 1406 430 1429 cur
449 1391 645 1429 Herodoto
673 1391 778 1429 indi—

118 1461 195 1499 gna
207 1450 276 1486 ista
294 1448 522 1495 iudicarem,
551 1449 699 1485 nullam
718 1450 779 1486 vel

118 1505 198 1543 vidi
226 1506 285 1543 vel
315 1513 496 1557 exputare
525 1519 678 1542 causam
707 1519 781 1556 po-

117 1564 187 1599 tui.
201 1563 224 1582 “
281 1564 360 1599 Nec
392 1564 499 1600 aliter
525 1564 650 1613 placet
671 1563 778 1599 Gallo

117 1620 327 1670 interpreti,
367 1621 476 1656 Miot.
517 1621 649 1672 Itaque
684 1619 779 1656 haec

117 1677 234 1713 verba
252 1678 372 1724 uncis,
404 1677 540 1729 quibus
564 1677 681 1727 vulgo
715 1679 779 1713 in—

118 1733 221 1769 clusa
260 1741 385 1781 erant,
423 1735 593 1770 liberavi.
651 1735 778 1786 Atque

117 1791 200 1840 ipsa
241 1789 474 1827 Scholiastae
505 1792 699 1827 annotatio
730 1790 779 1827 ad

118 1847 313 1896 Apollonii
333 1846 516 1894 Rhod.l]‚
539 1849 614 1888 99:
639 1844 779 1900 σιγύν-

120 1917 216 1948 νους
249 1904 313 1951 [in
342 1906 424 1953 ipso
456 1905 650 1954 Apollonii
670 1911 780 1940 textu

121 1958 333 1995 secundum
353 1961 528 1996 meliores
543 1960 656 1996 libros
676 1973 779 1996 nunc

122 2014 268 2051 editum
289 2011 494 2066 σιγύνους]
532 2014 574 2053 δὲ
592 2019 782 2055 καλοῦσιν

122 2071 165 2110 οἱ
193 2069 368 2120 Κύπριοι
389 2070 436 2110 τοὶ
460 2069 643 2111 α’κὸντια·
669 2070 781 2111 ἄλλοι

122 2126 165 2166 δὲ
184 2126 230 2166 τοὶ
255 2127 470 2179 ὁλοσίδηρα
493 2125 653 2167 α’κόντια
674 2137 710 2165 et
731 2129 779 2166 ad

122 2185 186 2232 IV,
208 2187 313 2226 320:
347 2185 425 2224 ἔστι
439 2183 482 2224 δὲ
503 2184 570 2224 καὶ
593 2187 780 2238 σίγυννος

123 2237 228 2287 εἶδος
250 2238 431 2291 δόρατος,
462 2238 709 2293 παρώνυμον
723 2247 779 2295 τῷ

122 2297 233 2337 ἔθνει
253 2296 355 2336 haud
378 2301 454 2336 scio
476 2312 522 2335 an
545 2312 594 2335 ex
613 2298 686 2336 hoc
700 2301 783 2336 He-

121 2353 246 2391 rodoti
265 2356 352 2393 loco
373 2356 618 2407 probabiliter
637 2358 684 2393 sit
705 2357 780 2393 du-

121 2418 195 2448 cta.
275 2411 306 2449 C
315 2426 344 2450 r.
394 2413 541 2449 confert
581 2412 780 2450 Schoene-

120 2481 253 2504 mann.
277 2469 416 2519 Geogr.
437 2470 667 2520 Argonautt.
690 2484 779 2521 pag.

122 2525 173 2566 51
207 2532 243 2561 et
272 2525 402 2563 Schol.
432 2527 582 2563 Platon.
615 2539 703 2578 pag.
725 2531 778 2568 87

122 2581 182 2618 ed.
204 2580 363 2619 Ruhnk.
423 2583 540 2634 Apud
555 2583 716 2621 Suidam
728 2585 778 2621 T.

120 2639 175 2674 ΠΙ
206 2652 244 2689 p.
275 2641 351 2679 311
387 2640 574 2690 legimus:
622 2637 779 2693 Σιγύνη

121 2694 189 2734 καὶ
212 2692 412 2747 Σιγύνους
426 2725 436 2743 ,
466 2694 513 2735 τὰ
536 2693 680 2747 δόρατα
699 2713 779 2737 πα·-

123 2748 174 2801 ροὶ
196 2749 438 2801 Μακεδόσιν,
459 2752 606 2791 duobus
627 2767 675 2791 ex
696 2757 780 2806 epi-

122 2815 335 2858 grammate
356 2811 446 2847 locis
465 2811 688 2849 subiunctis.
732 2813 778 2848 Iu

1500 536 1634 572 explosa.
1673 534 1776 562 Terra

837 658 929 688 nota
964 650 1142 688 laudatur
1179 653 1209 688 Ι.
1240 651 1397 697 Ulitius,
1433 652 1499 702 qui

839 708 888 745 ad
908 709 1028 744 Gratii
1040 710 1223 760 Cyneget.
1243 722 1282 759 p.
1307 707 1397 748 142.
1420 706 1498 748 143

840 764 887 801 de
931 765 1043 802 huius
1083 768 1185 803 vocis
1223 764 1499 816 significatione

841 821 1057 874 disputavit.
1096 822 1254 874 Ligyes,
1286 822 1498 874 quosValla

840 878 902 916 hic
933 882 1044 916 vertit
1075 878 1226 926 Poenos,
1249 893 1339 916 cum
1359 880 1398 914 in
1418 891 1497 915 uno

838 938 1009 973 Parisino
1032 936 1116 973 cod.
1158 949 1248 974 sane
1279 943 1398 973 exstet
1427 936 1498 974 Λί-

839 995 943 1044 βυες,
957 995 1047 1030 olim
1067 993 1289 1030 validissimi
1309 1000 1346 1029 et
1366 994 1412 1029 ab
1434 1005 1498 1029 ora

837 1052 1059 1087 Massiliensi
1068 1052 1366 1101 septentrionem
1386 1056 1500 1101 atque

838 1107 1079 1144 occidentem
1118 1121 1246 1144 versus
1280 1106 1328 1143 ad
1371 1108 1499 1143 Iberos

836 1178 956 1215 usque
977 1166 1139 1215 porrecti
1159 1164 1276 1210 fuere,
1310 1163 1430 1200 donec
1440 1177 1498 1199 se-

834 1223 955 1272 parati
971 1235 992 1257 a
1004 1222 1120 1258 Gallis
1133 1229 1169 1258 et
1183 1234 1204 1258 a
1218 1221 1331 1258 Celtis
1341 1219 1499 1271 posthac

834 1291 896 1314 ma
900 1280 955 1328 gis
963 1280 1160 1330 magisque
1169 1279 1327 1329 repressi
1336 1277 1383 1314 ad
1393 1291 1500 1314 oram

834 1337 1070 1372 maritimam
1085 1349 1105 1371 e
1116 1336 1334 1386 regionibus
1345 1336 1499 1371 interio-

834 1393 936 1429 ribus
958 1400 1196 1443 cogerentur,
1226 1394 1293 1429 ubi
1312 1393 1353 1428 in
1373 1391 1500 1428 Pede-

836 1452 984 1486 montio
1023 1451 1264 1501 potissimum
1296 1462 1339 1486 ac
1379 1450 1498 1495 Nicia,

836 1514 879 1544 ut
909 1521 1012 1543 nunc
1044 1515 1251 1553 vocantur,
1301 1505 1407 1543 sedes
1438 1513 1498 1542 te-

835 1571 1016 1601 nuerunt.
1058 1565 1168 1601 Conf.
1199 1562 1373 1600 Niebuhr
1402 1565 1498 1600 Hist.

835 1623 1077 1672 Rom.Ipag.
1105 1624 1183 1662 167
1207 1634 1286 1673 seq.
1311 1622 1397 1657 coll.
1410 1633 1499 1670 pag.

838 1681 916 1719 173
940 1678 999 1715 ed.
1021 1678 1178 1715 secund.
1221 1680 1306 1715 Gail
1328 1678 1375 1714 ad
1400 1679 1500 1728 Scy-

835 1749 974 1771 mnum
996 1734 1136 1772 Chium
1156 1749 1209 1772 vs.
1232 1738 1311 1775 203
1335 1736 1384 1771 T.
1405 1736 1440 1770 II
1459 1748 1498 1784 p.

837 1793 915 1832 351
952 1806 1030 1844 seq.
1078 1791 1322 1842 (Geograpli.
1350 1791 1498 1839 minu.)

835 1850 885 1885 Et
920 1849 1008 1885 vide
1037 1862 1190 1900 quoque
1221 1847 1364 1884 Herod.
1414 1848 1496 1889 Vll,

841 1906 933 1945 165.
991 1907 1125 1956 Itaque
1146 1912 1246 1941 recte
1278 1905 1456 1941 dicuntur
1477 1917 1498 1940 a

837 1963 972 1997 Nostro
1005 1961 1045 2000 οἱ
1073 1958 1157 1999 ἅνω
1188 1958 1290 2012 ’ὑπὲρ
1330 1965 1497 2000 Massa-

838 2018 926 2067 λίης
959 2016 1177 2065 οἰκέοντες,
1229 2032 1338 2063 cum,
1381 2020 1447 2069 qui
1477 2031 1497 2054 a

836 2076 934 2110 mari
964 2082 1126 2111 remotas
1157 2074 1262 2111 sedes
1294 2075 1437 2111 habent
1457 2076 1496 2111 in

836 2133 941 2167 terris
961 2133 1225 2176 interioribus,
1260 2129 1344 2170 ἅνω
1373 2132 1499 2170 οἰκεῖν

837 2187 1024 2225 dicantur.
1058 2188 1145 2225 vid.
1166 2195 1263 2225 nott.
1285 2188 1333 2225 ad
1354 2190 1417 2233 IV,
1435 2190 1496 2229 18.

1086 2313 1178 2364 Cap.
1199 2314 1250 2350 X.

892 2413 969 2461 ‘529
983 2413 1025 2454 δὲ
1040 2412 1212 2465 Θρήϊκες
1223 2414 1396 2468 λέγουσι]
1413 2416 1495 2461 Quo

838 2483 887 2508 ex
916 2472 1000 2508 loco
1033 2472 1233 2510 Thracum
1264 2480 1394 2522 gentes
1415 2474 1495 2509 No-

836 2536 957 2565 strum
977 2530 1104 2566 risisse
1124 2537 1167 2567 ut
1188 2530 1495 2580 omninoproba—

836 2586 911 2622 bile
943 2586 983 2622 fit
1014 2586 1091 2634 (de
1123 2600 1198 2639 quo
1230 2587 1330 2624 conf.
1369 2588 1495 2637 Heyse

837 2642 988 2687 Quaest.
1010 2656 1097 2694 pag.
1122 2646 1233 2691 127),
1261 2645 1311 2679 ita
1332 2644 1494 2693 scripto-

833 2701 882 2736 ris
912 2700 1043 2749 religio
1073 2707 1110 2736 et
1138 2701 1178 2736 in
1199 2700 1308 2736 rebus
1336 2706 1495 2750 porten-

834 2758 923 2793 tosis
945 2756 1162 2793 enarrandis
1182 2769 1333 2792 summa
1369 2758 1493 2792 cautio

836 2815 987 2863 egregie
996 2815 1229 2864 perspicitur,
1242 2820 1284 2850 ut
1293 2815 1359 2866 qui
1368 2814 1493 2850 istius-
