1789 3213
473 245 931 283 POLYMNIA
988 243 1087 282 V11.
1317 244 1400 285 779

1457 349 1588 384 undiquc
1605 349 1728 376 circum-

150 357 194 400 οἷ
216 355 261 400 δὲ
281 359 390 398 τοῖσι
406 355 546 411 ξίφεσι
569 351 843 409 διεργάζοντο
863 352 967 405 τούς
988 353 1172 407 Πέρσας.
1202 351 1274 396 καὶ
1285 354 1400 395 Λεω-
1456 384 1538 410 vem,
1557 392 1624 410 cum
1652 383 1728 410 Leo,

119 427 274 481 Ξνίδης
292 440 336 467 τε
358 424 405 467 ἐν
424 422 562 480 τούτῳ
582 426 644 482 τῷ
662 419 782 480 πόνῳ
801 421 955 474 πίπτει,
977 419 1088 477 ἀνήρ
1099 419 1330 476 γενόμενος
1351 419 1400 463 ἄ·
1414 417 1531 460 10¹¹¹‘¹³
1549 417 1587 444 ad
1606 426 1696 476 ”¹¹¹¹21

148 504 303 547 ριστος,
322 491 392 535 καὶ
415 491 552 546 ἕτεροι
568 488 654 546 μετ’
664 489 802 533 αὐτοῦ
821 488 1056 545 ὀνομαστοὶ
1079 487 1401 545 Σπαρτιητέων,
1458 484 1631 545 fflffissffl'ft’
1653 492 1700 511 ⁰⁰·

147 564 237 604 τῶν
258 559 339 616 ἐγώ
361 559 419 611 ὥς
430 559 605 613 ἀνδρῶν
617 556 748 610 ἀξίων
762 557 1011 614 γενομένων
1021 555 1249 613 ἐπυθόμην
1260 557 1311 600 τὰ
1328 554 1404 601 ου’-
1538 553 1541 559 “

147 626 328 684 νόματα·
341 626 566 684 ἐπυθόμην
576 626 621 670 δὲ
635 626 708 669 καὶ
720 624 927 670 ἁπάντων
938 628 1024 668 τῶν
1034 627 1306 681 τριηκοσίων.
1328 625 1402 669 καὶ

118 696 204 753 3δὴ
233 696 307 741 καὶ
339 695 544 749 Περσέων
573 694 779 738 πίπτουσι
808 693 1001 737 ἐνθαῦτα
1031 693 1154 737 ἄλλοι
1183 710 1227 738 τε
1245 695 1399 738 πολλοὶ
1417 702 1458 736 15

146 765 220 809 καὶ
251 763 505 820 ὀνομαστοί·
541 762 589 805 ἐν
629 761 675 805 δὲ
714 760 767 817 δή
801 762 876 805 καὶ
904 763 1097 817 Δαρείου
1128 762 1209 805 δύο
1239 764 1403 815 παῖδες,
1460 800 1461 803 ,

140 831 409 889 Ἀβροκόμης
437 847 482 874 τε
510 831 583 875 καὶ
606 828 887 886 Ὑπεράνθης,
919 831 965 874 ἐκ
981 835 1055 887 τῆς
1080 828 1292 885 Ἀρτάνεω
1323 835 1404 873 θυ-

118 898 310 954 4γατρὸς
344 899 656 955 Φραταγούνης
684 899 909 955 γεγονότες
931 900 1121 954 Δαρείῳ.
1182 897 1205 940 ὁ
1235 897 1280 942 δὲ
1308 896 1403 950 Ἀρ-

147 965 293 1023 τάνης,
321 967 516 1020 Δαρείου
545 967 624 1023 μὲν
652 971 734 1010 τοῦ
755 965 952 1023 βασιλέος
983 961 1038 1022 ἦν
1068 964 1298 1022 ἀδελφεός,
1334 964 1405 1008 ’Τ-

149 1033 359 1085 στάσπεος
388 1033 434 1077 δὲ
467 1037 548 1078 τοῦ
584 1033 805 1091 Ἀρσάμεω
844 1039 946 1084 παῖς
966 1048 976 1059 ·
1024 1033 1073 1084 ὃς
1101 1035 1173 1077 καὶ
1203 1033 1401 1083 ἐκδιδοὺς
1458 1034 1534 1072 611

149 1100 230 1157 τήν
269 1101 492 1156 θυγατέρα
520 1104 720 1162 Δαρείῳ,
750 1102 830 1148 τὸν
860 1101 982 1146 οἶκον
1010 1100 1154 1145 πάντα
1186 1101 1263 1144 τὸν
1292 1100 1402 1144 έωυ-
1418 1107 1459 1140 21

148 1171 229 1211 τοῦ
269 1169 480 1220 ἐπέδωκε,
510 1169 570 1221 ὦς
599 1171 769 1227 μούνου
801 1172 844 1214 οἱ
872 1169 1027 1226 ἐούσης
1055 1169 1216 1226 ταύτης
1235 1170 1403 1212 τέκνου.

149 1235 317 1291 Ξέρξεώ
351 1253 395 1280 τε
436 1238 488 1294 δὴ
519 1238 601 1282 δύο
632 1236 837 1294 ἀδελφεοὶ
866 1238 1059 1281 ἐνθαῦτα
1089 1239 1294 1280 πίπτουσι
1325 1254 1407 1292 μα-

151 1303 348 1360 χεόμενοι
375 1303 486 1359 ὑπὲρ
517 1309 598 1350 τοῦ
629 1310 792 1361 νεκροῦ
820 1308 902 1348 τοῦ
921 1306 1160 1359 Λεωνίδεω,
1200 1305 1408 1359 Περσέων

148 1387 193 1416 τε
221 1373 295 1416 καὶ
318 1375 678 1429 Λακεδαιμονίων
708 1372 905 1430 ὠθισμὸς
934 1373 1100 1428 ἐγένετο
1130 1371 1289 1423 πολλὸς
1310 1372 1350 1423 ἐς
1381 1371 1406 1418 ὃ

148 1439 309 1484 τοῦτόν
338 1457 382 1484 τε
413 1440 544 1499 ἀρετῇ
576 1442 840 1501 οἷ’Έλληνες
867 1441 1164 1496 ὑπεξείρυσαν,
1195 1441 1269 1484 καὶ
1289 1440 1406 1496 ἐτρέ-

0 1236 85 1285 225

94 1602 288 1644 Schaefer.
311 1599 578 1654 ου’νομαστοί.
600 1627 650 1632 -
671 1605 752 1642 Vo-

92 1673 178 1698 cem
199 1657 322 1708 οἷξίων
355 1662 481 1698 minus
501 1662 752 1698 necessariam

92 1715 208 1754 habet
226 1716 476 1755 Valckeuaer.
518 1719 563 1754 Iu
577 1719 658 1768 ipsa
679 1730 751 1754 au-

92 1781 172 1811 tem
192 1774 352 1825 Spartae
365 1775 460 1811 urbe
470 1773 562 1811 dum
575 1787 752 1811 commo-

93 1832 246 1868 rabatur
275 1833 430 1878 Noster,
462 1831 751 1881 Spartanorum,

94 1888 161 1940 qui
179 1889 447 1935 occubuerant,
467 1889 624 1924 nomina
643 1889 753 1924 illum

94 1946 281 1995 accepisse
293 1943 531 1982 crediderim.
541 1943 753 1982 Vid.Dahl-

43 2011 48 2027 ¹
94 2014 227 2038 mann.
248 2000 392 2039 Herod.
405 2015 443 2053 p.
459 2001 511 2043 59
538 2002 625 2038 coll.
654 2008 751 2040 nott.

95 2056 147 2094 ad
165 2060 236 2103 ΙΙΙ,
259 2058 326 2098 55.

148 2120 397 2177 Ἀβροκόμης
416 2139 457 2165 τε
479 2121 755 2176 καὶ“Υπερὰν-

94 2182 204 2231 θης]
255 2182 364 2219 Conf.
395 2189 490 2219 nott.
515 2181 563 2218 ad
587 2183 654 2229 III,
685 2184 754 2223 88.

94 2238 188 2274 Mox
208 2237 389 2290 βασιλέος
423 2238 512 2275 dedi
539 2251 609 2289 pro
640 2239 756 2289 βασι-

96 2296 207 2340 λῆος.
232 2291 433 2335 ἐκδιδόναι
452 2295 499 2332 de
530 2302 660 2345 patre,
695 2296 759 2345 qui

87 2350 209 2400 filiam
240 2364 341 2390 suam
369 2352 491 2400 elocat,
520 2356 665 2403 nuptum
693 2351 757 2388 dat

96 2407 311 2446 invenimus
343 2409 407 2458 IV,
444 2408 536 2458 146,
576 2409 643 2446 ubi
675 2407 755 2447 vid.

97 2469 194 2500 nott.

153 2515 225 2559 τόν
246 2515 358 2560 οἷκον
372 2517 503 2560 πάντα
518 2517 588 2561 τόν
601 2519 756 2561 ἑωυτοῦ

98 2573 288 2624 ἐπέδωκε]
300 2577 326 2614 i.
339 2590 371 2615 e.
385 2579 524 2627 insuper
534 2577 631 2616 dedit
639 2581 754 2616 omnia

101 2645 167 2670 sua
190 2633 291 2670 bona.
347 2633 476 2684 Atque
506 2630 619 2673 οἷκον
645 2642 754 2672 vete—

101 2701 159 2726 res
195 2688 332 2726 dixisse
357 2691 609 2739 patrimonium
632 2694 752 2739 totum,

101 2747 284 2783 universas
321 2744 522 2795 facultates
541 2774 552 2794 ‚
599 2753 756 2785 testatur

100 2803 329 2840 Ammonius
348 2801 450 2853 apud
478 2815 616 2854 quem:
647 2800 757 2852 οἶκος

101 2856 250 2912 λέγεται
278 2857 307 2912 ἦ
328 2860 437 2899 πᾶσα
463 2855 581 2899 ου’σία
600 2873 637 2911 Ρ.
665 2863 755 2908 102,

807 1605 873 1642 ubi
883 1602 958 1642 vid.
971 1601 1170 1651 Valcken,
1190 1603 1359 1654 itemque
1380 1604 1464 1640 Ho-

806 1674 961 1708 merus,
996 1661 1102 1697 cuius
1136 1660 1236 1697 conf.
1268 1659 1398 1711 Odyss.
1427 1662 1462 1696 Π

805 1721 901 1759 238.
933 1718 1019 1753 Alia
1041 1717 1164 1754 attulit
1184 1715 1368 1754 Valcken.
1397 1718 1463 1754 Tu

808 1775 911 1812 conf.
929 1775 1062 1811 Lexic.
1091 1772 1273 1824 Xenoph.
1300 1775 1354 1809 111
1375 1787 1462 1824 pag.

809 1831 905 1872 256.
954 1829 1071 1881 Apud
1089 1830 1302 1867 Diodorum
1321 1831 1390 1878 XI,
1415 1834 1461 1870 11

809 1889 891 1924 init.
921 1889 1105 1938 legimus:
1144 1884 1214 1927 τόν
1239 1885 1390 1926 ἑαυτῶν
1423 1886 1467 1926 δὲ

810 1945 902 1996 βίον
928 1940 1152 1996 προθύμως
1189 1942 1249 1983 ἐπ
1265 1942 1313 1982 έδ
1327 1959 1357 1982 ω
1369 1958 1392 1982 κ
1407 1959 1466 1982 αν

812 2001 867 2047 εἰς
898 1998 972 2052 τήν
1004 1997 1147 2051 κοινήν
1171 2003 1252 2039 τῶν
1267 1996 1467 2050 Ἑλλήνων

812 2058 1022 2111 σωτηρίαν,
1042 2058 1108 2095 ubi
1130 2057 1230 2099 conf.
1245 2057 1408 2095 Wessel.

980 2160 1073 2210 Cap.
1096 2159 1282 2198 CCXXV.

868 2233 1049 2288 ὠθισμός
1068 2236 1218 2290 ἐγένετο
1245 2235 1409 2287 πολλός]
1438 2240 1467 2281 ἰ,

813 2309 846 2333 e.
859 2296 1044 2346 conflictus
1063 2297 1218 2332 cominus
1227 2298 1468 2346 pugnantium

810 2365 910 2402 seque
929 2355 1061 2400 mutuo,
1081 2358 1123 2389 ut
1143 2352 1186 2389 fit
1205 2353 1244 2388 in
1264 2351 1469 2389 hominum

811 2410 922 2446 turba
960 2409 1204 2456 inconcinna,
1240 2411 1470 2459 prementium

811 2473 848 2503 et
858 2466 1149 2517 protrudentz'um.
1189 2466 1245 2501 Ita
1269 2464 1471 2515 Schweig-

809 2521 981 2560 haeuser.
999 2523 1037 2557 in
1058 2522 1189 2558 Lexic.
1210 2521 1350 2561 Herod.
1357 2550 1373 2567 ,
1404 2522 1470 2558 ubi

810 2580 900 2617 citat
919 2577 1061 2615 Herod.
1081 2579 1152 2626 IX,
1172 2580 1226 2617 62
1246 2578 1311 2618 fin.
1335 2586 1371 2615 et
1390 2580 1470 2615 Po—

809 2637 888 2688 lyb.
908 2635 971 2681 IV,
992 2635 1045 2676 58
1066 2636 1104 2680 §.
1125 2637 1164 2675 9.
1222 2636 1321 2671 Hinc
1354 2636 1469 2672 etiam

813 2688 993 2741 ὠθισμὸς
1022 2688 1152 2743 λόγων
1182 2690 1281 2739 VIII,
1303 2694 1370 2732 78.
1399 2692 1469 2738 IX,

812 2751 866 2789 26
897 2748 980 2784 coll.
1009 2748 1077 2792 111,
1106 2749 1174 2786 76.
1250 2747 1312 2785 Ad
1349 2749 1469 2799 ipsam

813 2804 1069 2841 narrationem
1086 2802 1132 2840 de
1151 2803 1345 2842 Leonidae
1363 2818 1471 2842 mor-

814 2868 851 2899 te
879 2860 980 2898 conf.
1000 2858 1195 2898 Plutarch.
1225 2863 1242 2899 Ι
1260 2875 1298 2914 p.
1321 2864 1402 2903 306
1420 2863 1469 2900 D.
