1851 3181
493 216 577 255 62⁰
892 215 1353 254 HERODOTI

494 322 819 378 Κρηστωναίων
854 319 1117 377 ἀρξάμενος,
1156 323 1242 379 ῥέει
1281 323 1353 368 διοὶ
1387 324 1645 380 Μυγδονίης
1672 323 1748 380 χώ-

494 406 594 445 ρης,
633 388 706 431 καὶ
742 388 839 440 ἐξίει
876 389 994 444 παρὰ
1023 392 1071 434 τὸ
1112 390 1207 442 ἕλος
1236 391 1284 435 τό
1315 390 1376 435 ἐπ’
1402 390 1519 450 Ἀξίῳ
1549 394 1743 448 ποταμῷ.
1762 399 1805 433 10

333 467 432 512 125
492 455 788 516 Πορευομένῳ
826 457 871 501 δὲ
899 457 1050 515 ταύτῃ,
1080 458 1246 511 λέοντές
1277 462 1319 504 οἱ
1349 460 1619 517 ἐπεθήκαντο
1649 461 1749 515 τῇσι
1803 461 1851 504 56

238 541 280 559 ‘³¹
319 532 433 593 .¹ei⁰¹¹i·
491 523 770 580 σιτοφόροισι
797 523 1038 582 καμήλοισι.
1067 527 1427 583 καταφοιτέοντες
1454 527 1539 584 γὰρ
1570 529 1613 572 οἱ
1633 527 1752 570 λέον-

375 587 382 594 ’
491 609 559 644 τες
587 591 664 643 τὰς
692 593 867 644 νύκτας,
899 595 972 638 καὶ
1000 595 1219 646 λείποντες
1249 595 1300 639 τὰ
1319 596 1505 652 σφέτερα
1521 595 1647 653 ἤθεα,
1677 593 1752 637 ἅλ-

492 665 573 704 λου
602 662 679 716 μὲν
710 659 891 713 οὐδενὸς
921 661 1110 706 ἅπτοντο
1133 662 1232 707 οὔτε
1261 666 1515 720 ὑποζυγίου,
1548 663 1648 707 οὔτε
1679 660 1752 705 οἷν-

462 728 692 784 2,θρώπου.
724 730 767 771 οἱ
782 728 827 772 δὲ
843 728 920 780 τὰς
939 729 1161 787 καμήλους
1187 731 1408 786 ἐκεράϊζον
1427 730 1609 788 μούνας.
1637 735 1752 773 θωυ-
1767 734 1807 769 15

491 796 609 851 μάξω
650 796 697 840 δὲ
735 795 784 842 τὸ
826 798 988 850 αἴτιον,
1028 798 1054 842 ὅ
1085 816 1127 843 τι
1165 800 1266 843 κοτὲ
1295 795 1373 856 ἦν,
1414 804 1503 844 τῶν
1531 799 1673 843 ἄλλων
1701 795 1751 841 τὰ

491 863 738 921 ἀναγκάζον
768 863 1063 922 ἀπεχομένους
1091 867 1396 919 τούςλεόντας
1427 871 1526 925 τῇσι
1545 866 1751 923 καμήλοι-

491 946 534 978 σι
563 933 855 977 ἐπιτίθεσθαι·
896 935 945 978 τό
977 935 1081 992 μήτε
1118 935 1336 990 πρότερον
1365 933 1601 979 ὀπώπεσαν
1628 935 1754 990 θηρί-

333 1005 430 1051 126
489 1017 563 1054 ον,
603 998 695 1057 μήτ’
734 1000 1006 1057 ἐπεπειρέατο
1048 1001 1201 1047 αὐτοῦ.
1259 1004 1359 1047 Εἰσὶ
1400 1003 1447 1048 δὲ
1478 1003 1589 1048 κατὰ
1617 1005 1755 1047 ταῦτα

160 1070 257 1099 'saur‘
276 1070 433 1098 ⁸i¹ve⁵tse³
489 1069 542 1113 τοὶ
570 1070 706 1126 χωρία
734 1070 808 1113 καὶ
841 1070 1010 1122 λέοντες
1038 1071 1213 1121 πολλοὶ,
1241 1073 1313 1116 καὶ
1343 1071 1443 1129 βόες
1471 1071 1629 1128 ἄγριοι,
1660 1074 1749 1113 τῶν
1761 1076 1807 1111 20
1838 1095 1843 1111 κ

159 1106 191 1132 in
208 1103 313 1132 iisdem
330 1105 415 1134 locis.

159 1139 432 1209 ζὲῐῗξῆθῐξζὲξῇἷῗ
463 1146 548 1182 Ξτα
587 1137 714 1194 κε’ρεα
750 1136 1057 1196 ὑπερμεγάθεα
1085 1139 1196 1196 ἐστι,
1225 1140 1278 1184 τὰ
1305 1140 1347 1192 ἐς
1364 1140 1576 1198 ’Έλληνας
1604 1138 1752 1196 φοιτέ-

160 1206 327 1243 periantut.

434 1351 612 1375 occasum
632 1349 760 1375 versus
779 1343 926 1373 remota
942 1335 990 1374 ad
1004 1338 1095 1375 Axii
1150 1338 1188 1383 §.
1211 1336 1292 1378 204
1312 1351 1351 1388 p.
1364 1339 1458 1378 378.
1505 1335 1617 1383 Quod
1636 1336 1807 1389 sequitur

431 1394 589 1446 paludes
609 1400 817 1445 ponuntur.
879 1393 974 1430 Inde
1003 1407 1095 1445 pro-
1150 1390 1288 1441 αὐτοῦ,
1307 1407 1376 1445 pro
1398 1406 1443 1431 eo
1453 1407 1544 1431 sane
1564 1393 1806 1445 exspectabas

434 1452 560 1488 babile
588 1450 739 1489 videtur
779 1451 822 1486 C.
857 1451 902 1487 Ο.
941 1452 1092 1489 Miiller.
1150 1445 1200 1490 οὗ
1213 1450 1471 1488 s.Her0dote0
1499 1464 1608 1488 more
1636 1451 1722 1489 τοῦ.
1753 1449 1806 1487 At

436 1508 580 1557 (Ueber
610 1507 671 1544 die
701 1505 911 1544 Makedon.
939 1521 978 1558 p.
1009 1510 1033 1548 8
1056 1515 1093 1546 et
1148 1506 1237 1545 vide
1256 1514 1353 1544 nott.
1374 1506 1422 1544 ad
1441 1509 1506 1556 111,
1528 1506 1594 1549 34.
1650 1506 1714 1543 Ad
1742 1519 1806 1543 ar-

433 1566 474 1601 in
508 1563 603 1615 fin.)
633 1563 800 1600 eundem
821 1577 899 1600 esse
918 1564 1092 1612 fiuvium,
1147 1571 1377 1615 gmnentum
1396 1565 1470 1601 loci
1480 1564 1581 1602 conf.
1598 1564 1746 1601 Aelian.
1757 1564 1806 1601 N.

435 1622 497 1658 cui
515 1634 618 1657 nunc
637 1634 781 1657 nomen
809 1620 963 1658 Gallico.
1017 1622 1093 1657 Ubi
1147 1622 1197 1662 A.
1217 1622 1335 1668 XVII,
1350 1623 1417 1669 36,
1440 1618 1544 1671 (coll.
1559 1622 1721 1658 Pausan.
1740 1619 1807 1668 Vl,

436 1679 551 1714 etiam
571 1678 679 1728 plura
699 1676 746 1714 de
765 1676 970 1727 Mygdonia
992 1677 1091 1713 terr&
1147 1677 1186 1724 5,
1208 1680 1231 1717 3
1253 1676 1363 1714 Phile
1392 1677 1458 1717 35.
1489 1675 1568 1728 44)
1596 1677 1663 1728 qui
1681 1678 1807 1712 Hero-

436 1734 612 1785 disputat.
646 1735 739 1770 Mox
759 1735 889 1784 scripsi
909 1733 1001 1781 ἐξίει
1021 1747 1090 1785 pro
1149 1732 1238 1770 doto
1287 1734 1423 1770 iniuria
1461 1734 1658 1770 obtrectat.
1732 1732 1806 1778 Qui

435 1790 541 1837 ἐξιεῖ.
598 1790 685 1827 Vid.
715 1788 851 1829 Matth.
873 1791 939 1827 Gr.
964 1791 1029 1832 Gr.
1054 1792 1090 1836 §.
1149 1791 1254 1826 enim
1267 1791 1313 1827 ab
1324 1788 1516 1827 Herodoto
1528 1790 1700 1826 leonibus
1711 1802 1807 1826 con—

435 1850 528 1896 212,
549 1850 575 1888 7
590 1860 679 1899 pag.
700 1845 796 1889 401.
1146 1848 1352 1884 stituuutur
1363 1848 1527 1894 termini,
1540 1845 1695 1883 eosdem
1710 1859 1806 1883 con-

634 1938 686 1974 ca
749 1937 904 1974 CXXV·
1146 1905 1318 1940 stituerat
1336 1904 1555 1940 Aristoteles
1576 1902 1651 1952 (H.
1671 1903 1721 1940 A.
1735 1903 1805 1968 JH,

687 1951 726 1989 P·
1146 1962 1215 2001 28,
1236 1961 1334 2008 vm,
1366 1963 1419 2001 27
1441 1961 1479 2006 ς.
1500 1960 1543 2009 6)
1575 1972 1618 1996 ao
1645 1960 1803 2008 Planus,

494 2013 648 2063 λέοντές
668 2017 709 2056 οἷ
727 2011 997 2067 ἐπεθήκαντο]
1029 2014 1092 2053 Ad
1146 2023 1189 2053 ut
1205 2018 1303 2054 bene
1322 2017 1473 2054 monuit
1490 2017 1633 2055 Iacobs.
1657 2015 1706 2052 ad
1723 2017 1804 2053 Ae-

436 2074 670 2124 pronominis
700 2073 742 2112 οἱ
757 2087 871 2110 usum
891 2073 992 2110 conf.
1008 2074 1091 2122 VII,
1147 2073 1238 2110 liau.
1257 2075 1304 2111 N.
1323 2075 1370 2111 A.
1391 2075 1456 2122 III,
1476 2076 1529 2114 27
1550 2074 1636 2110 coll.
1656 2074 1803 2111 Dissen.

439 2132 503 2169 16.
520 2130 572 2170 38
594 2128 686 2167 etad
701 2131 906 2181 particulae
926 2126 969 2170 δὲ
981 2144 1093 2168 usum
1149 2129 1198 2167 ad
1215 2129 1371 2172 Pindar.
1391 2129 1503 2183 Pyth.
1524 2131 1593 2178 IX,
1613 2131 1680 2170 27.

436 2186 476 2221 in
496 2186 619 2222 verbis
669 2184 682 2199 ⁶
751 2184 759 2198 “
837 2183 846 2199 “
990 2186 999 2200 ’

437 2187 1093 2292 {medigovobfflngvggcnvgtztefnggvfi
1336 2221 1427 2270 cap·
1449 2219 1623 2256 CXXVI·

436 2299 503 2338 66.
545 2298 759 2349 κεραΐζειν,
801 2299 904 2349 quod
942 2302 1092 2351 proprie
1207 2295 1307 2349 βοές
1336 2295 1497 2350 ἄγριοι]
1530 2295 1723 2334 Credibile
1753 2304 1808 2335 est
1840 2335 1851 2346 ἡ

436 2354 535 2390 valet
556 2355 714 2391 cornibus
731 2355 880 2404 aliquem
889 2359 1015 2405 petere,
1032 2357 1092 2394 la-
1149 2353 1196 2392 de
1228 2367 1273 2391 eo
1302 2353 1342 2392 h.
1369 2355 1396 2391 l.
1422 2354 1483 2404 agi
1511 2354 1631 2391 boum
1650 2366 1802 2404 genere,
1828 2360 1830 2362 '

437 2423 583 2458 cessere,
624 2409 760 2447 deinde
799 2411 983 2460 siguificat
1015 2412 1089 2450 lae-
1147 2411 1614 2460 cuinuncvulgonomen
1627 2412 1803 2448 estAuer-

435 2467 534 2514 dere,
574 2467 741 2505 invadere
778 2466 944 2520 indeque
975 2469 1089 2504 etiam
1147 2467 1226 2503 oclus
1246 2481 1275 2504 s.
1303 2466 1445 2505 Wisent.
1503 2469 1675 2504 Plurima
1699 2466 1803 2504 dabit
1843 2472 1845 2478 ¹

435 2523 607 2573 diripere,
644 2523 857 2574 exspoliare,
895 2531 938 2561 ut
970 2526 998 2571 1,
1035 2527 1087 2565 88
1145 2522 1368 2562 Schneider.
1390 2525 1429 2560 iu
1448 2522 1666 2561 Anmerkk.
1694 2538 1726 2560 z.
1745 2524 1833 2573 E-t}

434 2580 519 2616 coll.
546 2580 637 2621 159.
668 2581 715 2627 11,
741 2580 948 2620 115.121.
995 2582 1087 2618 Mox
1147 2581 1272 2631 clogg.
1304 2579 1436 2633 Physs.
1465 2593 1554 2632 pag.
1586 2580 1640 2622 25
1680 2593 1702 2617 a
1736 2579 1802 2618 Cr.
1835 2597 1841 2606 ·

436 2637 586 2686 reposui
633 2633 834 2689 θωυμάζω
877 2650 947 2688 pro
1004 2641 1091 2676 θω-
1147 2636 1334 2675 laudatus.

434 2688 559 2743 μάξω·
1201 2712 1249 2755 τοὶ
1280 2713 1529 2766 ἐς’“Ἐλληνας
1557 2713 1796 2765 φοιτέοντα]
1835 2722 1841 2731 ’

492 2766 733 2820 ὀπώπεσαν]
777 2771 887 2809 Conf.
922 2772 950 2819 1,
973 2774 1024 2812 68
1053 2779 1090 2809 et
1147 2773 1359 2810 Articulum
1396 2769 1492 2819 τούς
1523 2778 1607 2822 post
1624 2770 1664 2816 ἐς
1682 2771 1797 2820 vulgo

436 2825 482 2863 ad
503 2825 752 2879 ἐπεπειρέατο
773 2827 910 2866 Matth.
933 2829 999 2868 Gr.
1021 2829 1089 2866 Gr.
1145 2829 1247 2868 libris
1275 2829 1398 2869 invitis
1418 2830 1600 2866 insertum
1619 2825 1797 2879 equidem
