1806 3181
424 217 519 259 628

834 201 1298 245 HERODOTI

437 325 554 380 ρείας
585 318 828 376 ἀλλήλοισι·
858 314 911 359 τοὶ
943 312 989 357 δὲ
1017 310 1128 366 πρὸς
1157 309 1298 366 βορέω
1329 306 1511 362 ἀνέμου,
1537 300 1756 357 ’Ὀλυμ-60

439 406 544 442 πος·
595 388 650 432 τὰ
681 388 728 432 δὲ
768 384 879 441 πρὸς
914 378 1123 436 ἕσπέρην,
1167 379 1360 427 Πίνδος’
1418 376 1471 418 τὰ
1518 372 1564 416 δὲ
1593 368 1704 425 πρὸς

441 458 709 516 μεσαμβρίην
746 471 791 498 τε
831 452 906 497 καὶ
943 448 1108 503 ἄνεμον
1144 447 1298 499 νότον,
1340 443 1595 500 ἡ”Οθρυς·
1654 436 1704 481 τὸ

443 528 576 585 μέσον
606 525 652 569 δὲ
681 522 850 567 τούτων
884 522 973 562 τῶν
1002 515 1244 572 λεχθέντων
1286 511 1455 566 οὐρέων
1484 508 1511 565 ἡ
1545 511 1707 550 Θεσσα-

413 597 518 652 3λίη
548 594 647 646 ἐστὶ,
669 592 802 636 ἐοῦσα
831 588 968 644 κοίλη.
1028 584 1136 628 ὥστε
1166 577 1228 627 ὦν
1260 582 1466 637 ποταμῶν
1495 577 1538 629 ἐς
1570 571 1708 629 αὐτὴν

389 794 487 832 dum
505 793 547 829 in
574 791 705 828 lonico
734 788 937 838 scriptore,
972 797 1052 821 nou

391 859 523 889 tamen
541 849 644 886 libris
656 847 782 884 invitis
796 841 1053 881 inferendum.

391 910 526 960 Itaque
558 907 673 942 etiam
699 903 780 949 VII,
816 903 892 941 173
924 899 1055 935 eFlo-

395 965 546 1003 rentino
563 993 572 1011 ,
622 959 813 1000 Sancrofti
832 958 941 1003 libro,
976 955 1055 991 aliis

391 1016 611 1072 Ὀλύμπου
649 1016 826 1055 revocavi
866 1021 902 1050 et
938 1014 968 1060 I,
1005 1011 1057 1051 56

394 1076 501 1116 haud
529 1077 607 1114 scio
640 1088 689 1111 an
708 1073 814 1110 idem
833 1072 958 1107 facere
989 1067 1059 1105 de-

395 1135 576 1173 buissem.
597 1133 723 1183 Supra
741 1130 823 1176 VII,
838 1129 916 1168 128
926 1137 1059 1163 omnes

396 1192 484 1230 libri
492 1188 729 1239 ’Όλνμπονς
758 1193 795 1223 at
813 1186 896 1230 VII,
915 1182 970 1224 74
989 1193 1058 1232 pro

398 1249 505 1299 vulg.
546 1242 824 1296 Ου’λυμπιηνοί
872 1241 912 1276 iu
960 1239 1058 1276 San-

399 1305 511 1343 crofti
529 1304 626 1340 libro
658 1302 810 1351 alioque
838 1293 1061 1346 Ὀλυμπιη-

399 1362 477 1402 νοί.
507 1361 538 1408 Ι,
570 1361 643 1406 36,
673 1358 740 1394 ubi
759 1353 978 1391 Mediceum
998 1365 1060 1388 se-

400 1418 480 1456 cuti
499 1415 675 1454 dedimus
688 1407 905 1464 Οὕλύμπῳ,
925 1408 1062 1460 reliqui

401 1487 471 1513 sex
496 1471 612 1510 codd.
638 1470 735 1508 dant
761 1464 975 1519 Ὀλύμπῳ,
997 1465 1062 1516 qui

402 1530 521 1568 iidem
535 1529 621 1566 libri
637 1529 670 1576 1,
693 1525 745 1567 43
767 1538 858 1562 cum
888 1521 1062 1560 Mediceo

405 1601 538 1626 omnes
559 1579 976 1631 εΧὶιίὺεΠῒῖὈλυμπον,
997 1578 1064 1614 ubi

405 1657 484 1682 una
503 1641 643 1680 Aldina
666 1636 896 1689 Οὔλυμπον.

461 1699 491 1752 ’ἡ
514 1697 708 1746 Θεσσαλίη
731 1693 832 1742 ἐστὶᾴ
851 1692 972 1733 ἐοῦσα
983 1689 1066 1730 κοί-

406 1759 476 1809 λη]
506 1756 594 1793 Noli
611 1753 769 1790 haerere
789 1752 830 1787 in
856 1748 946 1797 ἔστι,
977 1747 1065 1786 ἐοῦ-

407 1826 470 1854 σα.
528 1814 670 1850 Sensus
700 1809 804 1845 enim
833 1813 909 1843 est:
949 1806 1066 1851 „inter

407 1872 468 1909 hos
491 1872 619 1907 montes
636 1867 788 1904 medium
812 1866 904 1900 tenet
916 1860 1068 1898 Thessa-

407 1928 474 1976 lia,
506 1928 539 1964 si
558 1924 696 1976 quidem
716 1935 756 1960 ea
772 1933 862 1958 cava
878 1921 942 1956 est.
982 1917 1068 1953 Ex-

409 1986 591 2022 citaverat
625 1980 720 2018 haec
755 1976 989 2024 Wesseling.
1020 1971 1069 2010 ad

409 2042 491 2090 VH,
522 2042 588 2086 73,
619 2038 725 2075 cuius
746 2042 877 2072 tamen
902 2033 977 2068 loci
998 2031 1070 2066 alia

412 2104 468 2135 est
498 2097 608 2133 ratio.
676 2093 838 2143 Propius
869 2087 944 2125 huc
981 2087 1072 2124 facit

412 2154 478 2201 IV,
501 2152 568 2192 47.
592 2150 684 2191 147.
733 2148 856 2185 Paulo
877 2152 965 2182 ante
983 2144 1074 2181 scri-

415 2210 474 2261 psi
493 2204 644 2246 τούτων
660 2218 730 2256 pro
749 2201 932 2243 τουτέων.

472 2261 574 2303 ὥστε
610 2257 666 2301 ὧν
688 2262 879 2310 ποταμῶν
904 2273 941 2296 κ.
959 2272 993 2295 τ.
1019 2256 1072 2304 λ.]

415 2322 540 2371 Vulgo
569 2331 680 2357 voces
710 2316 749 2363 ἐς
786 2310 912 2364 αὐτὴν
955 2313 1075 2350 collo-

418 2384 552 2417 cantur
568 2381 652 2427 post
676 2374 845 2424 συχνῶν,
866 2369 967 2406 libris
989 2382 1075 2405 me-

418 2435 595 2481 lioribus,
636 2443 730 2482 quos
770 2426 950 2479 equidem
985 2437 1073 2461 cum

418 2497 577 2529 recentt.
599 2486 685 2525 edd.
707 2491 855 2522 secutus
875 2494 981 2528 sum,
1012 2482 1073 2516 in-

421 2548 519 2587 vitis.
602 2543 802 2593 Excerpsit
862 2536 1079 2576 Herodotea

423 2603 555 2644 Schol.
566 2601 745 2653 Apollon.
762 2595 958 2641 Rhod.111,
973 2592 1078 2633 1085

424 2661 602 2699 omittens
651 2655 872 2694 Onochonum
919 2651 1080 2687 fluvium

425 2718 561 2769 (quem
575 2714 718 2766 profert
730 2710 779 2748 ad
788 2708 952 2758 1V,132)
965 2712 1000 2742 et
1013 2718 1080 2756 pro

429 2774 573 2812 Pamiso
620 2770 848 2807 substituens
897 2764 1080 2802 Panisum.

428 2832 555 2883 Atque
575 2827 704 2866 asserit
716 2822 913 2871 Hawkins,
933 2826 1082 2858 nostrae

1109 781 1238 818 aetatis
1254 777 1514 830 peregrinator
1534 768 1655 823 (apud
1663 769 1765 806 Vau-

1111 838 1298 875 doncourt
1325 836 1351 871 l.
1383 835 1410 870 l.
1435 844 1523 883 pag.
1545 829 1658 877 309),
1687 838 1727 862 se
1746 837 1768 860 e

1110 895 1250 932 montis
1272 893 1384 929 Ossae
1405 886 1665 926 cacuminibus
1690 882 1769 919 cla-

1111 966 1153 996 re
1172 949 1419 1002 perspexisse,
1441 938 1770 997 quemadmodum

1114 1020 1248 1046 omues
1276 1003 1496 1042 Thessaliae
1531 1011 1646 1037 cavae
1666 994 1772 1032 fluvii

1113 1068 1154 1102 in
1162 1077 1284 1101 unum
1294 1062 1453 1098 influant
1464 1060 1651 1095 Peneum.
1673 1053 1771 1089 Vere

1113 1124 1229 1173 igitur
1248 1119 1392 1169 scripsit
1410 1116 1560 1152 Aelian.
1578 1112 1626 1150 V.
1646 1111 1696 1150 H.
1706 1109 1775 1145 111.

1118 1183 1138 1219 1
1174 1179 1257 1215 loco
1289 1175 1442 1212 classico
1473 1171 1521 1208 de
1560 1167 1774 1218 Tempibus

1115 1233 1365 1272 Thessalicis:
1405 1227 1563 1280 διαῤῥεῖ
1590 1222 1634 1264 δὲ
1654 1221 1775 1275 μέσου

1117 1288 1241 1331 αὐτοῦ
1274 1288 1294 1329 ὁ
1313 1282 1557 1336 καλούμενος
1582 1275 1775 1332 Πηνειός’

1119 1348 1176 1394 εἰς
1189 1349 1332 1386 τοῦτον
1346 1342 1388 1383 δὲ
1407 1340 1476 1381 καὶ
1498 1339 1540 1380 οἷ
1557 1335 1771 1378 λοιποὶπο-

1117 1402 1236 1455 ταμοὶ
1268 1399 1480 1451 συρῤέουσι
1508 1394 1576 1436 καὶ
1613 1390 1778 1433 οἶνακοι-

1120 1463 1286 1501 νοῦνται
1305 1454 1349 1498 ‘co'
1370 1453 1478 1506 ὕδωρ
1502 1448 1689 1506 αὐτῷκαὶ
1715 1448 1780 1500 ε’ρ-

1120 1515 1305 1571 γάζονται
1322 1511 1389 1553 τὸν
1419 1506 1598 1563 Πηνειόν
1626 1506 1779 1547 ἐκεῖνον

1121 1573 1256 1627 μέγαν.
1306 1572 1485 1621 Quinque
1509 1572 1638 1604 autem
1656 1565 1782 1600 Hero-

1121 1631 1232 1668 dotus
1251 1635 1363 1667 vocat
1380 1627 1516 1663 fluvios
1535 1635 1628 1674 prae
1647 1619 1782 1657 ceteris

1120 1688 1290 1724 maxime
1309 1683 1551 1735 spectabiles:
1572 1680 1671 1715 inter
1685 1687 1782 1728 quos

1121 1746 1290 1796 primum
1323 1742 1451 1778 locum
1481 1751 1503 1774 a
1529 1737 1658 1772 Peneo
1676 1737 1784 1770 tenet

1121 1800 1308 1852 Apidanus
1337 1799 1426 1844 sive,
1448 1802 1490 1831 ut
1509 1793 1593 1839 VII,
1611 1793 1690 1831 196
1711 1801 1784 1826 vo·-

1123 1864 1229 1895 catur
1248 1854 1460 1905 Epidanus,
1494 1850 1560 1902 qui
1579 1860 1669 1885 cum
1686 1846 1783 1883 Eni-

1122 1927 1195 1966 peo
1224 1914 1376 1949 iunctus
1398 1911 1439 1946 in
1473 1908 1648 1943 Peneum
1666 1916 1706 1940 se
1724 1904 1785 1939 in·

1123 1969 1262 2017 fundit,
1291 1975 1386 2005 teste
1416 1965 1605 2003 Strabone
1638 1961 1727 1998 VIII
1745 1971 1784 2009 p.

1126 2026 1208 2070 546
1231 2027 1272 2064 C.
1303 2038 1329 2061 S.
1352 2023 1432 2064 356
1450 2022 1537 2058 coll.
1557 2020 1615 2056 IX
1643 2031 1682 2068 p.
1703 2016 1787 2057 432

1126 2098 1156 2123 s.
1178 2085 1260 2124 660
1280 2083 1326 2118 Β.
1355 2080 1522 2130 Appian.
1551 2077 1597 2114 B.
1627 2074 1708 2111 civ.
1737 2071 1787 2119 II,

1129 2141 1182 2182 75
1213 2139 1298 2176 coll.
1332 2139 1522 2173 Mauuert.
1556 2132 1628 2170 VH
1647 2144 1686 2181 p.
1707 2128 1788 2170 580

1131 2210 1211 2248 seq.
1252 2195 1326 2240 Qui
1345 2194 1461 2243 igitur
1480 2190 1671 2227 maximus
1685 2186 1790 2221 iuter

1129 2255 1219 2290 istos
1238 2251 1372 2287 fluvios
1393 2255 1468 2296 est,
1498 2246 1636 2283 merito
1657 2241 1790 2293 appel·

1130 2310 1229 2346 latur
1257 2305 1376 2359 μέγας
1404 2305 1450 2341 ab
1480 2303 1630 2339 Aelian.
1667 2299 1712 2336 V.
1741 2297 1790 2336 H.

1129 2366 1195 2412 111,
1222 2367 1258 2404 1.
1280 2364 1442 2414 Scymn.
1470 2358 1565 2397 Chio
1586 2359 1680 2399 610.
1703 2353 1790 2391 Cal-

1129 2418 1284 2458 limach.
1338 2420 1377 2454 iu
1404 2418 1488 2454 Del.
1522 2417 1613 2456 110.
1680 2407 1790 2449 Ovid.

1129 2479 1220 2515 Met.
1243 2478 1272 2522 Ι,
1294 2474 1388 2516 574.
1409 2475 1456 2521 11,
1469 2473 1564 2514 577.
1587 2471 1791 2520 Poucque-

1134 2534 1221 2571 ville
1250 2534 1279 2579 1,
1312 2534 1339 2572 2
1371 2544 1451 2582 cap.
1473 2528 1527 2570 75
1549 2527 1615 2564 fin.
1635 2539 1674 2577 p.
1694 2523 1789 2565 396·

1134 2589 1305 2627 Pharsali
1325 2588 1484 2625 fluvium
1499 2586 1550 2621 ait
1569 2581 1789 2633 Apidanum

1134 2660 1238 2684 nunc
1265 2645 1393 2683 vocari
1421 2640 1638 2689 Sataldgre',
1684 2632 1790 2687 (qud

1134 2705 1216 2755 ipso
1254 2702 1412 2739 nomine
1441 2698 1561 2736 Turci
1593 2694 1790 2743 designant

1134 2759 1360 2797 Pharsalum
1388 2750 1585 2803 veterem)
1617 2749 1788 2786 fiuvium·

1135 2819 1179 2854 In
1201 2814 1364 2867 Othryos
1385 2813 1482 2863 iugis
1502 2817 1605 2848 ortus
1614 2807 1712 2843 intra
1731 2804 1792 2840 lo-
