1815 3181
410 214 494 254 314
796 210 1263 248 HERODOTI

381 319 678 378 4Δημάρητον
708 319 750 370 ἐς
778 319 831 362 τὰ
858 318 1042 374 μάλιστά
1071 321 1113 362 οἱ
1141 319 1312 375 ἐνόμισε
1342 318 1465 364 εἶναι.
1514 321 1660 377 Δημά-

411 405 546 445 ρητον
574 389 618 431 δὲ
650 386 767 443 αὐτῷ
799 386 970 442 οὕνομα
1001 387 1143 441 ἔθετο,
1188 388 1260 432 διὰ
1289 388 1406 432 τόδε·
1444 389 1660 443 πρότερον

411 457 598 507 τούτων,
627 456 841 511 πανδημεὶ
869 459 1143 514 Σπαρτιῆται
1170 455 1415 512 Ἀρίστωνι,
1446 457 1504 508 ὡς
1534 456 1663 512 ἀνδρὶ

406 523 704 578 εὐδοκιμέοντι
744 524 816 567 διὰ
843 522 1018 567 πάντων
1048 524 1100 580 δὴ
1129 529 1215 568 τῶν
1244 525 1454 581 βασιλέων
1493 529 1581 568 τῶν
1610 524 1713 568 ἐν75

397 587 458 649 ’τῇ
486 590 672 648 Σπάρτῃ
701 592 967 647 γενομένων,
1009 591 1121 648 α’ρὴν
1149 593 1406 649 ἐποιήσαντο
1435 595 1569 637 παῖδα
1597 608 1661 648 γε·

407 660 582 703 νέσθαι·
608 659 707 702 ’διὰ
745 662 875 702 τοῦτο
912 659 991 714 μέν
1030 662 1074 704 οἱ
1111 659 1160 705 τό
1201 662 1371 717 οὔνομα
1401 659 1659 716 Δημάρητος

405 727 542 783 ἐτέθη.
610 727 788 781 Χρόνου
827 728 872 771 δὲ
904 728 1162 781 προϊόντος,
1197 727 1405 783 Ἀρίστων
1447 728 1525 784 μὲν
1564 725 1661 770 ἀπέ-

403 800 537 846 θανε,
581 793 841 850 Δημάρητος
877 797 922 838 δὲ
959 797 1158 853 ἔσχε·τὴν
1189 799 1431 853 βασιληίην.
1482 796 1569 839 ἔδεε
1598 794 1658 847 δὲ,

404 862 464 915 ὠς
505 864 637 912 ἔοικε,
689 862 917 906 ἀνάπυστα
954 863 1166 920 γενόμενα
1201 868 1339 907 ταῦτα
1385 867 1714 907 καταπαῦσαιδο

405 930 674 986 Δημάρητον
711 933 786 986 τῆς
822 933 1066 988 βασιληΐης,
1106 931 1176 975 διοὲ
1214 931 1267 975 τὰ
1307 932 1542 988 Κλεομένεϊ
1575 933 1658 974 διε-

403 999 547 1054 βλήθη
586 997 782 1054 μεγάλως
822 998 1039 1055 πρότερόν
1068 1017 1113 1044 τε
1153 999 1177 1044 ὁ
1207 999 1468 1057 Δημάρητος
1497 997 1657 1055 ἀπαγα-

280 727 346 774 64

76 792 143 825 Quo
169 796 332 827 praetextu

75 830 162 852 mens
177 827 313 853 Cleome-

74 868 140 892 nes,
162 861 265 887 avidus
281 861 345 887 vin-

74 892 174 920 dictae
193 895 227 920 ob
254 894 329 920 iniu-

73 927 150 953 riam
173 927 231 954 sibi
249 928 281 954 in
299 936 351 954 ex-

73 961 229 995 peditione
246 967 274 988 et
294 963 344 988 At-

72 994 136 1021 tica
156 995 194 1028 [5‚
219 995 275 1029 75.]
298 999 329 1023 et

73 1028 249 1063 Aeginetica
271 1030 311 1064 [c.

348 1182 391 1222 οἱ
407 1178 554 1232 ἐνόμιζε
580 1177 685 1222 εἶναι
712 1183 813 1221 conf.
833 1190 928 1221 nott.
953 1183 1002 1220 ad

343 1241 374 1287 Ι,
396 1238 461 1286 84,
482 1252 531 1274 ne
551 1240 673 1289 plura.

401 1292 646 1345 Δημάρητον
666 1293 708 1335 δὲ
720 1291 829 1350 αὐτῷ
845 1293 999 1346 οὕνομα

345 1350 488 1400 ἔθετο]
531 1352 614 1397 Quo
654 1352 810 1404 quidem
842 1355 999 1390 nomine

346 1407 537 1445 declarare
556 1410 676 1445 voluit
701 1409 796 1446 Votis
805 1410 930 1459 populi
941 1423 1000 1446 ex-

339 1467 500 1516 petitum.
522 1467 604 1501 Hoc
624 1467 727 1501 enim
738 1479 815 1502 vox
825 1466 1001 1503 Demara-

342 1525 376 1558 tz'
392 1528 513 1557 sonat.
546 1521 604 1558 Cf.
616 1523 696 1567 VII,
721 1525 812 1561 101.
845 1523 1001 1573 Spectat

340 1576 417 1614 huc
445 1577 619 1614 Eustath.
643 1578 713 1618 Od.
734 1592 772 1628 Ρ.
798 1578 914 1626 1567,
945 1580 998 1619 55

342 1635 430 1672 coll.
442 1633 488 1670 ad
504 1635 548 1671 ΙΙ.
564 1649 602 1684 p.
618 1637 737 1680 1116,
759 1637 813 1675 62
833 1648 861 1672 S-
880 1637 997 1682 1157,

341 1692 395 1730 26
416 1698 453 1728 et
475 1690 524 1727 ad
555 1690 687 1742 Odyss.
717 1692 789 1735 111,
809 1689 889 1731 414
910 1704 997 1741 pag.

344 1748 423 1788 135
461 1749 548 1784 Bas.
595 1749 830 1797 Longiorem
868 1748 998 1784 locum

340 1803 467 1840 Procli
495 1803 629 1841 inediti
648 1803 695 1841 de
715 1805 818 1844 vario
837 1805 995 1841 nomina

339 1860 564 1910 imponendi
583 1874 722 1912 genere
743 1874 786 1897 ac
805 1860 922 1897 modo
936 1868 995 1897 at-

339 1917 427 1953 tulit
466 1918 641 1955 Creuzer.
680 1919 720 1953 in
760 1918 993 1957 Commentt.

304 2008 308 2012 ,
339 1973 508 2012 Herodd.
530 1988 619 2025 pag.
635 1977 731 2021 227,
752 1975 818 2026 qui
830 1973 935 2010 idem
954 1976 995 2010 in

337 2029 434 2066 libro
461 2032 518 2066 De
549 2039 627 2068 arte
646 2029 777 2069 histor.
798 2032 994 2070 Graecorr.

338 2098 427 2135 pag.
448 2087 502 2127 52
532 2088 695 2124 Graecos
716 2089 758 2123 iu
776 2089 995 2125 nominibus

338 2142 578 2192 imponendis
598 2144 637 2180 id
650 2145 874 2195 plerumque
885 2157 996 2181 secu-

339 2205 397 2234 tos
418 2211 497 2235 esse
514 2201 575 2247 ait,
596 2207 637 2236 ut
647 2202 727 2250 ipso
739 2202 994 2237 nomineme-

338 2256 462 2291 moria
491 2256 647 2293 alicuius
668 2257 721 2292 rei
749 2270 993 2293 conservare-

339 2317 403 2348 tur
433 2318 470 2348 et
500 2311 549 2349 ad
576 2314 832 2362 posteritatem
851 2326 992 2363 propa-

338 2375 504 2418 garetur,
521 2369 581 2405 vel
597 2370 712 2420 ipsius
731 2370 882 2405 infantis
903 2382 994 2406 con-

339 2423 431 2461 ditio
469 2425 595 2462 futura
638 2427 896 2476 respiceretur.
937 2446 994 2453 —

338 2481 431 2517 Mox
453 2480 541 2518 dedi
561 2478 711 2521 τούτων
744 2489 781 2518 et
801 2479 993 2532 βασιλέων

340 2550 409 2587 pro
447 2533 599 2577 τούτων
638 2545 675 2575 et
698 2534 915 2588 βασιλήων.
935 2559 991 2565 —

339 2592 401 2630 Ad
425 2594 656 2631 locutionem
676 2591 741 2634 διὰ
761 2590 923 2633 πάντων
944 2594 992 2632 cf.

338 2651 369 2698 I,
390 2651 456 2692 25.
476 2651 521 2698 V,
541 2653 594 2692 67
614 2652 705 2704 ibiq.
729 2657 825 2688 nott.

397 2702 501 2758 άρὴν
512 2703 767 2758 ἐποιήσαντο]
784 2705 992 2743 CitatTho-

338 2775 420 2800 mas
448 2765 549 2814 Mag.
579 2777 619 2815 p.
653 2767 730 2806 108
755 2764 992 2815 probaturus,

340 2815 444 2870 α’ροῖν
465 2833 542 2857 non
573 2822 696 2859 solum
717 2835 796 2859 esse
815 2817 991 2871 κατάραν

1054 1162 1193 1221 'verum
1227 1186 1341 1221 etiam
1372 1179 1492 1235 εὐχήν
1522 1177 1709 1232 (votum).

1055 1242 1155 1277 Hinc
1185 1241 1287 1291 apud
1312 1240 1477 1292 Hesych.
1509 1242 1528 1276 I
1546 1253 1583 1290 p.
1605 1240 1710 1280 507}

1057 1291 1155 1351 α’ρά·
1178 1295 1286 1350 εὐχή,
1318 1295 1490 1349 κατάρα,
1511 1291 1656 1348 βλαβή.

1262 1401 1353 1450 Cap.
1375 1371 1512 1436 1'2xw.

1113 1466 1194 1507 ἔδεε
1213 1465 1255 1507 δὲ
1271 1466 1606 1514 -καταπαῦσαι]
1627 1465 1653 1502 i.
1674 1478 1710 1502 e.

1057 1526 1093 1561 in
1107 1524 1287 1574 fatis,‚ut
1307 1525 1459 1570 videtur,
1483 1525 1710 1560 constitutum

1056 1585 1144 1628 erat,
1164 1584 1205 1617 ut
1225 1581 1322 1628 haec,
1345 1582 1408 1617 ubi
1421 1582 1565 1629 cognita
1585 1582 1711 1624 essent,

1055 1650 1162 1686 regno
1177 1641 1340 1674 exuerent
1360 1637 1602 1674 Demaratum.
1643 1635 1709 1672 Sic

1055 1693 1135 1735 ἔδεε
1150 1694 1195 1741 V,
1217 1696 1271 1735 92
1287 1696 1325 1740 ξ.
1344 1692 1391 1740 4,
1420 1694 1486 1730 ubi
1505 1692 1582 1730 vid.
1611 1698 1708 1728 nott.

1056 1746 1265 1788 α’νάπυστα
1310 1749 1450 1786 eodem
1486 1762 1599 1785 sensu
1638 1749 1708 1795 IX,

1055 1809 1146 1846 109.
1167 1806 1231 1854 Vl,
1253 1809 1306 1847 66
1320 1836 1330 1854 ‚
1369 1807 1436 1842 ubi
1459 1805 1710 1842 Homericum

1052 1870 1166 1914 atque
1202 1861 1414 1913 Orphicum
1432 1861 1506 1898 hoc
1528 1874 1607 1898 esse
1637 1861 1709 1898 ob-

1049 1927 1172 1956 servat
1185 1920 1358 1961 Creuzer.
1376 1920 1527 1956 Comm.
1536 1916 1706 1956 Herodd.

1049 1990 1089 2027 p.
1118 1979 1197 2016 231
1230 1977 1346 2012 citans
1368 1977 1524 2013 Gesner.
1552 1982 1589 2012 et
1607 1976 1708 2011 Her-

1050 2045 1183 2069 mann.
1197 2032 1246 2069 ad
1258 2031 1399 2083 Orphei
1407 2031 1599 2083 Argon.(1
1608 2026 1705 2081 159)

1054 2091 1174 2130 1166.
1203 2089 1377 2127 Eustath.
1409 2088 1458 2125 ad
1487 2088 1620 2140 Odyss.
1636 2087 1705 2133 XI,

1014 2143 1020 2151 ⁶
1051 2143 1134 2186 274
1153 2160 1192 2196 p.
1212 2145 1293 2186 434
1313 2146 1399 2182 infr.
1419 2147 1505 2183 Bas.
1527 2152 1563 2181 et
1582 2143 1707 2193 Apol-

1049 2202 1128 2239 lon.
1150 2204 1245 2238 Lex.
1259 2204 1415 2238 Homer.
1435 2215 1474 2252 Ρ.
1500 2200 1577 2242 135
1599 2199 1704 2236 ΤΟΠ·

1047 2258 1140 2308 ibiq.
1155 2258 1297 2296 vinois.
1696 2295 1704 2305 ‚

1106 2310 1172 2352 διά
1206 2310 1253 2352 τά
1272 2309 1571 2363 -διεβλήθη]
1611 2312 1637 2348 i.
1668 2323 1703 2347 e.

1052 2371 1137 2419 quia
1150 2369 1321 2407 Cleomeni
1333 2370 1437 2408 valde
1456 2368 1606 2419 offensus
1625 2369 1702 2404 erat

1048 2426 1285 2472 Demaratus,
1338 2431 1411 2463 tum
1445 2427 1572 2477 prius,
1612 2422 1704 2474 quod

1049 2485 1237 2520 exercitum
1257 2483 1428 2523 Eleusine
1463 2482 1524 2519 ille
1545 2481 1703 2518 abduxe-

1046 2543 1104 2576 rat
1127 2540 1254 2587 (Cous.
1276 2539 1322 2586 V,
1343 2541 1428 2591 75),
1457 2542 1531 2576 tum
1555 2550 1635 2575 vero
1651 2539 1702 2573 et-

1050 2598 1122 2633 iam
1153 2596 1212 2633 illo
1247 2598 1321 2646 ipso
1348 2600 1494 2646 tempore
1531 2595 1610 2643 (VI,
1633 2593 1698 2634 51.

1050 2652 1136 2701 61),
1156 2666 1222 2703 quo
1245 2652 1435 2690 Cleomenes
1453 2649 1700 2689 adversusAe-

1047 2710 1200 2757 gindus,
1223 2712 1285 2760 qui
1299 2708 1488 2746 Persarum
1503 2711 1624 2758 partes
1644 2718 1697 2743 ce-

1045 2769 1195 2814 perant,
1242 2768 1442 2803 traiecerat.
1509 2761 1699 2801 Sancrofti

1047 2821 1142 2858 liber
1175 2820 1328 2860 exhibet
1364 2818 1431 2862 διά
1459 2817 1519 2869 τό,
1565 2819 1701 2871 reliqui
