<?xml version="1.0" encoding="UTF-8"?>
<!DOCTYPE html PUBLIC "-//W3C//DTD XHTML 1.0 Transitional//EN"
    "http://www.w3.org/TR/xhtml1/DTD/xhtml1-transitional.dtd">
<html xmlns="http://www.w3.org/1999/xhtml" xml:lang="en" lang="en">
 <head>
  <title>
</title>
<meta http-equiv="Content-Type" content="text/html;charset=utf-8" />
  <meta name='ocr-system' content='tesseract 3.04.00' />
  <meta name='ocr-capabilities' content='ocr_page ocr_carea ocr_par ocr_line ocrx_word'/>
</head>
<body>
  <div class='ocr_page' id='page_1' title='image "./musaeherodoto03hero_0733.png"; bbox 0 0 1789 3213; ppageno 0'>
   <div class='ocr_carea' id='block_1_1' title="bbox 389 134 1020 179">
    <p class='ocr_par' dir='ltr' id='par_1_1' title="bbox 389 134 1020 179">
     <span class='ocr_line' id='line_1_1' title="bbox 389 134 1020 179; baseline -0.013 0"><span class='ocrx_word' id='word_1_1' title='bbox 389 136 867 179; x_wconf 86' lang='lat' dir='ltr'><strong>POLYMNIA.</strong></span> <span class='ocrx_word' id='word_1_2' title='bbox 922 134 1020 173; x_wconf 88' lang='lat' dir='ltr'><strong>VII.</strong></span> 
     </span>
    </p>
   </div>
   <div class='ocr_carea' id='block_1_2' title="bbox 1243 131 1327 174">
    <p class='ocr_par' dir='ltr' id='par_1_2' title="bbox 1243 131 1327 174">
     <span class='ocr_line' id='line_1_2' title="bbox 1243 131 1327 174; baseline 0.024 -3"><span class='ocrx_word' id='word_1_3' title='bbox 1243 131 1327 174; x_wconf 69' lang='lat'><strong>71⁸1</strong></span> 
     </span>
    </p>
   </div>
   <div class='ocr_carea' id='block_1_3' title="bbox 48 237 1384 577">
    <p class='ocr_par' dir='ltr' id='par_1_3' title="bbox 48 237 1384 577">
     <span class='ocr_line' id='line_1_3' title="bbox 75 237 1330 310; baseline -0.014 -10"><span class='ocrx_word' id='word_1_4' title='bbox 75 252 185 310; x_wconf 78' lang='grc' dir='ltr'><em>πρὸς</em></span> <span class='ocrx_word' id='word_1_5' title='bbox 219 249 408 306; x_wconf 79' lang='grc' dir='ltr'><em>ἑσπέρης,</em></span> <span class='ocrx_word' id='word_1_6' title='bbox 447 247 551 304; x_wconf 80' lang='grc' dir='ltr'><em>ὄρος</em></span> <span class='ocrx_word' id='word_1_7' title='bbox 579 244 744 304; x_wconf 77' lang='grc' dir='ltr'><em>ἄβατόν</em></span> <span class='ocrx_word' id='word_1_8' title='bbox 770 260 814 288; x_wconf 84' lang='grc' dir='ltr'><strong>τε</strong></span> <span class='ocrx_word' id='word_1_9' title='bbox 851 243 925 288; x_wconf 79' lang='grc' dir='ltr'><strong>καὶ</strong></span> <span class='ocrx_word' id='word_1_10' title='bbox 954 240 1248 298; x_wconf 71' lang='grc' dir='ltr'><em>ἀπόκρημνον,</em></span> <span class='ocrx_word' id='word_1_11' title='bbox 1281 237 1330 283; x_wconf 82' lang='grc' dir='ltr'><strong>ὖ-</strong></span> 
     </span>
     <span class='ocr_line' id='line_1_4' title="bbox 76 307 1330 377; baseline -0.012 -12"><span class='ocrx_word' id='word_1_12' title='bbox 76 320 246 377; x_wconf 76' lang='grc' dir='ltr'><em>ψηλὸν,</em></span> <span class='ocrx_word' id='word_1_13' title='bbox 287 317 514 362; x_wconf 79' lang='grc' dir='ltr'><em>ἀνατεῖνον</em></span> <span class='ocrx_word' id='word_1_14' title='bbox 557 315 598 366; x_wconf 79' lang='grc' dir='ltr'><strong>ἐς</strong></span> <span class='ocrx_word' id='word_1_15' title='bbox 633 315 711 371; x_wconf 83' lang='grc' dir='ltr'><strong>τὴν</strong></span> <span class='ocrx_word' id='word_1_16' title='bbox 748 314 902 368; x_wconf 80' lang='grc' dir='ltr'><em>Οἴτην·</em></span> <span class='ocrx_word' id='word_1_17' title='bbox 949 310 999 354; x_wconf 81' lang='grc' dir='ltr'><strong>τό</strong></span> <span class='ocrx_word' id='word_1_18' title='bbox 1032 311 1077 354; x_wconf 79' lang='grc' dir='ltr'><strong>δὲ</strong></span> <span class='ocrx_word' id='word_1_19' title='bbox 1114 308 1222 364; x_wconf 78' lang='grc' dir='ltr'><em>πρὸς</em></span> <span class='ocrx_word' id='word_1_20' title='bbox 1249 307 1330 364; x_wconf 81' lang='grc' dir='ltr'><strong>τὴν</strong></span> 
     </span>
     <span class='ocr_line' id='line_1_5' title="bbox 48 376 1384 446; baseline -0.01 -14"><span class='ocrx_word' id='word_1_21' title='bbox 48 389 147 446; x_wconf 78' lang='grc' dir='ltr'><strong>5ἠῶ</strong></span> <span class='ocrx_word' id='word_1_22' title='bbox 164 390 238 444; x_wconf 84' lang='grc' dir='ltr'><strong>τῆς</strong></span> <span class='ocrx_word' id='word_1_23' title='bbox 261 384 383 436; x_wconf 81' lang='grc' dir='ltr'><em>ὁδοῦ,</em></span> <span class='ocrx_word' id='word_1_24' title='bbox 413 384 611 428; x_wconf 80' lang='grc' dir='ltr'><em>θάλασσα</em></span> <span class='ocrx_word' id='word_1_25' title='bbox 631 381 886 426; x_wconf 81' lang='grc' dir='ltr'><em>ὑποδέκεται</em></span> <span class='ocrx_word' id='word_1_26' title='bbox 914 379 986 423; x_wconf 82' lang='grc' dir='ltr'><strong>καὶ</strong></span> <span class='ocrx_word' id='word_1_27' title='bbox 998 376 1186 433; x_wconf 76' lang='grc' dir='ltr'><em>τενάγεα.</em></span> <span class='ocrx_word' id='word_1_28' title='bbox 1205 376 1327 420; x_wconf 72' lang='grc' dir='ltr'><em>’Ἐστι</em></span> <span class='ocrx_word' id='word_1_29' title='bbox 1337 382 1384 418; x_wconf 86' lang='grc'><strong>30</strong></span> 
     </span>
     <span class='ocr_line' id='line_1_6' title="bbox 73 444 1330 511; baseline -0.01 -11"><span class='ocrx_word' id='word_1_30' title='bbox 73 456 122 501; x_wconf 80' lang='grc' dir='ltr'><strong>δὲ</strong></span> <span class='ocrx_word' id='word_1_31' title='bbox 159 455 207 499; x_wconf 78' lang='grc' dir='ltr'><strong>ἐν</strong></span> <span class='ocrx_word' id='word_1_32' title='bbox 239 457 292 511; x_wconf 90' lang='grc' dir='ltr'><strong>τῇ</strong></span> <span class='ocrx_word' id='word_1_33' title='bbox 321 452 458 511; x_wconf 78' lang='grc' dir='ltr'><em>ἐσόδῳ</em></span> <span class='ocrx_word' id='word_1_34' title='bbox 487 450 623 508; x_wconf 83' lang='grc' dir='ltr'><em>ταύτῃ</em></span> <span class='ocrx_word' id='word_1_35' title='bbox 652 448 794 504; x_wconf 77' lang='grc' dir='ltr'><em>θερμοὶ</em></span> <span class='ocrx_word' id='word_1_36' title='bbox 824 446 1004 501; x_wconf 80' lang='grc' dir='ltr'><em>λουτρὰ,</em></span> <span class='ocrx_word' id='word_1_37' title='bbox 1036 445 1088 489; x_wconf 77' lang='grc' dir='ltr'><strong>τοὶ</strong></span> <span class='ocrx_word' id='word_1_38' title='bbox 1127 444 1330 500; x_wconf 79' lang='grc' dir='ltr'><em>Χύτρους</em></span> 
     </span>
     <span class='ocr_line' id='line_1_7' title="bbox 75 513 1331 577; baseline -0.009 -9"><span class='ocrx_word' id='word_1_39' title='bbox 75 523 279 568; x_wconf 81' lang='grc' dir='ltr'><em>καλέουσι</em></span> <span class='ocrx_word' id='word_1_40' title='bbox 298 522 342 565; x_wconf 80' lang='grc' dir='ltr'><strong>οἱ</strong></span> <span class='ocrx_word' id='word_1_41' title='bbox 359 519 603 577; x_wconf 78' lang='grc' dir='ltr'><em>ἐπιχώριοι·</em></span> <span class='ocrx_word' id='word_1_42' title='bbox 632 518 705 562; x_wconf 78' lang='grc' dir='ltr'><strong>καὶ</strong></span> <span class='ocrx_word' id='word_1_43' title='bbox 733 515 880 574; x_wconf 84' lang='grc' dir='ltr'><em>βωμὸς</em></span> <span class='ocrx_word' id='word_1_44' title='bbox 909 516 1078 570; x_wconf 81' lang='grc' dir='ltr'><em>ἵδρυται</em></span> <span class='ocrx_word' id='word_1_45' title='bbox 1093 513 1331 569; x_wconf 79' lang='grc' dir='ltr'><em>Ἡρακλέος</em></span> 
     </span>
    </p>
   </div>
   <div class='ocr_carea' id='block_1_4' title="bbox 18 644 292 652">
    <p class='ocr_par' dir='ltr' id='par_1_4' title="bbox 18 644 292 652">
     <span class='ocr_line' id='line_1_8' title="bbox 18 644 292 652; baseline 0 2561"><span class='ocrx_word' id='word_1_46' title='bbox 18 644 292 652; x_wconf 95' lang='lat' dir='ltr'><strong> </strong></span> 
     </span>
    </p>
   </div>
   <div class='ocr_carea' id='block_1_5' title="bbox 19 723 688 2405">
    <p class='ocr_par' dir='ltr' id='par_1_5' title="bbox 19 723 688 2405">
     <span class='ocr_line' id='line_1_9' title="bbox 38 723 676 781; baseline -0.006 -11"><span class='ocrx_word' id='word_1_47' title='bbox 38 727 83 771; x_wconf 76' lang='grc' dir='ltr'><strong>τό</strong></span> <span class='ocrx_word' id='word_1_48' title='bbox 96 727 242 781; x_wconf 83' lang='grc' dir='ltr'><em>δὲπρὸς</em></span> <span class='ocrx_word' id='word_1_49' title='bbox 251 725 326 781; x_wconf 80' lang='grc' dir='ltr'><strong>τὴν</strong></span> <span class='ocrx_word' id='word_1_50' title='bbox 338 723 399 780; x_wconf 75' lang='grc' dir='ltr'><strong>ηἐὄ</strong></span> <span class='ocrx_word' id='word_1_51' title='bbox 408 729 478 779; x_wconf 81' lang='grc' dir='ltr'><strong>τῆς</strong></span> <span class='ocrx_word' id='word_1_52' title='bbox 489 724 588 767; x_wconf 78' lang='grc' dir='ltr'><em>ὁδοῦ</em></span> <span class='ocrx_word' id='word_1_53' title='bbox 599 724 676 766; x_wconf 73' lang='grc' dir='ltr'><strong>θοὶ-</strong></span> 
     </span>
     <span class='ocr_line' id='line_1_10' title="bbox 19 781 673 835; baseline -0.009 -8"><span class='ocrx_word' id='word_1_54' title='bbox 19 789 144 827; x_wconf 84' lang='grc' dir='ltr'><em>λασσα</em></span> <span class='ocrx_word' id='word_1_55' title='bbox 157 785 390 826; x_wconf 69' lang='grc' dir='ltr'><em>ὑποδέκεται</em></span> <span class='ocrx_word' id='word_1_56' title='bbox 401 784 467 824; x_wconf 83' lang='grc' dir='ltr'><strong>καὶ</strong></span> <span class='ocrx_word' id='word_1_57' title='bbox 491 781 673 835; x_wconf 74' lang='grc' dir='ltr'><strong>τενάγεα]</strong></span> 
     </span>
     <span class='ocr_line' id='line_1_11' title="bbox 20 842 676 891; baseline -0.005 -11"><span class='ocrx_word' id='word_1_58' title='bbox 20 844 47 883; x_wconf 81' lang='grc' dir='ltr'><strong>ἰ.</strong></span> <span class='ocrx_word' id='word_1_59' title='bbox 65 857 99 881; x_wconf 87' lang='lat' dir='ltr'><strong>e.</strong></span> <span class='ocrx_word' id='word_1_60' title='bbox 120 844 164 881; x_wconf 87' lang='lat' dir='ltr'><strong>ab</strong></span> <span class='ocrx_word' id='word_1_61' title='bbox 181 846 307 881; x_wconf 80' lang='lat' dir='ltr'><strong>oriente</strong></span> <span class='ocrx_word' id='word_1_62' title='bbox 323 845 416 879; x_wconf 81' lang='lat' dir='ltr'><strong>viam</strong></span> <span class='ocrx_word' id='word_1_63' title='bbox 433 842 563 891; x_wconf 74' lang='lat' dir='ltr'><strong>excipit</strong></span> <span class='ocrx_word' id='word_1_64' title='bbox 581 853 676 878; x_wconf 84' lang='lat' dir='ltr'><strong>mare</strong></span> 
     </span>
     <span class='ocr_line' id='line_1_12' title="bbox 22 894 676 951; baseline -0.002 -14"><span class='ocrx_word' id='word_1_65' title='bbox 22 913 66 937; x_wconf 89' lang='lat' dir='ltr'><strong>ac</strong></span> <span class='ocrx_word' id='word_1_66' title='bbox 81 899 234 951; x_wconf 81' lang='lat' dir='ltr'><strong>paludes</strong></span> <span class='ocrx_word' id='word_1_67' title='bbox 263 913 291 937; x_wconf 92' lang='lat' dir='ltr'><strong>s.</strong></span> <span class='ocrx_word' id='word_1_68' title='bbox 317 902 463 947; x_wconf 81' lang='lat' dir='ltr'><strong>stagna.</strong></span> <span class='ocrx_word' id='word_1_69' title='bbox 513 894 676 948; x_wconf 75' lang='grc' dir='ltr'><em>τενάγεα</em></span> 
     </span>
     <span class='ocr_line' id='line_1_13' title="bbox 21 955 676 1000; baseline -0.008 -7"><span class='ocrx_word' id='word_1_70' title='bbox 21 955 96 993; x_wconf 88' lang='lat' dir='ltr'><strong>hoc</strong></span> <span class='ocrx_word' id='word_1_71' title='bbox 139 970 251 993; x_wconf 90' lang='lat' dir='ltr'><strong>sensu</strong></span> <span class='ocrx_word' id='word_1_72' title='bbox 279 957 493 992; x_wconf 83' lang='lat' dir='ltr'><strong>invenimus</strong></span> <span class='ocrx_word' id='word_1_73' title='bbox 530 955 559 1000; x_wconf 93' lang='lat' dir='ltr'><strong>I,</strong></span> <span class='ocrx_word' id='word_1_74' title='bbox 594 956 676 994; x_wconf 78' lang='lat'><strong>202</strong></span> 
     </span>
     <span class='ocr_line' id='line_1_14' title="bbox 22 1011 679 1060; baseline -0.006 -11"><span class='ocrx_word' id='word_1_75' title='bbox 22 1012 90 1049; x_wconf 84' lang='lat' dir='ltr'><strong>fin.</strong></span> <span class='ocrx_word' id='word_1_76' title='bbox 130 1013 229 1060; x_wconf 88' lang='lat' dir='ltr'><strong>VIII,</strong></span> <span class='ocrx_word' id='word_1_77' title='bbox 266 1014 358 1052; x_wconf 80' lang='lat'><strong>129.</strong></span> <span class='ocrx_word' id='word_1_78' title='bbox 431 1011 529 1047; x_wconf 91' lang='lat' dir='ltr'><strong>Cum</strong></span> <span class='ocrx_word' id='word_1_79' title='bbox 557 1011 679 1046; x_wconf 90' lang='lat' dir='ltr'><strong>Hero-</strong></span> 
     </span>
     <span class='ocr_line' id='line_1_15' title="bbox 23 1067 676 1118; baseline -0.006 -12"><span class='ocrx_word' id='word_1_80' title='bbox 23 1068 115 1106; x_wconf 88' lang='lat' dir='ltr'>doto</span> <span class='ocrx_word' id='word_1_81' title='bbox 140 1069 328 1105; x_wconf 80' lang='lat' dir='ltr'>consentit</span> <span class='ocrx_word' id='word_1_82' title='bbox 356 1068 554 1118; x_wconf 84' lang='lat' dir='ltr'><strong>Appianus</strong></span> <span class='ocrx_word' id='word_1_83' title='bbox 578 1067 604 1103; x_wconf 94' lang='grc'><strong>1.</strong></span> <span class='ocrx_word' id='word_1_84' title='bbox 626 1067 676 1103; x_wconf 87' lang='lat' dir='ltr'><strong>l.:</strong></span> 
     </span>
     <span class='ocr_line' id='line_1_16' title="bbox 21 1120 678 1179; baseline -0.008 -15"><span class='ocrx_word' id='word_1_85' title='bbox 21 1127 75 1179; x_wconf 82' lang='grc' dir='ltr'><strong>τῇ</strong></span> <span class='ocrx_word' id='word_1_86' title='bbox 109 1122 182 1176; x_wconf 78' lang='grc' dir='ltr'><strong>μὲν</strong></span> <span class='ocrx_word' id='word_1_87' title='bbox 210 1120 397 1164; x_wconf 76' lang='grc' dir='ltr'><em>θοῖλασσα</em></span> <span class='ocrx_word' id='word_1_88' title='bbox 429 1126 587 1174; x_wconf 85' lang='grc' dir='ltr'><em>τραχεῖα</em></span> <span class='ocrx_word' id='word_1_89' title='bbox 610 1121 678 1160; x_wconf 85' lang='grc' dir='ltr'><strong>καὶ</strong></span> 
     </span>
     <span class='ocr_line' id='line_1_17' title="bbox 21 1173 677 1234; baseline -0.008 -13"><span class='ocrx_word' id='word_1_90' title='bbox 21 1177 227 1232; x_wconf 63' lang='grc' dir='ltr'><em>ἀλίμενος,</em></span> <span class='ocrx_word' id='word_1_91' title='bbox 267 1182 318 1234; x_wconf 78' lang='grc' dir='ltr'><strong>τῇ</strong></span> <span class='ocrx_word' id='word_1_92' title='bbox 347 1177 389 1219; x_wconf 81' lang='grc' dir='ltr'><strong>δὲ</strong></span> <span class='ocrx_word' id='word_1_93' title='bbox 421 1178 507 1226; x_wconf 76' lang='grc' dir='ltr'><em>ἕλος</em></span> <span class='ocrx_word' id='word_1_94' title='bbox 529 1173 677 1229; x_wconf 74' lang='grc' dir='ltr'><em>ἄβατόν</em></span> 
     </span>
     <span class='ocr_line' id='line_1_18' title="bbox 20 1236 677 1289; baseline -0.011 -12"><span class='ocrx_word' id='word_1_95' title='bbox 20 1253 62 1278; x_wconf 83' lang='grc' dir='ltr'><strong>τε</strong></span> <span class='ocrx_word' id='word_1_96' title='bbox 79 1236 147 1277; x_wconf 85' lang='grc' dir='ltr'><strong>καὶ</strong></span> <span class='ocrx_word' id='word_1_97' title='bbox 181 1237 465 1289; x_wconf 78' lang='grc' dir='ltr'><em>βαραθρῶδες,</em></span> <span class='ocrx_word' id='word_1_98' title='bbox 508 1236 677 1286; x_wconf 86' lang='lat' dir='ltr'><strong>itemque</strong></span> 
     </span>
     <span class='ocr_line' id='line_1_19' title="bbox 20 1292 677 1345; baseline -0.006 -13"><span class='ocrx_word' id='word_1_99' title='bbox 20 1295 164 1343; x_wconf 87' lang='lat' dir='ltr'><strong>Livius,</strong></span> <span class='ocrx_word' id='word_1_100' title='bbox 200 1292 303 1344; x_wconf 88' lang='lat' dir='ltr'><strong>apud</strong></span> <span class='ocrx_word' id='word_1_101' title='bbox 342 1306 459 1345; x_wconf 85' lang='lat' dir='ltr'><strong>quem</strong></span> <span class='ocrx_word' id='word_1_102' title='bbox 495 1293 677 1340; x_wconf 83' lang='lat' dir='ltr'><strong>XXXVI,</strong></span> 
     </span>
     <span class='ocr_line' id='line_1_20' title="bbox 26 1349 678 1400; baseline -0.003 -13"><span class='ocrx_word' id='word_1_103' title='bbox 26 1353 79 1392; x_wconf 90' lang='lat'><strong>18</strong></span> <span class='ocrx_word' id='word_1_104' title='bbox 100 1349 194 1387; x_wconf 87' lang='lat' dir='ltr'><strong>haec</strong></span> <span class='ocrx_word' id='word_1_105' title='bbox 208 1351 406 1399; x_wconf 82' lang='lat' dir='ltr'><strong>leguntur:</strong></span> <span class='ocrx_word' id='word_1_106' title='bbox 428 1350 538 1397; x_wconf 88' lang='lat' dir='ltr'><strong>„loca</strong></span> <span class='ocrx_word' id='word_1_107' title='bbox 557 1362 678 1400; x_wconf 89' lang='lat' dir='ltr'><strong>usque</strong></span> 
     </span>
     <span class='ocr_line' id='line_1_21' title="bbox 25 1406 680 1457; baseline -0.003 -13"><span class='ocrx_word' id='word_1_108' title='bbox 25 1406 74 1444; x_wconf 87' lang='lat' dir='ltr'><strong>ad</strong></span> <span class='ocrx_word' id='word_1_109' title='bbox 95 1420 201 1443; x_wconf 87' lang='lat' dir='ltr'><strong>mare</strong></span> <span class='ocrx_word' id='word_1_110' title='bbox 220 1407 323 1444; x_wconf 82' lang='lat' dir='ltr'><strong>invia</strong></span> <span class='ocrx_word' id='word_1_111' title='bbox 341 1406 497 1457; x_wconf 82' lang='lat' dir='ltr'><strong>palustri</strong></span> <span class='ocrx_word' id='word_1_112' title='bbox 527 1406 619 1442; x_wconf 91' lang='lat' dir='ltr'><strong>limo</strong></span> <span class='ocrx_word' id='word_1_113' title='bbox 642 1412 680 1442; x_wconf 89' lang='lat' dir='ltr'><strong>et</strong></span> 
     </span>
     <span class='ocr_line' id='line_1_22' title="bbox 24 1462 678 1514; baseline -0.006 -13"><span class='ocrx_word' id='word_1_114' title='bbox 24 1464 309 1514; x_wconf 83' lang='lat' dir='ltr'><strong>voraginibus.“</strong></span> <span class='ocrx_word' id='word_1_115' title='bbox 349 1464 448 1508; x_wconf 80' lang='lat' dir='ltr'><strong>Quin</strong></span> <span class='ocrx_word' id='word_1_116' title='bbox 469 1462 678 1498; x_wconf 88' lang='lat' dir='ltr'><strong>etiamnum</strong></span> 
     </span>
     <span class='ocr_line' id='line_1_23' title="bbox 24 1519 679 1570; baseline -0.005 -13"><span class='ocrx_word' id='word_1_117' title='bbox 24 1527 159 1570; x_wconf 83' lang='lat' dir='ltr'><strong>stagna</strong></span> <span class='ocrx_word' id='word_1_118' title='bbox 177 1521 281 1557; x_wconf 81' lang='lat' dir='ltr'><strong>viam</strong></span> <span class='ocrx_word' id='word_1_119' title='bbox 302 1520 347 1556; x_wconf 90' lang='lat' dir='ltr'><strong>ab</strong></span> <span class='ocrx_word' id='word_1_120' title='bbox 379 1520 523 1555; x_wconf 85' lang='lat' dir='ltr'><strong>oriente</strong></span> <span class='ocrx_word' id='word_1_121' title='bbox 551 1519 679 1555; x_wconf 89' lang='lat' dir='ltr'><strong>inclu-</strong></span> 
     </span>
     <span class='ocr_line' id='line_1_24' title="bbox 27 1575 681 1627; baseline -0.005 -13"><span class='ocrx_word' id='word_1_122' title='bbox 27 1575 128 1625; x_wconf 89' lang='lat' dir='ltr'><strong>dere,</strong></span> <span class='ocrx_word' id='word_1_123' title='bbox 151 1575 199 1613; x_wconf 86' lang='lat' dir='ltr'><strong>ad</strong></span> <span class='ocrx_word' id='word_1_124' title='bbox 218 1590 324 1613; x_wconf 88' lang='lat' dir='ltr'><strong>mare</strong></span> <span class='ocrx_word' id='word_1_125' title='bbox 351 1589 471 1627; x_wconf 86' lang='lat' dir='ltr'><strong>usque</strong></span> <span class='ocrx_word' id='word_1_126' title='bbox 491 1581 681 1625; x_wconf 85' lang='lat' dir='ltr'><strong>porrecta,</strong></span> 
     </span>
     <span class='ocr_line' id='line_1_25' title="bbox 24 1631 682 1685; baseline -0.005 -15"><span class='ocrx_word' id='word_1_127' title='bbox 24 1639 192 1682; x_wconf 83' lang='lat' dir='ltr'><strong>narrant,</strong></span> <span class='ocrx_word' id='word_1_128' title='bbox 208 1645 444 1685; x_wconf 88' lang='lat' dir='ltr'><strong>quamquam</strong></span> <span class='ocrx_word' id='word_1_129' title='bbox 452 1631 565 1668; x_wconf 60' lang='lat' dir='ltr'><strong>aren&amp;</strong></span> <span class='ocrx_word' id='word_1_130' title='bbox 577 1632 682 1667; x_wconf 89' lang='lat' dir='ltr'><strong>mul-</strong></span> 
     </span>
     <span class='ocr_line' id='line_1_26' title="bbox 24 1688 681 1739; baseline -0.003 -13"><span class='ocrx_word' id='word_1_131' title='bbox 24 1697 64 1727; x_wconf 90' lang='lat' dir='ltr'><strong>ta</strong></span> <span class='ocrx_word' id='word_1_132' title='bbox 85 1703 105 1726; x_wconf 90' lang='lat' dir='ltr'><strong>e</strong></span> <span class='ocrx_word' id='word_1_133' title='bbox 125 1691 317 1727; x_wconf 88' lang='lat' dir='ltr'><strong>montibus</strong></span> <span class='ocrx_word' id='word_1_134' title='bbox 338 1688 681 1739; x_wconf 55' lang='lat' dir='ltr'><strong>advecta&#39;tterraque</strong></span> 
     </span>
     <span class='ocr_line' id='line_1_27' title="bbox 25 1745 682 1798; baseline -0.005 -15"><span class='ocrx_word' id='word_1_135' title='bbox 25 1747 107 1798; x_wconf 85' lang='lat' dir='ltr'><strong>ipsa</strong></span> <span class='ocrx_word' id='word_1_136' title='bbox 150 1745 305 1797; x_wconf 85' lang='lat' dir='ltr'><strong>adgesta</strong></span> <span class='ocrx_word' id='word_1_137' title='bbox 343 1747 517 1782; x_wconf 88' lang='lat' dir='ltr'><strong>locorum</strong></span> <span class='ocrx_word' id='word_1_138' title='bbox 567 1746 682 1782; x_wconf 89' lang='lat' dir='ltr'><strong>situm</strong></span> 
     </span>
     <span class='ocr_line' id='line_1_28' title="bbox 25 1801 682 1853; baseline -0.005 -13"><span class='ocrx_word' id='word_1_139' title='bbox 25 1801 203 1840; x_wconf 86' lang='lat' dir='ltr'><strong>nonnihil</strong></span> <span class='ocrx_word' id='word_1_140' title='bbox 230 1809 421 1839; x_wconf 87' lang='lat' dir='ltr'><strong>mutatum</strong></span> <span class='ocrx_word' id='word_1_141' title='bbox 447 1809 560 1853; x_wconf 88' lang='lat' dir='ltr'><strong>atque</strong></span> <span class='ocrx_word' id='word_1_142' title='bbox 579 1801 682 1838; x_wconf 78' lang='lat' dir='ltr'><strong>viam</strong></span> 
     </span>
     <span class='ocr_line' id='line_1_29' title="bbox 27 1856 679 1896; baseline 0 0"><span class='ocrx_word' id='word_1_143' title='bbox 27 1860 203 1896; x_wconf 87' lang='lat' dir='ltr'><strong>latiorem</strong></span> <span class='ocrx_word' id='word_1_144' title='bbox 243 1859 384 1896; x_wconf 86' lang='lat' dir='ltr'><strong>factam</strong></span> <span class='ocrx_word' id='word_1_145' title='bbox 420 1872 498 1895; x_wconf 88' lang='lat' dir='ltr'><strong>esse</strong></span> <span class='ocrx_word' id='word_1_146' title='bbox 523 1856 679 1896; x_wconf 89' lang='lat' dir='ltr'><strong>addunt.</strong></span> 
     </span>
     <span class='ocr_line' id='line_1_30' title="bbox 27 1913 683 1952; baseline -0.002 -1"><span class='ocrx_word' id='word_1_147' title='bbox 27 1916 116 1952; x_wconf 90' lang='lat' dir='ltr'><strong>Uno</strong></span> <span class='ocrx_word' id='word_1_148' title='bbox 147 1922 277 1952; x_wconf 89' lang='lat' dir='ltr'><strong>tamen</strong></span> <span class='ocrx_word' id='word_1_149' title='bbox 306 1916 391 1952; x_wconf 92' lang='lat' dir='ltr'><strong>loco</strong></span> <span class='ocrx_word' id='word_1_150' title='bbox 420 1913 544 1951; x_wconf 89' lang='lat' dir='ltr'><strong>adhuc</strong></span> <span class='ocrx_word' id='word_1_151' title='bbox 581 1915 683 1952; x_wconf 82' lang='lat' dir='ltr'><strong>viam</strong></span> 
     </span>
     <span class='ocr_line' id='line_1_31' title="bbox 28 1977 684 2022; baseline -0.002 -15"><span class='ocrx_word' id='word_1_152' title='bbox 28 1977 108 2008; x_wconf 84' lang='lat' dir='ltr'><strong>tam</strong></span> <span class='ocrx_word' id='word_1_153' title='bbox 122 1978 320 2022; x_wconf 82' lang='lat' dir='ltr'><strong>angustam</strong></span> <span class='ocrx_word' id='word_1_154' title='bbox 334 1985 412 2008; x_wconf 87' lang='lat' dir='ltr'><strong>esse</strong></span> <span class='ocrx_word' id='word_1_155' title='bbox 432 1977 611 2018; x_wconf 86' lang='lat' dir='ltr'><strong>asserunt,</strong></span> <span class='ocrx_word' id='word_1_156' title='bbox 622 1984 684 2008; x_wconf 90' lang='lat' dir='ltr'><strong>sa-</strong></span> 
     </span>
     <span class='ocr_line' id='line_1_32' title="bbox 28 2026 685 2079; baseline 0.002 -15"><span class='ocrx_word' id='word_1_157' title='bbox 28 2029 86 2064; x_wconf 83' lang='lat' dir='ltr'><strong>xis</strong></span> <span class='ocrx_word' id='word_1_158' title='bbox 98 2029 309 2079; x_wconf 85' lang='lat' dir='ltr'><strong>praeruptis</strong></span> <span class='ocrx_word' id='word_1_159' title='bbox 319 2028 365 2064; x_wconf 89' lang='lat' dir='ltr'><strong>ab</strong></span> <span class='ocrx_word' id='word_1_160' title='bbox 376 2041 464 2076; x_wconf 89' lang='lat' dir='ltr'><strong>una,</strong></span> <span class='ocrx_word' id='word_1_161' title='bbox 484 2026 685 2078; x_wconf 88' lang='lat' dir='ltr'><strong>paludibus</strong></span> 
     </span>
     <span class='ocr_line' id='line_1_33' title="bbox 29 2084 686 2135; baseline 0 -15"><span class='ocrx_word' id='word_1_162' title='bbox 29 2085 228 2121; x_wconf 79' lang='lat' dir='ltr'><strong>inaccessis</strong></span> <span class='ocrx_word' id='word_1_163' title='bbox 256 2085 303 2121; x_wconf 89' lang='lat' dir='ltr'><strong>ab</strong></span> <span class='ocrx_word' id='word_1_164' title='bbox 325 2086 441 2121; x_wconf 87' lang='lat' dir='ltr'><strong>altera</strong></span> <span class='ocrx_word' id='word_1_165' title='bbox 466 2091 572 2135; x_wconf 87' lang='lat' dir='ltr'><strong>parte</strong></span> <span class='ocrx_word' id='word_1_166' title='bbox 602 2084 686 2121; x_wconf 91' lang='lat' dir='ltr'><strong>cin-</strong></span> 
     </span>
     <span class='ocr_line' id='line_1_34' title="bbox 29 2141 686 2193; baseline -0.002 -16"><span class='ocrx_word' id='word_1_167' title='bbox 29 2147 142 2188; x_wconf 85' lang='lat' dir='ltr'><strong>ctam,</strong></span> <span class='ocrx_word' id='word_1_168' title='bbox 164 2148 206 2178; x_wconf 86' lang='lat' dir='ltr'><strong>ut</strong></span> <span class='ocrx_word' id='word_1_169' title='bbox 225 2142 291 2178; x_wconf 85' lang='lat' dir='ltr'><strong>vix</strong></span> <span class='ocrx_word' id='word_1_170' title='bbox 312 2141 387 2178; x_wconf 91' lang='lat' dir='ltr'><strong>duo</strong></span> <span class='ocrx_word' id='word_1_171' title='bbox 409 2142 552 2193; x_wconf 82' lang='lat' dir='ltr'><strong>equites</strong></span> <span class='ocrx_word' id='word_1_172' title='bbox 573 2141 686 2177; x_wconf 88' lang='lat' dir='ltr'><strong>simul</strong></span> 
     </span>
     <span class='ocr_line' id='line_1_35' title="bbox 29 2197 686 2248; baseline 0 -15"><span class='ocrx_word' id='word_1_173' title='bbox 29 2198 188 2234; x_wconf 88' lang='lat' dir='ltr'><strong>transire</strong></span> <span class='ocrx_word' id='word_1_174' title='bbox 225 2198 382 2248; x_wconf 82' lang='lat' dir='ltr'><strong>possint.</strong></span> <span class='ocrx_word' id='word_1_175' title='bbox 448 2197 534 2236; x_wconf 81' lang='lat' dir='ltr'><strong>vid.</strong></span> <span class='ocrx_word' id='word_1_176' title='bbox 564 2199 686 2234; x_wconf 89' lang='lat' dir='ltr'><strong>Kruse</strong></span> 
     </span>
     <span class='ocr_line' id='line_1_36' title="bbox 30 2254 688 2306; baseline 0 -16"><span class='ocrx_word' id='word_1_177' title='bbox 30 2254 159 2290; x_wconf 83' lang='lat' dir='ltr'><strong>Hellas</strong></span> <span class='ocrx_word' id='word_1_178' title='bbox 178 2255 225 2302; x_wconf 79' lang='grc' dir='ltr'><strong>Π,</strong></span> <span class='ocrx_word' id='word_1_179' title='bbox 256 2257 283 2295; x_wconf 79' lang='lat'><strong>2</strong></span> <span class='ocrx_word' id='word_1_180' title='bbox 302 2268 341 2306; x_wconf 90' lang='lat' dir='ltr'><strong>p.</strong></span> <span class='ocrx_word' id='word_1_181' title='bbox 367 2256 444 2295; x_wconf 75' lang='lat'><strong>129</strong></span> <span class='ocrx_word' id='word_1_182' title='bbox 469 2267 550 2306; x_wconf 85' lang='lat' dir='ltr'><strong>seq.</strong></span> <span class='ocrx_word' id='word_1_183' title='bbox 579 2255 688 2292; x_wconf 87' lang='lat' dir='ltr'><strong>Vau-</strong></span> 
     </span>
     <span class='ocr_line' id='line_1_37' title="bbox 32 2308 687 2363; baseline 0 -16"><span class='ocrx_word' id='word_1_184' title='bbox 32 2308 232 2362; x_wconf 79' lang='lat' dir='ltr'><strong>doncourt.</strong></span> <span class='ocrx_word' id='word_1_185' title='bbox 252 2311 318 2348; x_wconf 90' lang='lat' dir='ltr'><strong>1.l.</strong></span> <span class='ocrx_word' id='word_1_186' title='bbox 338 2325 376 2362; x_wconf 88' lang='lat' dir='ltr'><strong>p.</strong></span> <span class='ocrx_word' id='word_1_187' title='bbox 389 2314 470 2353; x_wconf 79' lang='lat'><strong>280</strong></span> <span class='ocrx_word' id='word_1_188' title='bbox 491 2324 571 2363; x_wconf 86' lang='lat' dir='ltr'><strong>seq.</strong></span> <span class='ocrx_word' id='word_1_189' title='bbox 596 2311 687 2347; x_wconf 81' lang='lat' dir='ltr'><strong>Mil-</strong></span> 
     </span>
     <span class='ocr_line' id='line_1_38' title="bbox 33 2352 686 2405; baseline 0.003 -3"><span class='ocrx_word' id='word_1_190' title='bbox 33 2366 125 2403; x_wconf 87' lang='lat' dir='ltr'><strong>liare</strong></span> <span class='ocrx_word' id='word_1_191' title='bbox 158 2352 281 2402; x_wconf 59' lang='lat' dir='ltr'><strong>unffi</strong></span> <span class='ocrx_word' id='word_1_192' title='bbox 309 2380 412 2404; x_wconf 89' lang='lat' dir='ltr'><strong>nunc</strong></span> <span class='ocrx_word' id='word_1_193' title='bbox 433 2381 538 2405; x_wconf 88' lang='lat' dir='ltr'><strong>mare</strong></span> <span class='ocrx_word' id='word_1_194' title='bbox 558 2380 580 2404; x_wconf 91' lang='lat' dir='ltr'><strong>a</strong></span> <span class='ocrx_word' id='word_1_195' title='bbox 599 2368 686 2404; x_wconf 78' lang='lat' dir='ltr'><strong>fau-</strong></span> 
     </span>
    </p>
   </div>
   <div class='ocr_carea' id='block_1_6' title="bbox 34 2421 695 2814">
    <p class='ocr_par' dir='ltr' id='par_1_6' title="bbox 34 2421 685 2529">
     <span class='ocr_line' id='line_1_39' title="bbox 35 2421 685 2462; baseline 0.005 -3"><span class='ocrx_word' id='word_1_196' title='bbox 35 2423 141 2459; x_wconf 86' lang='lat' dir='ltr'><strong>cibus</strong></span> <span class='ocrx_word' id='word_1_197' title='bbox 179 2421 314 2459; x_wconf 85' lang='lat' dir='ltr'><strong>distare</strong></span> <span class='ocrx_word' id='word_1_198' title='bbox 343 2425 470 2462; x_wconf 85' lang='lat' dir='ltr'><strong>scribit</strong></span> <span class='ocrx_word' id='word_1_199' title='bbox 496 2423 685 2462; x_wconf 87' lang='lat' dir='ltr'><strong>Dodwell.</strong></span> 
     </span>
     <span class='ocr_line' id='line_1_40' title="bbox 34 2479 283 2529; baseline 0.012 -13"><span class='ocrx_word' id='word_1_200' title='bbox 34 2479 166 2529; x_wconf 83' lang='lat' dir='ltr'><strong>1.1.p.</strong></span> <span class='ocrx_word' id='word_1_201' title='bbox 192 2480 283 2519; x_wconf 84' lang='lat'><strong>139.</strong></span> 
     </span>
    </p>

    <p class='ocr_par' dir='ltr' id='par_1_7' title="bbox 36 2531 695 2814">
     <span class='ocr_line' id='line_1_41' title="bbox 91 2531 687 2588; baseline 0.002 -14"><span class='ocrx_word' id='word_1_202' title='bbox 91 2531 226 2587; x_wconf 78' lang='grc' dir='ltr'><em>θερμὰ</em></span> <span class='ocrx_word' id='word_1_203' title='bbox 243 2531 399 2586; x_wconf 76' lang='grc' dir='ltr'><em>λουτροῖ,</em></span> <span class='ocrx_word' id='word_1_204' title='bbox 433 2534 479 2574; x_wconf 74' lang='grc' dir='ltr'><strong>τοὶ</strong></span> <span class='ocrx_word' id='word_1_205' title='bbox 506 2531 687 2588; x_wconf 80' lang='grc' dir='ltr'><em>Χύτρους</em></span> 
     </span>
     <span class='ocr_line' id='line_1_42' title="bbox 36 2588 689 2642; baseline -0.005 -11"><span class='ocrx_word' id='word_1_206' title='bbox 36 2589 222 2632; x_wconf 79' lang='grc' dir='ltr'><em>καλέουσι</em></span> <span class='ocrx_word' id='word_1_207' title='bbox 257 2590 298 2630; x_wconf 86' lang='grc' dir='ltr'><strong>οἱ</strong></span> <span class='ocrx_word' id='word_1_208' title='bbox 325 2588 556 2642; x_wconf 70' lang='grc' dir='ltr'><em>ἐπιχώριοι]</em></span> <span class='ocrx_word' id='word_1_209' title='bbox 608 2594 689 2628; x_wconf 88' lang='lat' dir='ltr'><strong>Eu-</strong></span> 
     </span>
     <span class='ocr_line' id='line_1_43' title="bbox 37 2646 693 2699; baseline -0.002 -14"><span class='ocrx_word' id='word_1_210' title='bbox 37 2647 151 2688; x_wconf 85' lang='lat' dir='ltr'><strong>stath.</strong></span> <span class='ocrx_word' id='word_1_211' title='bbox 165 2647 214 2685; x_wconf 86' lang='lat' dir='ltr'><strong>ad</strong></span> <span class='ocrx_word' id='word_1_212' title='bbox 233 2649 389 2699; x_wconf 84' lang='lat' dir='ltr'><strong>Dionys.</strong></span> <span class='ocrx_word' id='word_1_213' title='bbox 406 2647 487 2688; x_wconf 80' lang='lat'><strong>437</strong></span> <span class='ocrx_word' id='word_1_214' title='bbox 514 2646 609 2684; x_wconf 89' lang='lat' dir='ltr'><strong>haec</strong></span> <span class='ocrx_word' id='word_1_215' title='bbox 636 2649 693 2685; x_wconf 89' lang='lat' dir='ltr'><strong>ci-</strong></span> 
     </span>
     <span class='ocr_line' id='line_1_44' title="bbox 37 2700 692 2755; baseline -0.002 -14"><span class='ocrx_word' id='word_1_216' title='bbox 37 2711 123 2742; x_wconf 81' lang='lat' dir='ltr'><strong>tans</strong></span> <span class='ocrx_word' id='word_1_217' title='bbox 149 2704 258 2741; x_wconf 83' lang='lat' dir='ltr'><strong>affert</strong></span> <span class='ocrx_word' id='word_1_218' title='bbox 302 2700 482 2755; x_wconf 79' lang='grc' dir='ltr'><em>Χύτρας;</em></span> <span class='ocrx_word' id='word_1_219' title='bbox 530 2705 692 2741; x_wconf 81' lang='lat' dir='ltr'><strong>Pausan.</strong></span> 
     </span>
     <span class='ocr_line' id='line_1_45' title="bbox 36 2756 695 2814; baseline -0.011 -10"><span class='ocrx_word' id='word_1_220' title='bbox 36 2762 101 2811; x_wconf 84' lang='lat' dir='ltr'><strong>IV,</strong></span> <span class='ocrx_word' id='word_1_221' title='bbox 124 2761 177 2803; x_wconf 79' lang='lat'><strong>35</strong></span> <span class='ocrx_word' id='word_1_222' title='bbox 198 2763 236 2808; x_wconf 82' lang='lat'><strong>§.</strong></span> <span class='ocrx_word' id='word_1_223' title='bbox 268 2762 309 2802; x_wconf 80' lang='lat'><strong>6·</strong></span> <span class='ocrx_word' id='word_1_224' title='bbox 335 2756 517 2814; x_wconf 79' lang='grc' dir='ltr'><em>Χύτρους</em></span> <span class='ocrx_word' id='word_1_225' title='bbox 536 2760 560 2799; x_wconf 89' lang='lat' dir='ltr'><strong>i.</strong></span> <span class='ocrx_word' id='word_1_226' title='bbox 582 2774 617 2797; x_wconf 87' lang='lat' dir='ltr'><strong>e.</strong></span> <span class='ocrx_word' id='word_1_227' title='bbox 641 2760 695 2798; x_wconf 80' lang='lat' dir='ltr'><strong>le-</strong></span> 
     </span>
    </p>
   </div>
   <div class='ocr_carea' id='block_1_7' title="bbox 732 721 1194 774">
    <p class='ocr_par' dir='ltr' id='par_1_8' title="bbox 732 721 1194 774">
     <span class='ocr_line' id='line_1_46' title="bbox 732 721 1194 774; baseline -0.011 -10"><span class='ocrx_word' id='word_1_228' title='bbox 732 727 841 774; x_wconf 82' lang='lat' dir='ltr'><strong>betes,</strong></span> <span class='ocrx_word' id='word_1_229' title='bbox 896 724 986 762; x_wconf 82' lang='lat' dir='ltr'><strong>ollas</strong></span> <span class='ocrx_word' id='word_1_230' title='bbox 996 753 1007 772; x_wconf 91' lang='lat'>‚</span> <span class='ocrx_word' id='word_1_231' title='bbox 1060 721 1194 761; x_wconf 76' lang='lat' dir='ltr'><strong>Kessel.</strong></span> 
     </span>
    </p>
   </div>
   <div class='ocr_carea' id='block_1_8' title="bbox 731 779 1394 1781">
    <p class='ocr_par' dir='ltr' id='par_1_9' title="bbox 731 779 1394 1781">
     <span class='ocr_line' id='line_1_47' title="bbox 732 779 1386 831; baseline -0.003 -12"><span class='ocrx_word' id='word_1_232' title='bbox 732 781 845 820; x_wconf 87' lang='lat' dir='ltr'><strong>hasce</strong></span> <span class='ocrx_word' id='word_1_233' title='bbox 875 781 1013 819; x_wconf 82' lang='lat' dir='ltr'><strong>calidas</strong></span> <span class='ocrx_word' id='word_1_234' title='bbox 1059 787 1208 831; x_wconf 86' lang='lat' dir='ltr'><strong>praeter</strong></span> <span class='ocrx_word' id='word_1_235' title='bbox 1249 779 1386 817; x_wconf 78' lang='lat' dir='ltr'><strong>Catull-</strong></span> 
     </span>
     <span class='ocr_line' id='line_1_48' title="bbox 731 836 1389 888; baseline -0.008 -12"><span class='ocrx_word' id='word_1_236' title='bbox 731 840 866 886; x_wconf 88' lang='lat' dir='ltr'><strong>LXVI,</strong></span> <span class='ocrx_word' id='word_1_237' title='bbox 899 838 952 879; x_wconf 81' lang='grc'><strong>54</strong></span> <span class='ocrx_word' id='word_1_238' title='bbox 996 844 1032 874; x_wconf 90' lang='lat' dir='ltr'><strong>et</strong></span> <span class='ocrx_word' id='word_1_239' title='bbox 1068 836 1250 888; x_wconf 86' lang='lat' dir='ltr'><strong>Sophocl.</strong></span> <span class='ocrx_word' id='word_1_240' title='bbox 1285 837 1389 872; x_wconf 84' lang='lat' dir='ltr'><strong>Tra-</strong></span> 
     </span>
     <span class='ocr_line' id='line_1_49' title="bbox 732 893 1390 944; baseline -0.008 -11"><span class='ocrx_word' id='word_1_241' title='bbox 732 895 833 933; x_wconf 87' lang='lat' dir='ltr'><strong>chin.</strong></span> <span class='ocrx_word' id='word_1_242' title='bbox 862 897 942 936; x_wconf 82' lang='lat'><strong>602</strong></span> <span class='ocrx_word' id='word_1_243' title='bbox 967 893 1081 931; x_wconf 89' lang='lat' dir='ltr'><strong>Both.</strong></span> <span class='ocrx_word' id='word_1_244' title='bbox 1101 893 1271 930; x_wconf 86' lang='lat' dir='ltr'><strong>indicant</strong></span> <span class='ocrx_word' id='word_1_245' title='bbox 1291 905 1390 944; x_wconf 90' lang='lat' dir='ltr'><strong>quo-</strong></span> 
     </span>
     <span class='ocr_line' id='line_1_50' title="bbox 734 950 1390 1005; baseline -0.005 -16"><span class='ocrx_word' id='word_1_246' title='bbox 734 966 808 1005; x_wconf 89' lang='lat' dir='ltr'><strong>que</strong></span> <span class='ocrx_word' id='word_1_247' title='bbox 827 952 957 989; x_wconf 86' lang='lat' dir='ltr'><strong>Livius</strong></span> <span class='ocrx_word' id='word_1_248' title='bbox 984 958 1020 988; x_wconf 91' lang='lat' dir='ltr'><strong>et</strong></span> <span class='ocrx_word' id='word_1_249' title='bbox 1042 951 1178 988; x_wconf 89' lang='lat' dir='ltr'><strong>Strabo</strong></span> <span class='ocrx_word' id='word_1_250' title='bbox 1198 951 1224 988; x_wconf 91' lang='lat' dir='ltr'><strong>l.</strong></span> <span class='ocrx_word' id='word_1_251' title='bbox 1245 950 1270 986; x_wconf 93' lang='lat' dir='ltr'><strong>l.</strong></span> <span class='ocrx_word' id='word_1_252' title='bbox 1291 951 1390 986; x_wconf 89' lang='lat' dir='ltr'><strong>Pro-</strong></span> 
     </span>
     <span class='ocr_line' id='line_1_51' title="bbox 735 1005 1390 1058; baseline -0.005 -13"><span class='ocrx_word' id='word_1_253' title='bbox 735 1011 864 1046; x_wconf 87' lang='lat' dir='ltr'><strong>siliunt</strong></span> <span class='ocrx_word' id='word_1_254' title='bbox 902 1009 963 1045; x_wconf 89' lang='lat' dir='ltr'><strong>isti</strong></span> <span class='ocrx_word' id='word_1_255' title='bbox 1000 1008 1124 1046; x_wconf 89' lang='lat' dir='ltr'><strong>fontes</strong></span> <span class='ocrx_word' id='word_1_256' title='bbox 1154 1008 1313 1058; x_wconf 89' lang='lat' dir='ltr'><strong>paulum</strong></span> <span class='ocrx_word' id='word_1_257' title='bbox 1341 1005 1390 1043; x_wconf 86' lang='lat' dir='ltr'><strong>ad</strong></span> 
     </span>
     <span class='ocr_line' id='line_1_52' title="bbox 734 1064 1389 1111; baseline -0.005 -8"><span class='ocrx_word' id='word_1_258' title='bbox 734 1067 925 1103; x_wconf 86' lang='lat' dir='ltr'><strong>sinistram</strong></span> <span class='ocrx_word' id='word_1_259' title='bbox 962 1066 1101 1101; x_wconf 84' lang='lat' dir='ltr'><strong>remoti</strong></span> <span class='ocrx_word' id='word_1_260' title='bbox 1138 1065 1185 1101; x_wconf 90' lang='lat' dir='ltr'><strong>ab</strong></span> <span class='ocrx_word' id='word_1_261' title='bbox 1216 1077 1261 1101; x_wconf 90' lang='lat' dir='ltr'><strong>eo</strong></span> <span class='ocrx_word' id='word_1_262' title='bbox 1289 1064 1389 1111; x_wconf 87' lang='lat' dir='ltr'><strong>loco,</strong></span> 
     </span>
     <span class='ocr_line' id='line_1_53' title="bbox 733 1120 1391 1172; baseline -0.003 -14"><span class='ocrx_word' id='word_1_263' title='bbox 733 1123 797 1159; x_wconf 89' lang='lat' dir='ltr'><strong>ubi</strong></span> <span class='ocrx_word' id='word_1_264' title='bbox 821 1124 857 1159; x_wconf 92' lang='lat' dir='ltr'>T</span> <span class='ocrx_word' id='word_1_265' title='bbox 861 1134 1040 1158; x_wconf 90' lang='lat' dir='ltr'><strong>urcorum</strong></span> <span class='ocrx_word' id='word_1_266' title='bbox 1061 1121 1298 1172; x_wconf 86' lang='lat' dir='ltr'><strong>portorium,</strong></span> <span class='ocrx_word' id='word_1_267' title='bbox 1328 1120 1391 1156; x_wconf 84' lang='lat' dir='ltr'><strong>cui</strong></span> 
     </span>
     <span class='ocr_line' id='line_1_54' title="bbox 734 1176 1390 1225; baseline -0.002 -11"><span class='ocrx_word' id='word_1_268' title='bbox 734 1191 835 1214; x_wconf 91' lang='lat' dir='ltr'><strong>nunc</strong></span> <span class='ocrx_word' id='word_1_269' title='bbox 863 1191 1006 1214; x_wconf 86' lang='lat' dir='ltr'><strong>nomen</strong></span> <span class='ocrx_word' id='word_1_270' title='bbox 1026 1178 1192 1214; x_wconf 87' lang='lat' dir='ltr'><strong>Derveni</strong></span> <span class='ocrx_word' id='word_1_271' title='bbox 1209 1207 1218 1225; x_wconf 90' lang='lat'><strong>,</strong></span> <span class='ocrx_word' id='word_1_272' title='bbox 1252 1176 1390 1214; x_wconf 89' lang='lat' dir='ltr'><strong>admo-</strong></span> 
     </span>
     <span class='ocr_line' id='line_1_55' title="bbox 735 1232 1391 1285; baseline -0.002 -14"><span class='ocrx_word' id='word_1_273' title='bbox 735 1233 828 1272; x_wconf 88' lang='lat' dir='ltr'><strong>dum</strong></span> <span class='ocrx_word' id='word_1_274' title='bbox 848 1235 939 1271; x_wconf 91' lang='lat' dir='ltr'><strong>clari</strong></span> <span class='ocrx_word' id='word_1_275' title='bbox 961 1241 997 1271; x_wconf 88' lang='lat' dir='ltr'><strong>et</strong></span> <span class='ocrx_word' id='word_1_276' title='bbox 1027 1232 1243 1285; x_wconf 80' lang='lat' dir='ltr'><strong>sulphurei,</strong></span> <span class='ocrx_word' id='word_1_277' title='bbox 1277 1232 1391 1271; x_wconf 85' lang='lat' dir='ltr'><strong>calidi</strong></span> 
     </span>
     <span class='ocr_line' id='line_1_56' title="bbox 734 1290 1390 1343; baseline -0.002 -15"><span class='ocrx_word' id='word_1_278' title='bbox 734 1305 854 1343; x_wconf 89' lang='lat' dir='ltr'><strong>usque</strong></span> <span class='ocrx_word' id='word_1_279' title='bbox 875 1290 923 1327; x_wconf 89' lang='lat' dir='ltr'><strong>ad</strong></span> <span class='ocrx_word' id='word_1_280' title='bbox 944 1297 1100 1328; x_wconf 87' lang='lat' dir='ltr'><strong>centum</strong></span> <span class='ocrx_word' id='word_1_281' title='bbox 1115 1297 1289 1342; x_wconf 89' lang='lat' dir='ltr'><strong>quatuor,</strong></span> <span class='ocrx_word' id='word_1_282' title='bbox 1304 1304 1335 1327; x_wconf 88' lang='lat' dir='ltr'><strong>s.</strong></span> <span class='ocrx_word' id='word_1_283' title='bbox 1346 1296 1390 1327; x_wconf 84' lang='lat' dir='ltr'><strong>ut</strong></span> 
     </span>
     <span class='ocr_line' id='line_1_57' title="bbox 735 1346 1391 1399; baseline 0 -15"><span class='ocrx_word' id='word_1_284' title='bbox 735 1349 798 1384; x_wconf 91' lang='lat' dir='ltr'><strong>alii</strong></span> <span class='ocrx_word' id='word_1_285' title='bbox 817 1346 991 1395; x_wconf 87' lang='lat' dir='ltr'><strong>tradunt,</strong></span> <span class='ocrx_word' id='word_1_286' title='bbox 1012 1361 1133 1399; x_wconf 91' lang='lat' dir='ltr'><strong>usque</strong></span> <span class='ocrx_word' id='word_1_287' title='bbox 1158 1346 1206 1383; x_wconf 84' lang='lat' dir='ltr'><strong>ad</strong></span> <span class='ocrx_word' id='word_1_288' title='bbox 1235 1354 1391 1384; x_wconf 86' lang='lat' dir='ltr'><strong>centum</strong></span> 
     </span>
     <span class='ocr_line' id='line_1_58' title="bbox 734 1402 1391 1454; baseline 0 -14"><span class='ocrx_word' id='word_1_289' title='bbox 734 1403 916 1441; x_wconf 88' lang='lat' dir='ltr'><strong>undecim</strong></span> <span class='ocrx_word' id='word_1_290' title='bbox 961 1403 1101 1454; x_wconf 85' lang='lat' dir='ltr'><strong>gradus</strong></span> <span class='ocrx_word' id='word_1_291' title='bbox 1148 1402 1391 1440; x_wconf 86' lang='lat' dir='ltr'><strong>Fahrenheit.</strong></span> 
     </span>
     <span class='ocr_line' id='line_1_59' title="bbox 734 1461 1391 1511; baseline -0.002 -14"><span class='ocrx_word' id='word_1_292' title='bbox 734 1462 851 1498; x_wconf 87' lang='lat' dir='ltr'><strong>Plura</strong></span> <span class='ocrx_word' id='word_1_293' title='bbox 882 1462 1003 1497; x_wconf 88' lang='lat' dir='ltr'><strong>Kruse</strong></span> <span class='ocrx_word' id='word_1_294' title='bbox 1033 1461 1059 1497; x_wconf 94' lang='lat' dir='ltr'><strong>l.</strong></span> <span class='ocrx_word' id='word_1_295' title='bbox 1090 1461 1114 1497; x_wconf 89' lang='lat' dir='ltr'><strong>l.</strong></span> <span class='ocrx_word' id='word_1_296' title='bbox 1141 1473 1229 1511; x_wconf 85' lang='lat' dir='ltr'><strong>pag.</strong></span> <span class='ocrx_word' id='word_1_297' title='bbox 1253 1462 1333 1500; x_wconf 82' lang='lat'><strong>130</strong></span> <span class='ocrx_word' id='word_1_298' title='bbox 1353 1466 1391 1497; x_wconf 87' lang='lat' dir='ltr'><strong>et</strong></span> 
     </span>
     <span class='ocr_line' id='line_1_60' title="bbox 736 1516 1392 1568; baseline 0 -14"><span class='ocrx_word' id='word_1_299' title='bbox 736 1516 1009 1554; x_wconf 86' lang='lat' dir='ltr'><strong>Vaudoncourt</strong></span> <span class='ocrx_word' id='word_1_300' title='bbox 1037 1518 1063 1553; x_wconf 97' lang='lat' dir='ltr'><strong>l.</strong></span> <span class='ocrx_word' id='word_1_301' title='bbox 1084 1517 1107 1555; x_wconf 92' lang='lat' dir='ltr'><strong>l.</strong></span> <span class='ocrx_word' id='word_1_302' title='bbox 1133 1530 1173 1567; x_wconf 88' lang='lat' dir='ltr'><strong>p.</strong></span> <span class='ocrx_word' id='word_1_303' title='bbox 1203 1518 1282 1557; x_wconf 83' lang='lat'><strong>281</strong></span> <span class='ocrx_word' id='word_1_304' title='bbox 1310 1529 1392 1568; x_wconf 86' lang='lat' dir='ltr'><strong>seq.</strong></span> 
     </span>
     <span class='ocr_line' id='line_1_61' title="bbox 736 1571 1393 1610; baseline 0 0"><span class='ocrx_word' id='word_1_305' title='bbox 736 1575 807 1610; x_wconf 89' lang='lat' dir='ltr'><strong>Hic</strong></span> <span class='ocrx_word' id='word_1_306' title='bbox 847 1575 939 1610; x_wconf 90' lang='lat' dir='ltr'><strong>olim</strong></span> <span class='ocrx_word' id='word_1_307' title='bbox 968 1574 1008 1609; x_wconf 86' lang='lat' dir='ltr'><strong>in</strong></span> <span class='ocrx_word' id='word_1_308' title='bbox 1045 1571 1321 1610; x_wconf 84' lang='lat' dir='ltr'><strong>Thessalorum</strong></span> <span class='ocrx_word' id='word_1_309' title='bbox 1355 1579 1393 1610; x_wconf 90' lang='lat' dir='ltr'><strong>et</strong></span> 
     </span>
     <span class='ocr_line' id='line_1_62' title="bbox 736 1630 1393 1681; baseline 0 -15"><span class='ocrx_word' id='word_1_310' title='bbox 736 1631 978 1667; x_wconf 84' lang='lat' dir='ltr'><strong>Meliensium</strong></span> <span class='ocrx_word' id='word_1_311' title='bbox 997 1630 1159 1681; x_wconf 83' lang='lat' dir='ltr'><strong>gratiam</strong></span> <span class='ocrx_word' id='word_1_312' title='bbox 1180 1630 1291 1667; x_wconf 87' lang='lat' dir='ltr'><strong>cellas</strong></span> <span class='ocrx_word' id='word_1_313' title='bbox 1325 1642 1393 1666; x_wconf 88' lang='lat' dir='ltr'><strong>ae-</strong></span> 
     </span>
     <span class='ocr_line' id='line_1_63' title="bbox 736 1685 1392 1738; baseline -0.002 -14"><span class='ocrx_word' id='word_1_314' title='bbox 736 1688 973 1738; x_wconf 84' lang='lat' dir='ltr'><strong>grotantibus</strong></span> <span class='ocrx_word' id='word_1_315' title='bbox 1022 1685 1246 1723; x_wconf 86' lang='lat' dir='ltr'><strong>commodas</strong></span> <span class='ocrx_word' id='word_1_316' title='bbox 1297 1699 1392 1723; x_wconf 92' lang='lat' dir='ltr'><strong>con-</strong></span> 
     </span>
     <span class='ocr_line' id='line_1_64' title="bbox 736 1742 1394 1781; baseline -0.003 0"><span class='ocrx_word' id='word_1_317' title='bbox 736 1745 828 1781; x_wconf 85' lang='lat' dir='ltr'><strong>strui</strong></span> <span class='ocrx_word' id='word_1_318' title='bbox 848 1756 995 1781; x_wconf 87' lang='lat' dir='ltr'><strong>curasse</strong></span> <span class='ocrx_word' id='word_1_319' title='bbox 1008 1742 1203 1780; x_wconf 84' lang='lat' dir='ltr'><strong>Herodem</strong></span> <span class='ocrx_word' id='word_1_320' title='bbox 1221 1743 1394 1780; x_wconf 87' lang='lat' dir='ltr'><strong>Atticum</strong></span> 
     </span>
    </p>
   </div>
   <div class='ocr_carea' id='block_1_9' title="bbox 1254 721 1385 774">
    <p class='ocr_par' dir='ltr' id='par_1_10' title="bbox 1254 721 1385 774">
     <span class='ocr_line' id='line_1_65' title="bbox 1254 721 1385 774; baseline 0.015 -16"><span class='ocrx_word' id='word_1_321' title='bbox 1254 721 1385 774; x_wconf 87' lang='lat' dir='ltr'><strong>Aquas</strong></span> 
     </span>
    </p>
   </div>
   <div class='ocr_carea' id='block_1_10' title="bbox 738 1798 1403 2813">
    <p class='ocr_par' dir='ltr' id='par_1_11' title="bbox 738 1798 1395 2190">
     <span class='ocr_line' id='line_1_66' title="bbox 739 1798 1389 1849; baseline 0 -13"><span class='ocrx_word' id='word_1_322' title='bbox 739 1814 760 1836; x_wconf 89' lang='lat' dir='ltr'><strong>e</strong></span> <span class='ocrx_word' id='word_1_323' title='bbox 779 1799 954 1837; x_wconf 89' lang='lat' dir='ltr'><strong>Philostr.</strong></span> <span class='ocrx_word' id='word_1_324' title='bbox 985 1801 1060 1836; x_wconf 89' lang='lat' dir='ltr'><strong>Vit.</strong></span> <span class='ocrx_word' id='word_1_325' title='bbox 1091 1798 1233 1838; x_wconf 86' lang='lat' dir='ltr'><strong>Herod.</strong></span> <span class='ocrx_word' id='word_1_326' title='bbox 1250 1813 1288 1849; x_wconf 91' lang='lat' dir='ltr'><strong>p.</strong></span> <span class='ocrx_word' id='word_1_327' title='bbox 1310 1799 1389 1840; x_wconf 88' lang='lat'><strong>551</strong></span> 
     </span>
     <span class='ocr_line' id='line_1_67' title="bbox 738 1854 1395 1906; baseline -0.002 -13"><span class='ocrx_word' id='word_1_328' title='bbox 738 1857 881 1906; x_wconf 82' lang='lat' dir='ltr'><strong>colligit</strong></span> <span class='ocrx_word' id='word_1_329' title='bbox 909 1854 1158 1895; x_wconf 85' lang='lat' dir='ltr'><strong>Valckenaer.</strong></span> <span class='ocrx_word' id='word_1_330' title='bbox 1216 1857 1296 1892; x_wconf 92' lang='lat' dir='ltr'><strong>Hos</strong></span> <span class='ocrx_word' id='word_1_331' title='bbox 1323 1868 1395 1892; x_wconf 91' lang='lat' dir='ltr'><strong>au-</strong></span> 
     </span>
     <span class='ocr_line' id='line_1_68' title="bbox 739 1913 1395 1964; baseline -0.002 -15"><span class='ocrx_word' id='word_1_332' title='bbox 739 1920 819 1950; x_wconf 86' lang='lat' dir='ltr'><strong>tem</strong></span> <span class='ocrx_word' id='word_1_333' title='bbox 839 1913 961 1950; x_wconf 88' lang='lat' dir='ltr'><strong>fontes</strong></span> <span class='ocrx_word' id='word_1_334' title='bbox 982 1919 1086 1949; x_wconf 87' lang='lat' dir='ltr'><strong>tanta</strong></span> <span class='ocrx_word' id='word_1_335' title='bbox 1120 1925 1306 1964; x_wconf 88' lang='lat' dir='ltr'><strong>aquarum</strong></span> <span class='ocrx_word' id='word_1_336' title='bbox 1326 1925 1395 1949; x_wconf 87' lang='lat' dir='ltr'><strong>co-</strong></span> 
     </span>
     <span class='ocr_line' id='line_1_69' title="bbox 739 1968 1394 2020; baseline 0.002 -15"><span class='ocrx_word' id='word_1_337' title='bbox 739 1969 802 2020; x_wconf 63' lang='lat' dir='ltr'><strong>pist</strong></span> <span class='ocrx_word' id='word_1_338' title='bbox 822 1971 1022 2020; x_wconf 88' lang='lat' dir='ltr'><strong>provenire</strong></span> <span class='ocrx_word' id='word_1_339' title='bbox 1050 1970 1178 2006; x_wconf 84' lang='lat' dir='ltr'><strong>scribit</strong></span> <span class='ocrx_word' id='word_1_340' title='bbox 1203 1968 1394 2006; x_wconf 85' lang='lat' dir='ltr'><strong>Dodwell.</strong></span> 
     </span>
     <span class='ocr_line' id='line_1_70' title="bbox 741 2025 1393 2076; baseline -0.002 -13"><span class='ocrx_word' id='word_1_341' title='bbox 741 2027 768 2063; x_wconf 91' lang='lat' dir='ltr'><strong>l.</strong></span> <span class='ocrx_word' id='word_1_342' title='bbox 789 2027 813 2065; x_wconf 89' lang='lat' dir='ltr'><strong>l.</strong></span> <span class='ocrx_word' id='word_1_343' title='bbox 836 2039 873 2076; x_wconf 92' lang='lat' dir='ltr'><strong>p.</strong></span> <span class='ocrx_word' id='word_1_344' title='bbox 899 2028 998 2072; x_wconf 83' lang='lat'><strong>139,</strong></span> <span class='ocrx_word' id='word_1_345' title='bbox 1029 2033 1072 2062; x_wconf 88' lang='lat' dir='ltr'><strong>ut</strong></span> <span class='ocrx_word' id='word_1_346' title='bbox 1101 2026 1282 2063; x_wconf 88' lang='lat' dir='ltr'><strong>continuo</strong></span> <span class='ocrx_word' id='word_1_347' title='bbox 1302 2025 1393 2062; x_wconf 89' lang='lat' dir='ltr'><strong>inde</strong></span> 
     </span>
     <span class='ocr_line' id='line_1_71' title="bbox 740 2082 1395 2133; baseline 0 -14"><span class='ocrx_word' id='word_1_348' title='bbox 740 2083 867 2133; x_wconf 85' lang='lat' dir='ltr'><strong>plures</strong></span> <span class='ocrx_word' id='word_1_349' title='bbox 887 2082 1098 2119; x_wconf 83' lang='lat' dir='ltr'><strong>efficiantur</strong></span> <span class='ocrx_word' id='word_1_350' title='bbox 1123 2083 1234 2120; x_wconf 87' lang='lat' dir='ltr'><strong>rivuli</strong></span> <span class='ocrx_word' id='word_1_351' title='bbox 1265 2096 1295 2120; x_wconf 90' lang='lat' dir='ltr'><strong>s.</strong></span> <span class='ocrx_word' id='word_1_352' title='bbox 1312 2089 1395 2120; x_wconf 87' lang='lat' dir='ltr'><strong>tor-</strong></span> 
     </span>
     <span class='ocr_line' id='line_1_72' title="bbox 742 2138 1395 2190; baseline 0 -14"><span class='ocrx_word' id='word_1_353' title='bbox 742 2146 878 2187; x_wconf 83' lang='lat' dir='ltr'><strong>rentes,</strong></span> <span class='ocrx_word' id='word_1_354' title='bbox 912 2139 977 2190; x_wconf 90' lang='lat' dir='ltr'><strong>qui</strong></span> <span class='ocrx_word' id='word_1_355' title='bbox 1007 2138 1056 2175; x_wconf 86' lang='lat' dir='ltr'><strong>ad</strong></span> <span class='ocrx_word' id='word_1_356' title='bbox 1083 2151 1190 2175; x_wconf 89' lang='lat' dir='ltr'><strong>mare</strong></span> <span class='ocrx_word' id='word_1_357' title='bbox 1213 2138 1395 2177; x_wconf 84' lang='lat' dir='ltr'><strong>defluant.</strong></span> 
     </span>
    </p>

    <p class='ocr_par' dir='ltr' id='par_1_12' title="bbox 742 2192 1403 2813">
     <span class='ocr_line' id='line_1_73' title="bbox 799 2192 1396 2247; baseline 0.002 -13"><span class='ocrx_word' id='word_1_358' title='bbox 799 2195 865 2234; x_wconf 79' lang='grc' dir='ltr'><strong>καὶ</strong></span> <span class='ocrx_word' id='word_1_359' title='bbox 881 2192 1010 2246; x_wconf 85' lang='grc' dir='ltr'><em>βωμὸς</em></span> <span class='ocrx_word' id='word_1_360' title='bbox 1022 2194 1396 2247; x_wconf 55' lang='grc' dir='ltr'><em>ἵδρυταιΓΗρακλέος</em></span> 
     </span>
     <span class='ocr_line' id='line_1_74' title="bbox 742 2246 1392 2301; baseline -0.005 -9"><span class='ocrx_word' id='word_1_361' title='bbox 742 2247 801 2292; x_wconf 73' lang='grc' dir='ltr'><strong>ἐπ’</strong></span> <span class='ocrx_word' id='word_1_362' title='bbox 825 2246 1007 2301; x_wconf 70' lang='grc' dir='ltr'><em>αὐτοῖσι]</em></span> <span class='ocrx_word' id='word_1_363' title='bbox 1051 2252 1149 2289; x_wconf 87' lang='lat' dir='ltr'><strong>Satis</strong></span> <span class='ocrx_word' id='word_1_364' title='bbox 1168 2259 1305 2290; x_wconf 90' lang='lat' dir='ltr'><strong>notum</strong></span> <span class='ocrx_word' id='word_1_365' title='bbox 1326 2259 1392 2300; x_wconf 92' lang='lat' dir='ltr'><strong>est,</strong></span> 
     </span>
     <span class='ocr_line' id='line_1_75' title="bbox 743 2308 1396 2346; baseline 0 -1"><span class='ocrx_word' id='word_1_366' title='bbox 743 2322 874 2346; x_wconf 88' lang='lat' dir='ltr'><strong>omnes</strong></span> <span class='ocrx_word' id='word_1_367' title='bbox 913 2308 1036 2346; x_wconf 82' lang='lat' dir='ltr'><strong>fontes</strong></span> <span class='ocrx_word' id='word_1_368' title='bbox 1069 2308 1210 2346; x_wconf 83' lang='lat' dir='ltr'><strong>calidos</strong></span> <span class='ocrx_word' id='word_1_369' title='bbox 1240 2309 1396 2346; x_wconf 87' lang='lat' dir='ltr'><strong>Herculi</strong></span> 
     </span>
     <span class='ocr_line' id='line_1_76' title="bbox 743 2366 1394 2416; baseline -0.002 -13"><span class='ocrx_word' id='word_1_370' title='bbox 743 2372 981 2403; x_wconf 86' lang='lat' dir='ltr'><strong>consecratos</strong></span> <span class='ocrx_word' id='word_1_371' title='bbox 1013 2379 1091 2402; x_wconf 90' lang='lat' dir='ltr'><strong>esse</strong></span> <span class='ocrx_word' id='word_1_372' title='bbox 1127 2366 1175 2402; x_wconf 92' lang='lat' dir='ltr'><strong>ob</strong></span> <span class='ocrx_word' id='word_1_373' title='bbox 1225 2366 1394 2416; x_wconf 87' lang='lat' dir='ltr'><strong>igneam,</strong></span> 
     </span>
     <span class='ocr_line' id='line_1_77' title="bbox 742 2420 1397 2474; baseline -0.003 -14"><span class='ocrx_word' id='word_1_374' title='bbox 742 2424 889 2474; x_wconf 86' lang='lat' dir='ltr'><strong>opinor,</strong></span> <span class='ocrx_word' id='word_1_375' title='bbox 906 2435 949 2459; x_wconf 93' lang='lat' dir='ltr'><strong>ac</strong></span> <span class='ocrx_word' id='word_1_376' title='bbox 969 2422 1131 2459; x_wconf 86' lang='lat' dir='ltr'><strong>solarem</strong></span> <span class='ocrx_word' id='word_1_377' title='bbox 1139 2420 1251 2459; x_wconf 90' lang='lat' dir='ltr'><strong>huius</strong></span> <span class='ocrx_word' id='word_1_378' title='bbox 1266 2423 1397 2459; x_wconf 87' lang='lat' dir='ltr'><strong>numi-</strong></span> 
     </span>
     <span class='ocr_line' id='line_1_78' title="bbox 742 2478 1397 2518; baseline -0.003 -2"><span class='ocrx_word' id='word_1_379' title='bbox 742 2481 800 2516; x_wconf 84' lang='lat' dir='ltr'><strong>nis</strong></span> <span class='ocrx_word' id='word_1_380' title='bbox 815 2480 895 2518; x_wconf 81' lang='lat' dir='ltr'><strong>vim</strong></span> <span class='ocrx_word' id='word_1_381' title='bbox 915 2478 1131 2515; x_wconf 88' lang='lat' dir='ltr'><strong>hominibus</strong></span> <span class='ocrx_word' id='word_1_382' title='bbox 1150 2479 1397 2516; x_wconf 86' lang='lat' dir='ltr'><strong>saluberrima</strong></span> 
     </span>
     <span class='ocr_line' id='line_1_79' title="bbox 744 2533 1395 2588; baseline -0.002 -15"><span class='ocrx_word' id='word_1_383' title='bbox 744 2549 919 2588; x_wconf 89' lang='lat' dir='ltr'><strong>quaeque</strong></span> <span class='ocrx_word' id='word_1_384' title='bbox 939 2534 1277 2574; x_wconf 87' lang='lat' dir='ltr'><strong>administrantem.</strong></span> <span class='ocrx_word' id='word_1_385' title='bbox 1307 2533 1395 2572; x_wconf 88' lang='lat' dir='ltr'><strong>Vid.</strong></span> 
     </span>
     <span class='ocr_line' id='line_1_80' title="bbox 748 2589 1397 2641; baseline 0 -11"><span class='ocrx_word' id='word_1_386' title='bbox 748 2591 876 2630; x_wconf 87' lang='lat' dir='ltr'><strong>Schol.</strong></span> <span class='ocrx_word' id='word_1_387' title='bbox 889 2594 926 2628; x_wconf 90' lang='lat' dir='ltr'><strong>in</strong></span> <span class='ocrx_word' id='word_1_388' title='bbox 938 2589 1130 2641; x_wconf 88' lang='lat' dir='ltr'><strong>Aristoph.</strong></span> <span class='ocrx_word' id='word_1_389' title='bbox 1148 2591 1275 2628; x_wconf 88' lang='lat' dir='ltr'><strong>Nubb.</strong></span> <span class='ocrx_word' id='word_1_390' title='bbox 1290 2589 1397 2630; x_wconf 88' lang='lat'>1050</span> 
     </span>
     <span class='ocr_line' id='line_1_81' title="bbox 748 2646 1397 2701; baseline -0.005 -16"><span class='ocrx_word' id='word_1_391' title='bbox 748 2649 839 2701; x_wconf 87' lang='lat' dir='ltr'><strong>ibiq.</strong></span> <span class='ocrx_word' id='word_1_392' title='bbox 860 2655 955 2685; x_wconf 88' lang='lat' dir='ltr'><strong>nott.</strong></span> <span class='ocrx_word' id='word_1_393' title='bbox 987 2646 1145 2683; x_wconf 87' lang='lat' dir='ltr'><strong>Diodor.</strong></span> <span class='ocrx_word' id='word_1_394' title='bbox 1167 2648 1229 2694; x_wconf 89' lang='lat' dir='ltr'><strong>IV,</strong></span> <span class='ocrx_word' id='word_1_395' title='bbox 1252 2646 1397 2687; x_wconf 68' lang='grc' dir='ltr'><strong>231ὺί-</strong></span> 
     </span>
     <span class='ocr_line' id='line_1_82' title="bbox 749 2700 1401 2756; baseline -0.005 -14"><span class='ocrx_word' id='word_1_396' title='bbox 749 2717 825 2756; x_wconf 88' lang='lat' dir='ltr'><strong>que</strong></span> <span class='ocrx_word' id='word_1_397' title='bbox 845 2704 1073 2753; x_wconf 84' lang='lat' dir='ltr'><strong>VVesseling.</strong></span> <span class='ocrx_word' id='word_1_398' title='bbox 1095 2703 1179 2740; x_wconf 86' lang='lat' dir='ltr'><strong>coll.</strong></span> <span class='ocrx_word' id='word_1_399' title='bbox 1200 2703 1329 2740; x_wconf 83' lang='lat' dir='ltr'><strong>Walz.</strong></span> <span class='ocrx_word' id='word_1_400' title='bbox 1351 2700 1401 2739; x_wconf 85' lang='lat' dir='ltr'><strong>ad</strong></span> 
     </span>
     <span class='ocr_line' id='line_1_83' title="bbox 750 2760 1403 2813; baseline 0 -15"><span class='ocrx_word' id='word_1_401' title='bbox 750 2762 883 2800; x_wconf 87' lang='lat' dir='ltr'><strong>Arsen.</strong></span> <span class='ocrx_word' id='word_1_402' title='bbox 912 2760 1048 2798; x_wconf 79' lang='lat' dir='ltr'><strong>violet.</strong></span> <span class='ocrx_word' id='word_1_403' title='bbox 1076 2772 1164 2811; x_wconf 85' lang='lat' dir='ltr'><strong>pag.</strong></span> <span class='ocrx_word' id='word_1_404' title='bbox 1193 2762 1276 2802; x_wconf 83' lang='lat'><strong>278</strong></span> <span class='ocrx_word' id='word_1_405' title='bbox 1296 2772 1403 2813; x_wconf 74' lang='lat' dir='ltr'><strong>seqq.</strong></span> 
     </span>
    </p>
   </div>
  </div>
 </body>
</html>
