1870 3249
369 236 1022 274 TERPSICHORE.
1084 237 1126 272 V.

1301 207 1400 277 123*

118 345 256 390 πάντα
295 346 404 401 πρὸς
440 346 520 402 τὴν
559 344 727 389 ἑωυτοῦ
755 348 917 400 μοῖραν
943 344 1276 401 προσεθήκατο,
1303 345 1377 396 τὰς

62 547 129 588 pro
155 535 262 585 vulg.
309 529 503 586 πρότερον
538 529 721 583 ἀπωσμέ-

63 605 149 639 νον,
172 588 258 630 τότε
279 605 442 629 παντων
461 586 563 641 πρὸς
582 586 657 640 τήν
684 603 720 627 κ.

61 663 92 687 τ.
112 651 161 697 λ.,
188 649 268 699 ipse
287 660 505 699 proponens
536 644 722 682 emenda-

59 706 204 742 tionem
246 717 268 741 a
302 703 507 742 Schaefero
549 710 586 739 et
620 704 721 739 Bor-

63 760 202 799 heckio
232 763 273 798 in
312 769 464 799 textum
501 767 719 811 receptam:

60 814 309 870 ἆπωσμὲνων
327 815 502 866 πάντων,
517 813 602 857 τότε
620 813 720 865 πρὸς

58 872 133 926 τήν
149 890 185 914 κ.
207 890 238 914 τ.
260 878 294 913 λ.
309 875 477 925 populum
504 875 719 924 intelligens

59 936 166 969 antea
183 933 320 969 iuribus
340 933 497 969 omnibus
517 931 647 968 liberae
669 932 718 967 ci-

58 992 184 1026 vitatis
203 989 395 1039 depulsum.
426 990 470 1024 In
494 1001 611 1040 quam
628 1001 719 1024 sen-

59 1048 219 1083 tentiam
239 1044 278 1082 h.
299 1047 325 1082 l.
347 1058 500 1098 quoque
521 1057 718 1095 expresse-

58 1110 147 1140 runt
177 1109 213 1139 et
240 1104 337 1139 Miot
366 1109 403 1139 et
430 1103 578 1151 Lange.
643 1102 721 1137 Nos

58 1172 147 1198 cum
156 1157 390 1210 Schweigh„
407 1159 524 1196 Gaisf.
537 1166 574 1195 et
584 1157 721 1194 Matth.

58 1217 319 1254 revocavimus
340 1216 532 1253 Sancrofti
550 1215 637 1252 libri
662 1215 720 1251 le-

39 1272 226 1310 ‘ctionem
242 1303 251 1321 ‚
319 1273 506 1324 probante
565 1285 720 1325 quoque

59 1330 236 1367 Werfero
261 1330 301 1366 in
329 1331 431 1367 Actt.
461 1328 608 1381 philon.
630 1330 719 1366 Μο-

57 1399 167 1423 nacc.
194 1388 212 1422 I
236 1399 324 1437 pag.
352 1390 434 1428 228
465 1400 558 1439 seq.‚
590 1388 652 1423 cui
678 1388 719 1422 in

61 1444 190 1480 Vallae
216 1445 524 1494 interpretatione
562 1444 720 1495 aequie-

59 1499 244 1537 scendum
273 1514 351 1538 esse
379 1500 548 1537 videtur:
600 1505 721 1551 „post-

60 1570 165 1607 quam
182 1560 270 1595 enim
290 1558 456 1608 populum
476 1557 717 1596 Atheniensem

58 1617 163 1651 antea
198 1614 393 1652 alienatum
433 1616 473 1665 (a
512 1615 591 1664 se),
633 1618 718 1654 tunc

58 1683 187 1708 omnem
231 1672 281 1708 ad
327 1684 428 1709 suam
473 1674 719 1710 auctoritatem

56 1727 231 1776 redegit.“
261 1729 511 1780 Partioipium
534 1724 715 1780 οἷπωσμέ-

57 1799 129 1823 νον
149 1786 180 1821 si
196 1797 216 1821 a
227 1785 344 1821 verbo
357 1781 630 1832 οἷπωθεῑσθαι,
642 1788 668 1823 i.
681 1799 715 1823 e.

56 1843 244 1891 aspernari
269 1841 393 1892 (quod
420 1841 548 1878 addito
580 1843 717 1879 obiecti

57 1899 270 1934 accusativo
292 1900 344 1934 sic
373 1900 558 1948 reperitur
587 1899 617 1946 Ι,
649 1899 717 1939 95.

61 1953 139 1994 152
165 1954 272 2003 alibi)
301 1961 468 2004 repetas,
507 1955 718 1992 subintelli-

57 2009 229 2060 gendum
249 2023 338 2047 cum
352 2011 533 2047 Werfero
554 2008 717 2060 ἑωυτόν,

57 2073 99 2103 ut
113 2068 142 2114 I,
168 2069 268 2115 1993
298 2068 355 2104 sin
377 2068 425 2106 ab
447 2062 633 2108 ἀπωθεῖν
655 2068 719 2105 ab-

55 2123 210 2160 alienare
239 2126 300 2173 (ut
319 2123 422 2175 apud
447 2126 601 2162 Isocrat.
657 2126 716 2161 De

53 2187 257 2231 permutat.
289 2182 362 2230 29)
400 2180 568 2228 derives,
622 2195 716 2233 sup-

23 2265 29 2270 .
52 2234 239 2288 piendum
269 2236 407 2274 eodem
435 2238 616 2276 Werfero
645 2252 716 2275 au-

54 2300 159 2330 ctore
190 2293 355 2333 ἑωυτοῦ.
433 2296 483 2332 Et
522 2293 717 2332 hocsane

54 2357 278 2401 praestaret,
300 2353 453 2402 opinor,
472 2350 591 2389 modo
621 2354 716 2390 alius

52 2414 291 2445 succurreret
311 2407 497 2455 Herodoti
516 2410 642 2457 locus,
674 2411 715 2446 in

55 2477 132 2515 quo
171 2459 353 2504 οἷπωθεῖν
393 2461 715 2519 ε.ὀῖπωθὲῖσθαι

55 2519 129 2557 hoc
146 2521 380 2558 inveniretur
399 2535 523 2559 sensu.
565 2523 716 2575 'ltaque

49 2577 219 2628 populum
256 2578 428 2629 intelligo
463 2585 573 2616 antea
608 2593 717 2617 remo-

56 2637 129 2671 tum
159 2647 189 2671 s.
209 2634 451 2672 abalienatum
480 2635 714 2674 aclisthene

56 2689 353 2737 Alcmaeonida3
388 2704 479 2728 nam
507 2693 715 2730 Alcmaeo-

57 2745 233 2784 nidarum
253 2755 410 2797 gentem
429 2749 579 2799 piaculo
608 2763 715 2800 pres-

57 2816 137 2841 sam
189 2812 226 2841 et
265 2806 509 2855 optimatium
547 2807 713 2856 partibus

58 2871 173 2910 quam
210 2863 379 2898 maxime
414 2861 580 2899 deditam
614 2865 714 2900 invi—

779 544 862 568 sam
900 529 1032 568 habuit
1068 531 1232 583 populus
1269 530 1436 583 indeque

779 589 896 625 etiam
934 590 1061 624 animo
1110 601 1230 640 quam
1266 590 1438 625 maxime

779 645 942 682 alienato
963 645 1034 682 suit
1053 646 1092 681 in
1107 644 1351 693 Clisthenem,
1366 644 1438 683 hac

777 709 891 752 gente
913 709 950 738 et
969 703 1093 753 ipsum
1114 709 1359 752 prognatum,
1380 704 1438 739 De

777 772 854 811 quo
883 761 966 796 viro
986 761 1038 796 sic
1068 759 1249 795 iudicavit
1268 758 1438 797 VVachs-

773 815 900 853 muth.
921 817 1072 853 Hellen.
1101 815 1380 853 Alterthumsk.
1401 818 1437 861 Ι,

778 876 900 923 1pag.
920 875 1024 914 269:
1056 874 1222 921 „Reiner
1251 875 1348 911 Sinn
1375 873 1438 910 fiir

774 931 1015 966 Democratie
1059 931 1108 966 ist
1145 929 1248 976 ihm,
1308 932 1436 966 einem

775 987 993 1038 Spriissling
1025 986 1089 1023 des
1109 985 1359 1037 k611iglicl1en
1378 989 1438 1024 A-

779 1042 881 1091 dels,
924 1042 1150 1080 schwerlich
1187 1044 1439 1094 beizulegen3

776 1098 964 1137 vielmehr
1001 1101 1166 1150 bezeugt
1198 1101 1270 1137 mit
1304 1100 1439 1138 klaren

777 1158 945 1195 Worten
957 1156 1186 1201 Herodotus,
1208 1156 1292 1194 dass
1311 1160 1349 1194 in
1372 1157 1439 1195 der

775 1213 1027 1264 Partheiung,
1043 1227 1105 1251 wo
1125 1213 1338 1252 Klisthenes
1358 1215 1441 1252 und

775 1271 946 1322 Isagoras
974 1272 1028 1308 als
1056 1273 1229 1322 Haupter
1257 1272 1440 1309 einander

777 1328 1143 1379 entgegenstanden‚
1154 1329 1266 1378 jener
1277 1337 1362 1377 erst,
1385 1332 1438 1367 als

776 1399 818 1422 er
835 1388 875 1422 in
897 1384 1041 1423 Gefahr
1059 1384 1166 1433 kam,
1190 1399 1238 1421 zu
1253 1387 1439 1423 unterlie-

775 1456 874 1493 gen,
916 1442 982 1480 das
1013 1442 1170 1480 niedere
1212 1442 1316 1481 Volk
1356 1443 1438 1481 sich

775 1499 1024 1537 befreundete
1053 1499 1135 1537 und
1159 1498 1323 1547 him-aus,
1359 1501 1437 1538 also

777 1570 843 1594 aus
856 1559 983 1593 einem
997 1557 1172 1604 Sti-eben,
1193 1556 1268 1593 den
1282 1558 1439 1594 Neben-

775 1613 912 1651 buhler
922 1627 970 1651 zu
985 1615 1215 1661 iiberbieten,
1232 1613 1317 1651 sind
1333 1617 1439 1651 seine

773 1670 1078 1721 Einrichtungen
1099 1685 1148 1708 zu
1168 1670 1438 1708 beleuchten.“

774 1727 959 1765 Niebuhr.
996 1730 1111 1776 (Hist.
1151 1730 1265 1765 Rom.
1295 1731 1314 1765 I
1346 1742 1435 1779 pag.

774 1785 876 1835 507)
906 1787 1045 1822 iniuste
1066 1786 1186 1836 egisse
1207 1787 1335 1822 statuit
1356 1786 1436 1822 Cli-

773 1839 971 1888 sthenem,
1001 1855 1092 1878 cum
1120 1843 1279 1878 civitatis
1307 1843 1436 1879 classi-

774 1898 843 1934 bus
863 1899 1036 1945 mutatis‚
1070 1899 1171 1949 ipsos
1187 1899 1348 1935 civitatis
1370 1912 1434 1936 or—

775 1953 882 1991 dines
909 1955 1100 1991 sustulerit
1121 1968 1285 2007 eamque
1311 1957 1435 1993 intro-

775 2009 927 2048 duxerit
967 2012 1297 2063 aequabilitatem,
1336 2026 1435 2064 quae

774 2067 823 2104 ad
845 2069 1007 2104 nimiam
1034 2069 1168 2120 populi
1193 2076 1435 2120 potestatem⁷

774 2124 1049 2162 democratiam
1105 2127 1221 2176 vulgo
1289 2125 1433 2175 dicunt,

772 2194 904 2219 omnes
925 2195 983 2219 res
1001 2181 1237 2233 perduxerit.

829 2236 1140 2290 προσεθήκατο]
1172 2242 1198 2277 ἰ.
1221 2254 1254 2277 e.
1276 2242 1327 2279 ad
1349 2256 1433 2281 suas

768 2300 891 2346 partes
927 2298 1065 2343 traxit,
1103 2305 1147 2334 ut
1176 2298 1292 2348 paulo
1322 2308 1429 2350 post:

772 2349 842 2392 τὸν
870 2353 1000 2404 δῆμον
1026 2353 1324 2406 προσθέμενος,
1353 2370 1431 2395 cum

765 2410 899 2460 plebem
918 2423 1018 2447 suam
1027 2409 1198 2460 fecisset,
1206 2412 1284 2448 *sabi
1300 2413 1431 2451 adiun-

771 2469 911 2511 xisset:
931 2468 996 2504 ubi
1017 2467 1123 2519 quod
1133 2469 1324 2506 Sanorofti
1334 2471 1430 2507 liber

773 2523 904 2561 affert:
935 2526 988 2577 τῷ
1010 2520 1127 2580 δήμῳ
1151 2525 1429 2578 προσθέμενος

771 2581 1001 2631 significaret
1015 2590 1035 2616 τ
1047 2590 1134 2618 scum
1147 2583 1275 2632 populi
1296 2596 1330 2620 se
1339 2597 1431 2632 par-

772 2638 867 2675 tibus
909 2637 1127 2676 addidisset:
1170 2638 1209 2676 id
1240 2639 1345 2690 quod
1383 2640 1430 2676 ab

771 2692 845 2731 hoc
882 2695 967 2731 loco
998 2696 1166 2732 alienum
1199 2709 1277 2732 esse
1316 2709 1433 2734 nemo

771 2764 849 2788 non
868 2752 1058 2802 intelligit.
1099 2753 1225 2789 Simili
1245 2751 1322 2788 fere
1343 2767 1433 2790 sen-

770 2821 814 2844 su
836 2809 979 2863 *Noster
1007 2809 1051 2852 V,
1085 2811 1162 2848 66:
1195 2805 1261 2847 τὸν
1303 2809 1432 2861 δῆμον

771 2865 1122 2915 προσεταιρίζεταις
1165 2872 1276 2916 utque
1308 2868 1337 2911 l,
1378 2867 1430 2907 53
