1789 3213
0 735 40 783 >5

0 1415 54 1465 ³6

428 188 894 236 POLYMNIA
951 184 1054 221 VII.

1273 177 1356 218 713

98 317 173 362 καὶ
200 310 334 370 γνούς
366 307 424 358 ὥς
452 302 664 360 ταχύτερα
695 296 827 348 αὐτὸς
853 296 882 352 ἢ
904 291 1133 349 σοφώτερα
1158 283 1358 342 ἐργασμέ-

74 393 185 434 3νος
212 383 276 436 ε’ίη
304 378 438 422 ἔλυσε.
497 368 675 429 βασιλέα
704 365 782 422 μὲν
812 363 865 419 δή
895 363 1086 415 Δαρεῖον
1115 354 1230 400 οὕτω
1262 355 1358 396 δια·
1373 359 1418 391 90

102 448 258 508 φυγών
295 444 353 500 μή
394 440 657 488 ἀπολέσθαι,
686 436 861 489 περιῆν·
893 427 989 472 τότε
1021 425 1066 470 δὲ
1096 425 1138 475 ές
1157 421 1363 473 τούςἝλ-

74 525 96 561 4
108 525 239 575 ληνας
267 509 549 568 καταπλώσας
559 539 570 556 ,

600 505 744 561 ἔμελλε
782 497 838 544 οὐ
877 497 926 541 τὸ
957 493 1166 547 δεύτερον
1207 491 1362 544 διαφυ-

101 586 192 642 γών
220 583 407 628 ἔσεσθαι.
469 575 528 627 ὥς
557 573 640 631 γάρ
673 584 807 627 σφεας
827 564 946 611 εἶδον
974 559 1299 618 προσπλέοντας
1321 555 1364 598 οἱ

90 653 306 707 ’Έλληνες,
339 643 555 703 μαθόντες
577 640 723 685 αὐτῶν
751 638 830 694 τήν
858 632 1092 691 γινομένην
1123 623 1366 683 ἁμαρτάδα,

106 717 444 774 ἐπαναχθέντες,
478 709 687 760 εὐπετέως
713 705 848 763 σφέας
880 700 1009 747 εἷλον.
1067 697 1136 740 Ἐν
1175 693 1501 739 τουτέων95597

107 791 185 846 μιῇ
207 785 428 839 Ἀρίδωλις
449 780 592 825 πλέων
608 777 712 835 ἥλω,
741 772 958 827 τύραννος
976 763 1259 821 Ἀλαβάνδων
1280 764 1368 803 τῶν
1507 749 1514 754 “
1535 747 1543 754 ’

105 856 154 900 ἐν
182 853 342 909 Καρίῃ.
401 851 447 895 έν
476 848 598 903 έτέρῃ
632 845 691 894 δὲ,
723 841 746 886 ὁ
779 838 956 895 Πάφιος
985 830 1223 889 στρατηγὸς
1255 833 1369 873 Πεν-

106 923 245 973 θύλος
281 919 305 964 ὁ
344 915 601 975 Δημονόου·
642 912 689 964 ὃς
710 907 786 967 ἦγε
825 908 904 965 μὲν
943 902 1140 949 δυώδεκα
1179 903 1288 955 νῆας
1325 896 1372 940 ἐκ

107 991 288 1048 Πάφου,
315 985 552 1043 ἀποβαλών
591 980 636 1025 δέ
665 991 813 1035 σφεων
842 973 919 1026 τάς
950 973 1105 1017 ἕνδεκα
1132 971 1194 1025 τῷ
1221 967 1369 1023 χειμῶ-

113 1077 159 1104 νι
186 1061 248 1117 τῷ
275 1054 494 1114 γενομένῳ
515 1049 625 1096 κατά
662 1044 881 1104 Σηπιάδα,
922 1045 998 1099 μιῇ
1028 1042 1080 1095 τῇ
1108 1031 1375 1091 περιγενομέ-

77 1137 167 1185 Ξνῃ
196 1123 452 1171 καταπλέων
482 1116 543 1163 ἐπ’
570 1117 839 1173 Ἀρτεμίσιον
868 1111 971 1167 ἥλω.
1001 1105 1185 1155 τούτους
1217 1100 1405 1146 orm-1

106 1201 254 1253 ληνες,
294 1186 646 1244 ἐξιστορήσαντες
682 1181 735 1226 τοὶ
765 1179 1004 1237 ἐβούλοντο
1035 1173 1260 1218 πυθέσθαι
1291 1166 1376 1211 άπὸ

105 1267 183 1320 τῆς
225 1260 391 1315 Ξέρξεω
432 1257 659 1312 στρατιῆς,
701 1247 1009 1302 ἀποπέμπουσι
1050 1238 1308 1295 δεδεμένους
1337 1234 1378 1285 ές

109 1329 189 1375 τὸν
207 1330 214 1340 ”
226 1328 475 1383 Κορινθίων
499 1319 687 1378 Ἰσθμόν.

190 1399 248 1440 Ὃ
294 1396 373 1452 μὲν
410 1393 463 1451 δή
501 1387 709 1439 ναυτικὸς
737 1384 760 1430 ὁ
791 1385 881 1428 τῶν
911 1375 1152 1436 βαρβάρων
1184 1370 1378 1427 στρατὸς,

62 1572 127 1612 Ad
155 1568 432 1622 comparativos
467 1559 661 1616 ταχύτερα
693 1555 723 1611 ἢ

66 1626 276 1679 σοφώτερα
308 1624 407 1663 conf.
428 1624 494 1670 ΠΙ,
517 1620 570 1662 65
593 1620 724 1670 ibique

64 1693 161 1728 nott.
200 1681 360 1738 βασιλέα
391 1678 479 1718 dedi
511 1690 580 1728 pro
612 1676 727 1727 βασι-

66 1746 156 1795 λῆα.
177 1764 233 1770 —-
258 1742 306 1777 In
330 1751 435 1790 seqq.
467 1747 537 1786 pro
574 1733 726 1781 διαφυ-

67 1798 150 1854 γών
183 1797 368 1844 ἔσεσθαι,
409 1793 520 1846 quale
550 1802 640 1827 sane
660 1788 726 1824 vix

69 1858 160 1895 alibi
206 1854 328 1892 simile
377 1849 469 1902 quid
504 1846 725 1897 reperietur,

69 1911 245 1952 Reiskius
275 1908 422 1946 mavult
451 1906 564 1954 διαφ.
597 1898 727 1953 περιέ-

72 1973 217 2011 σεσθαι
252 1966 369 2018 idque
407 1964 522 2001 etiam
554 1957 728 2011 probavit

72 2024 360 2065 Valckeuaerio.
435 2017 542 2056 Libri
588 2014 730 2065 scripti,

73 2089 261 2136 quantum
281 2080 371 2127 scio,
391 2089 470 2114 non
496 2071 693 2111 addicunt.

274 2169 366 2220 Cap.
388 2165 537 2203 CXCV.

133 2245 332 2302 τύραννος
349 2238 634 2296 Ἀλαβάνδων]
667 2239 737 2276 Ca-

80 2309 158 2346 riae
172 2307 306 2344 urbem
328 2317 349 2341 a
377 2301 633 2353 septentrione
662 2297 739 2333 Mi-

81 2365 150 2403 leti
190 2365 299 2400 sitam
353 2363 572 2397 memorant
613 2353 739 2392 strab.

82 2419 175 2460 XIV
201 2433 241 2470 p.
273 2417 353 2459 975
383 2418 430 2453 D.
460 2428 516 2466 sq.
545 2426 576 2450 s.
596 2425 635 2462 p.
658 2412 741 2451 660

87 2474 271 2528 Stephan.
300 2475 394 2524 Byz.
423 2485 453 2509 s.
472 2485 510 2508 v.
530 2483 568 2521 p.
590 2468 642 2509 85
663 2479 743 2517 seq.

87 2531 279 2574 Alabanda
300 2529 491 2580 Phrygiae
511 2527 646 2563 urbem
664 2525 745 2560 No-

87 2599 164 2630 ster
194 2587 357 2640 appellat
374 2585 475 2631 VIII,
496 2584 590 2629 136,
613 2581 680 2617 ubi
699 2579 747 2616 cf.

91 2654 186 2686 nott.
218 2667 270 2674 —-
316 2644 362 2680 In
391 2652 497 2691 seqq.
514 2639 630 2674 verba
649 2631 748 2675 κατά

93 2697 297 2754 Σηπιάδα,
319 2710 416 2751 quae
436 2707 525 2733 cum
545 2691 750 2742 Schweig-

91 2760 276 2799 haeusero
309 2751 547 2805 interpretari
585 2750 673 2787 licet
701 2747 751 2784 ad

98 2815 285 2870 Sepiadem
321 2812 389 2862 (in
415 2810 490 2848 dem
528 2806 650 2845 Sturm
688 2803 751 2854 bey

782 1556 832 1596 Se
857 1557 924 1603 ias,

780 1570 854 1650 Ηυξ
869 1609 1014 1649 mavult
1034 1608 1086 1644 sic
1107 1603 1236 1641 reddi:
1266 1612 1336 1650 par
1357 1600 1449 1635 suite

783 1671 886 1707 d’une
911 1664 1056 1716 tempete
1080 1663 1143 1712 qui
1170 1660 1197 1696 s'
1231 1659 1315 1695 e‘toz‘t
1339 1655 1452 1692 e'leve‘e

785 1731 818 1765 et
843 1727 905 1777 qui
919 1734 1050 1774 poussa
1071 1719 1120 1756 les
1145 1717 1336 1753 vaisseaux
1363 1712 1456 1748 d’A-

782 1781 953 1821 labandes
972 1777 1039 1828 (de
1060 1777 1096 1812 la
1116 1774 1245 1825 plaine
1266 1782 1348 1806 mer
1362 1779 1446 1805 vers

782 1842 820 1878 Ia
842 1837 958 1886 terre)
982 1837 1094 1872 contre
1124 1831 1156 1867 le
1175 1841 1239 1878 cap
1277 1824 1446 1875 Sepias.“

839 1886 1177 1943 ἐξιστορήσαντες]
1209 1882 1332 1921 Affert
1356 1881 1447 1918 Sui-

784 1953 849 1991 das
869 1965 899 1988 s.
923 1963 961 1986 v.
981 1949 1045 1997 Ip.
1058 1939 1450 1990 774.Praepositione

786 2010 824 2058 ἐξ
845 2007 950 2045 verbi
971 2001 1150 2053 simplicis
1170 1999 1369 2036 notionem
1384 1993 1447 2030 hie

787 2062 967 2104 nonnihil
1012 2059 1143 2109 augeri
1184 2053 1356 2095 credam,
1385 2063 1448 2087 ex-

792 2124 927 2175 quirere
939 2147 956 2165 ,
993 2118 1215 2168 perquirere,
1253 2110 1446 2159 anquirere.

981 2208 1072 2258 Cap.
1097 2201 1264 2242 CXCVI.

853 2288 873 2331 ὅ
909 2291 990 2327 τῶν
1027 2278 1244 2338 βαρβάρων
1275 2271 1453 2328 στρατὸς]

794 2346 991 2386 Immerito
1032 2341 1224 2380 deleverat
1259 2333 1456 2373 Schaefer.

799 2403 1000 2442 articulum
1037 2397 1071 2448 ὁ,
1112 2407 1228 2449 quem
1267 2403 1338 2441 ego
1369 2399 1459 2425 cum

801 2466 959 2499 reoentt.
983 2455 1068 2493 edd.
1090 2451 1245 2496 restitui,
1275 2447 1377 2485 libris
1407 2445 1458 2480 ita

801 2514 1091 2571 postulantibus.
1154 2510 1212 2545 De
1253 2506 1359 2551 loco,
1400 2501 1461 2537 cui

802 2567 1122 2618 nomeu'ylms'wz
1150 2562 1225 2601 vid.
1251 2562 1334 2605 VII,
1364 2559 1460 2601 1933

805 2632 852 2670 de
871 2628 1014 2669 Achaea
1039 2621 1244 2662 Thessalica
1262 2618 1345 2662 Vll,
1368 2612 1461 2655 185.

807 2690 900 2734 132,
931 2684 977 2721 de
1016 2678 1244 2719 Meliensibus
1271 2673 1353 2718 Vll,
1383 2670 1463 2710 132

807 2752 844 2781 et
883 2741 930 2780 de
980 2736 1254 2777 Thessalorum
1293 2728 1462 2780 equitatu

806 2806 900 2839 nott,
928 2794 976 2834 ad
1006 2795 1052 2843 V,
1073 2795 1142 2835 63.
1174 2786 1374 2827 Bekkerus
1395 2793 1463 2833 pro

1493 753 1516 776 n
1533 756 1565 774 m
1595 757 1614 774 n

1511 781 1652 815 Aridolis,

1427 814 1653 845 Alabandorum

1425 852 1457 879 iu
1481 848 1575 878 Caria
1599 853 1667 882 tyra

1427 894 1496 919 nus,
1518 886 1549 910 et
1567 881 1701 916 Penthy-

1428 920 1494 952 lus,
1517 915 1703 952 Paphiorum

1424 786 1485 811 iam

1436 1361 1569 1398 Reliqua
1586 1357 1694 1386 classis

1436 1397 1572 1432 Aphetas
1590 1394 1687 1420 tenet.

1437 1430 1601 1465 copiarum
1620 1424 1714 1463 pede-

955 1557 999 1589 ut
1018 1549 1130 1587 vertit
1160 1542 1324 1595 Lange),
1347 1542 1443 1578 Gai-
1507 1572 1516 1583 ς
