1870 3249
338 232 996 272 TERPSICHORE.
1055 232 1100 269 V.
1300 231 1358 272 83

1413 350 1536 386 nymi]
1564 350 1690 385 Gyndes

1415 386 1458 419 [1‚
1491 385 1546 412 189.
1565 385 1655 421 202·]‚

95 347 213 388 πᾶσα
243 341 437 397 ἀνάγκη,
480 341 554 385 καὶ
593 339 709 384 οὕτω
749 342 981 394 διεκπερᾶν
1016 339 1096 383 τὸν
1135 338 1352 394 ποταμόν·

97 411 169 455 καὶ
206 409 509 466 φυλακτήριον
540 408 649 465 μέγα
685 407 757 452 ἐπ’
790 407 918 466 αὐτῷ.
980 406 1197 464 Λιαβοὲντι
1228 407 1275 451 δὲ
1314 408 1358 459 ἐς
1415 422 1626 486 ιὸῖᾛξιιὲιὲεμ

70 478 183 534 4τὴν
221 478 570 532 Καππαδοκίην,
621 476 694 520 καὶ
737 476 876 533 ταύτῃ
911 474 1194 533 πορευομένῳ
1234 475 1359 531 μέχρι
1417 462 1579 549 ιδεεῡζὲωι
1604 472 1691 525 qfiqm

96 544 243 600 οὔρων
280 548 368 588 τῶν
407 546 639 598 Κιλικίων,
677 544 864 601 σταθμοὶ
904 545 1025 587 δυῶν
1065 545 1236 595 δέοντες
1275 529 1521 592 226215ffi¹1³3÷t
1543 528 1690 589 {¹1¹¹}ng32·

94 612 348 671 τριήκοντα,
403 612 687 669 παρασάγγαι
740 613 787 656 δὲ
834 610 1031 666 τέσσερες
1078 613 1153 656 καὶ
1188 610 1358 656 ἑκατόν.

96 681 166 726 ἐπὶ
201 681 247 726 δὲ
278 685 391 724 τοῖσι
419 681 590 724 τούτων
630 679 806 735 οὔροισι
835 678 955 731 διξάς
990 695 1035 723 τε
1064 679 1203 732 πύλας
1232 681 1360 732 διεξε-

68 753 199 807 5λᾷς,
251 749 325 792 καὶ
376 747 471 800 διξὰ
512 748 793 805 φυλακτήρια
830 749 1137 803 παραμείψεαι.
1212 752 1360 792 Ταῦτα

95 817 141 861 δὲ
172 815 483 870 διεξελάσαντι,
527 817 600 860 καὶ
643 815 714 860 διο-ἱ
743 819 819 872 τῆς
849 817 1050 871 Κιλικίης
1084 814 1193 860 ὁδὸν
1212 832 1357 859 ποιευ-

95 884 235 941 μένῳ,
277 889 392 940 τρεῖς
433 886 514 928 είσι
557 884 769 940 σταθμοὶ,
812 883 1092 939 παρασάγγαι
1131 883 1177 927 δὲ
1213 893 1417 928 πεντε-Ξο

95 955 276 996 καίδεκα
305 953 380 996 καὶ
409 952 559 1009 ἥμισυ.
604 948 740 1007 οὖρος
771 952 816 995 δὲ
841 954 1044 1008 Κιλικίης
1074 952 1147 995 καὶ
1175 956 1251 1009 τῆς
1269 953 1360 1009 Ἀρ-

95 1022 244 1078 μενίης
291 1020 379 1065 ἐστὶ
416 1020 612 1078 ποταμὸς
650 1019 781 1076 νηυσὶ
831 1019 1041 1076 περητός,
1089 1022 1150 1077 τῷ
1188 1019 1362 1078 οὕνομα

38 1202 178 1241 tendae
197 1216 310 1241 causa
339 1204 550 1257 adpositas,
588 1205 700 1241 inve-

10 1282 17 1287 (
40 1262 166 1298 nimus
184 1262 250 1308 111,
275 1264 366 1311 117,
395 1269 437 1299 ut
457 1263 556 1299 bene
576 1274 701 1298 anno-

42 1324 98 1354 tat
122 1318 420 1369 Wesselingius,
465 1321 583 1356 citans
620 1319 701 1354 Na·-

43 1372 139 1411 hum
159 1377 197 1421 2,
219 1377 258 1422 6,
289 1376 356 1411 ubi
382 1375 553 1413 eiusdem
580 1388 702 1426 gene-

44 1431 94 1467 ris
121 1437 265 1481 portae,
291 1431 359 1468 sed
387 1431 493 1470 idem
523 1445 699 1480 monens,

43 1493 171 1538 portas
184 1515 194 1534 ‚
230 1500 327 1539 quae
346 1487 387 1525 h.
406 1490 433 1526 l.
458 1502 702 1526 commemo-

44 1550 188 1592 rantur,
213 1544 255 1580 in
284 1552 402 1595 ponte
421 1545 527 1583 fluvii
557 1546 700 1596 Halyos

43 1599 176 1648 fuisse,
211 1600 317 1652 quod
345 1615 425 1638 non
453 1603 592 1653 fugerit
620 1604 702 1639 Bo·-

41 1655 162 1694 chart.
181 1658 220 1693 in
241 1656 350 1694 Phal.
368 1659 431 1707 IV,
446 1662 510 1700 19.
541 1660 598 1696 Ac
610 1673 702 1697 sane

41 1710 104 1750 hic
129 1714 291 1765 intelligi
319 1714 461 1752 debent
479 1723 611 1767 portae
629 1746 639 1763 ‚
659 1717 701 1754 in

40 1769 122 1820 ipsa
140 1769 252 1818 terrei,
273 1773 520 1822 probabiliter
540 1772 589 1810 ad
600 1786 701 1824 pon-

43 1833 122 1863 tem
140 1827 203 1864 vel
219 1840 263 1864 eo
285 1835 386 1866 certe
405 1830 512 1878 loco,
535 1843 612 1882 quo
631 1843 701 1880 per

42 1881 205 1920 fluw'um
215 1883 328 1921 fiebat
339 1887 527 1933 transitus,
551 1893 702 1923 exstru-

45 1945 152 1987 ctae,
198 1941 428 1978 munimenti
454 1942 539 1979 loco
561 1942 611 1979 ad
627 1940 703 1978 ho-

44 2001 118 2032 stes
147 1995 349 2045 arcendos,
399 2010 489 2034 cum
520 1998 612 2034 olim
640 1996 702 2034 hic

45 2058 168 2089 essent
188 2051 324 2104 Lydici
353 2066 396 2091 ac
423 2052 565 2091 Medici
595 2055 704 2105 regni

43 2107 159 2156 fines3
180 2110 310 2160 quales
329 2123 366 2147 v.
379 2124 413 2148 c.
433 2112 474 2147 in
487 2111 569 2162 ipsa
580 2112 703 2149 Grae-

42 2165 102 2202 cia
130 2165 286 2203 fuerunt
312 2165 618 2220 Thermopylae,
654 2167 702 2205 de

44 2222 180 2274 quibus
192 2223 294 2259 conf.
305 2224 387 2272 VII,
402 2226 481 2265 201
505 2225 591 2262 coll.
604 2227 700 2266 176.

42 2280 122 2316 Nec
142 2280 250 2316 aliter
273 2278 379 2318 hunc
410 2282 539 2318 locum
559 2283 702 2333 cepisse

43 2334 155 2373 video
169 2337 333 2374 Heeren.
351 2338 379 2375 l.
392 2338 419 2375 l.
430 2351 502 2375 nec
515 2337 701 2389 Schwgh.

43 2392 96 2430 ita
115 2400 349 2431 vertentem:
382 2395 460 2442 „ad
482 2408 580 2445 quem
601 2396 703 2446 (Ha-

42 2449 111 2501 lyn
122 2449 302 2500 fluvium)
323 2454 374 2488 est
388 2456 511 2502 porta,
523 2465 584 2503 per
596 2464 703 2503 quam

45 2508 182 2544 omnino
213 2509 364 2545 transire
395 2512 546 2559 oportet,
581 2512 703 2560 prius-

45 2574 151 2613 quam
184 2565 341 2614 fluvium
371 2567 584 2602 traz‘icias.“
658 2567 704 2603 In

44 2631 164 2671 quam
179 2619 343 2657 eandem
353 2623 580 2659 sententiam
597 2623 705 2659 Lan-

45 2688 94 2726 ge
111 2675 152 2714 h.
170 2677 195 2713 l.
210 2684 264 2714 est
279 2678 557 2729 interpretatus.
580 2679 706 2716 Simili

45 2734 204 2771 consilio
235 2733 285 2770 ad
311 2736 510 2785 regionem
549 2735 596 2772 ab
631 2734 707 2773 ho-

45 2789 160 2826 stium
187 2791 468 2829 incursionibus
505 2790 707 2829 tutandam

48 2852 284 2884 exstructum
319 2848 434 2886 fuisse
467 2855 561 2899 puto
591 2850 708 2886 muni·

758 1207 911 1241 mentum
926 1206 1044 1241 maius
1056 1198 1332 1256 φυλακτήριον
1353 1203 1418 1255 με’-

756 1275 819 1313 γα,
840 1261 867 1298 i.
898 1274 931 1298 e.
956 1261 1195 1310 praesidium,
1238 1261 1419 1299 castellum

757 1318 924 1368 amplum,
954 1319 995 1353 in
1017 1330 1093 1369 quo
1109 1318 1276 1354 militum
1297 1319 1420 1354 collo-

758 1381 842 1411 cata
863 1381 943 1410 erat
964 1373 1149 1412 custodia.
1191 1376 1326 1426 Itaque
1345 1388 1411 1412 no-

756 1431 825 1468 lim
838 1444 928 1468 cum
938 1432 1130 1468 Heerenio
1146 1432 1172 1468 l.
1183 1432 1208 1468 l.
1225 1439 1263 1468 et
1273 1433 1419 1482 Lange,

756 1488 963 1525 vernaculo
1002 1487 1188 1525 Herodoti
1214 1489 1420 1539 interprete

757 1544 945 1582 reddere:
967 1546 1041 1582 eine
1066 1544 1206 1582 Waclze.
1245 1545 1421 1582 Vid.Le-

756 1603 834 1639 xic.
859 1599 1042 1652 Xenoph.
1063 1602 1114 1639 T.
1124 1602 1177 1638 IV
1191 1615 1230 1652 p.
1244 1601 1325 1642 505
1345 1602 1422 1638 ibi-

759 1672 834 1710 que
866 1659 1007 1711 Cyrop.
1036 1659 1119 1706 VII,
1149 1659 1188 1706 5,
1219 1662 1259 1700 6.
1315 1657 1420 1696 Add.

757 1716 896 1767 Polyb.
926 1716 1030 1762 VIII,
1055 1718 1120 1763 17,
1142 1714 1182 1755 5.

816 1770 926 1824 μέχρι
949 1768 1083 1822 οὔρων
1101 1773 1183 1810 τῶν
1205 1770 1420 1819 Κιλικίων]

759 1827 902 1866 Illontes
936 1828 1093 1864 Ciliciae
1126 1826 1190 1864 hic
1231 1828 1422 1864 intellexit

758 1887 925 1921 Heeren.
955 1883 1074 1920 Ideen
1101 1885 1132 1932 Ι,
1153 1886 1180 1923 2
1214 1896 1303 1934 pag.
1325 1886 1420 1931 222,

759 1942 827 1978 ubi
865 1941 992 1991 potius
1032 1939 1081 1976 de
1109 1940 1249 1990 finibus
1279 1952 1421 1977 sermo.

761 1998 836 2043 Qui
855 1996 960 2033 idem
969 1997 1133 2033 Heeren.
1154 1997 1252 2033 bene
1272 2002 1420 2044 monet,

761 2053 1022 2090 Herodoteam
1044 2053 1216 2090 Ciliciam
1237 2066 1358 2105 usque
1370 2051 1421 2091 ad

761 2109 1045 2161 Cappadociam
1086 2108 1242 2146 extendi
1278 2123 1420 2147 secun-

760 2166 855 2205 dum
863 2165 1068 2218 Euphratis
1081 2168 1317 2217 superiorem
1331 2180 1420 2204 cur-

759 2236 867 2262 sum:
895 2225 948 2261 ita
967 2230 1011 2260 ut
1021 2224 1083 2262 vel
1092 2224 1317 2260 Armeniam
1328 2236 1421 2275 par-

757 2295 848 2319 vam
861 2311 870 2329 ‚
905 2293 1003 2333 quae
1036 2279 1194 2331 posthac
1214 2281 1265 2317 ita
1284 2286 1421 2318 vocata

759 2345 825 2386 est,
845 2335 1160 2389 comprehendat.
1191 2336 1303 2383 Quod
1315 2336 1421 2374 idem

758 2396 953 2432 monuisse
979 2393 1092 2432 video
1128 2395 1291 2432 Rennel.
1329 2407 1421 2445 pag.

759 2451 856 2493 485.
915 2451 1015 2497 Quin
1041 2453 1165 2502 ipsam
1195 2452 1422 2488 Armeniam

759 2509 870 2546 solito
892 2509 1120 2560 ampliorem
1147 2507 1210 2546 hic
1230 2508 1330 2545 sumi
1349 2520 1421 2558 pa·-

759 2572 841 2603 tet:
876 2566 1018 2618 quippe
1041 2577 1150 2617 quae,
1173 2564 1311 2602 eodem
1330 2576 1421 2600 mo-

760 2628 877 2658 nente
909 2623 1100 2659 Heerenio
1126 2622 1152 2659 l.
1183 2623 1223 2669 1.,
1264 2632 1423 2658 omnem

760 2680 1079 2730 Mesopotamiam
1148 2679 1423 2729 complectatur

762 2736 1127 2786 septemtrionalem.
1161 2733 1263 2771 Add.
1285 2735 1421 2771 Ritter.

762 2791 886 2829 Erdk.
906 2794 942 2829 ΙΙ
961 2805 1050 2843 pag.
1071 2793 1154 2831 780
1172 2804 1250 2843 seq.
1274 2814 1324 2819 ——
1358 2789 1423 2828 Ad

763 2849 999 2886 locutionem
1019 2849 1128 2887 δυῶν
1146 2846 1300 2894 δέοντες
1320 2847 1422 2885 conf.

1072 2899 1145 2943 δὴ
