1834 3258
514 223 817 263 ERATO.
876 225 949 262 VI.

434 267 443 286 N

1278 225 1361 266 291

107 335 279 391 λέγουσι
307 330 443 377 αὐτὸν
467 331 799 390 Ἀριστόδημον,
829 331 906 376 τὸν
933 328 1253 388 Ἀριστομάχου,
1282 335 1364 376 τοῦ
1419 346 1573 382 nigressio
1591 349 1688 380 dere-

105 537 209 588 τούς
253 535 569 591 Ἀριστοδήμου
620 539 790 587 παῖδας.

75 603 294 656 Quom-dv,
319 601 614 662 Ἀριστοδήμῳ
643 610 782 649 τεκεῖν
809 603 888 661 τὴν
912 608 1119 660 γυναῖκα,
1151 607 1203 661 τῇ
1234 592 1360 648 02'2510·

42 799 118 853 τῇ]
164 799 330 836 Sensum
364 799 439 836 loci
471 805 573 836 recte
603 800 703 851 cepit

43 855 394 906 Schweighaeuser.
415 857 584 908 itemque
596 858 638 894 C.
656 858 701 894 O.

41 913 191 950 M'uller.
210 914 301 949 Dor.
322 914 340 948 I
359 927 397 963 p.
418 913 471 954 55
492 920 572 949 not.
622 915 702 950 Ne-

41 970 186 1006 minem
209 972 323 1017 enim,
346 972 397 1006 ait
416 969 650 1018 Herodotus,
681 984 701 1007 e

39 1027 161 1076 poetis
184 1026 315 1077 (epicis
329 1026 346 1076 )
369 1039 411 1062 ea
425 1027 464 1062 in
485 1039 525 1062 re
538 1040 701 1064 consen-

39 1083 110 1119 tire
138 1096 227 1119 cum
256 1084 343 1133 ipsis
367 1084 602 1130 Laconibus,
634 1085 699 1135 qui

39 1139 327 1176 Aristodemum
348 1141 387 1175 iu
407 1141 616 1176 Laconiam
635 1142 698 1176 in-

38 1197 179 1251 vasisse
196 1198 365 1247 primum
383 1196 582 1233 tradebant
595 1226 604 1244 ,
627 1198 699 1233 ali-

36 1259 94 1289 ter
114 1260 226 1306 atque
246 1261 381 1304 poetae
398 1283 407 1301 ‚
440 1266 603 1304 quorum
637 1254 697 1290 sa-

35 1322 155 1358 mam,
178 1312 323 1360 opinor,
344 1310 471 1346 retulit
490 1312 696 1348 Pausanias

35 1367 102 1414 ΙΙΙ,
124 1369 143 1405 1
160 1368 196 1412 ξ.
214 1366 238 1407 5
262 1367 345 1415 (ubi
365 1366 516 1403 attende
535 1369 696 1404 verbum

35 1422 226 1460 adiectum
246 1422 425 1475 λέγουσι)
448 1425 533 1460 coll.
549 1424 694 1475 Ephor.

36 1479 140 1530 apud
159 1481 337 1517 strabon.
357 1481 445 1517 VIII
464 1495 502 1531 p.
515 1481 597 1522 560
618 1483 695 1519 sive

33 1549 124 1589 pag.
157 1540 236 1577 113
265 1538 388 1573 Marx.
411 1538 453 1578 C,
477 1539 520 1578 Ο,
544 1539 694 1575 Miiller.

33 1593 61 1630 l.
81 1594 106 1632 l.
128 1594 146 1628 I
165 1607 203 1644 p.
227 1596 292 1634 96.
351 1595 401 1629 Hi
436 1596 540 1630 enim
566 1596 696 1646 Eury-

36 1648 212 1687 sthenem
252 1657 290 1687 et
328 1651 505 1687 Proclem
520 1681 530 1700 ‚
572 1654 694 1689 occiso

33 1706 274 1744 Aristodemo
284 1715 390 1758 patre
403 1715 607 1760 antequam
616 1710 695 1746 Do-

33 1776 93 1800 res
111 1765 233 1814 ipsam
245 1765 553 1815 Peloponnesum
563 1767 694 1816 ingre-

34 1818 215 1857 derentur
234 1849 245 1867 ,
292 1828 432 1857 terram
490 1835 693 1873 occupasse

34 1877 279 1927 probabiliter
313 1879 538 1915 cecinerant.
613 1880 693 1915 Ita-

35 1946 111 1984 que
123 1932 247 1983 famae
277 1933 378 1983 apud
410 1935 509 1983 ipsos
540 1934 692 1984 Sparta-

31 1999 102 2026 nos
141 1989 310 2037 vulgatae
354 1991 489 2026 Noster
535 1993 692 2041 opponit

33 2049 186 2082 veterum
209 2049 392 2095 poetarum
415 2048 690 2095 auctoritatem,

31 2102 72 2138 in
117 2114 282 2153 quorum
321 2125 327 2138 .
348 2116 525 2139 umerum
572 2105 691 2140 etiam

35 2158 230 2208 Tyrtaeum
250 2158 435 2209 quosdam
445 2159 614 2197 retulisse
631 2162 685 2197 vi-

31 2213 126 2263 deo3
159 2216 284 2255 minus
314 2223 436 2263 recte,
476 2229 565 2253 cum
592 2215 631 2253 h.
657 2217 685 2259 L

30 2283 94 2308 eos
121 2273 243 2323 potius
263 2273 397 2309 Noster
424 2274 608 2324 respicere
628 2275 686 2310 vi-

29 2327 163 2365 deatur
187 2335 336 2379 poetas,
368 2330 434 2381 qui
468 2331 685 2382 antiquissi-

28 2397 110 2422 mas
140 2387 288 2421 Dorum
318 2399 375 2423 res
396 2393 539 2436 gestas,
561 2389 685 2424 Hera-

29 2441 214 2479 clidarum
246 2454 288 2478 ac
329 2444 477 2479 Dorum
514 2445 686 2493 inprimis

27 2499 292 2549 migrationes,
322 2500 394 2535 alia
412 2499 452 2536 id
471 2512 590 2550 genus
600 2514 685 2537 car-

27 2556 193 2592 minibus
206 2555 496 2603 celebraverant,
519 2558 584 2608 qui
598 2559 685 2594 stir-

27 2623 93 2663 pes
114 2610 399 2648 Heraclidarum
419 2614 538 2662 regias
560 2612 683 2651 dedu-

27 2676 180 2716 xerant,
202 2668 307 2706 sedes
329 2669 374 2705 ab
396 2668 602 2706 Heraclidis
616 2683 682 2707 ca-

29 2730 110 2775 Ptas
130 2738 323 2777 regnaque
356 2725 507 2762 condita
528 2739 682 2763 enarra-

29 2789 174 2819 verant.
250 2781 335 2819 Vid.
377 2795 528 2833 quoque
560 2782 601 2822 C.
636 2784 680 2823 0.

28 2836 175 2876 Muuer.
195 2839 221 2876 l.
239 2839 266 2876 l.
284 2840 303 2875 I
322 2851 412 2890 pag.
431 2838 484 2881 54
506 2839 592 2877 coll.
614 2838 682 2881 59.

106 403 365 454 Κλεοδαίου,
396 404 475 444 τοῦ
493 400 669 453 ‘'Ymov,
701 400 990 455 βασιλεύοντα
1020 398 1197 456 ἀγαγεῖν
1226 400 1361 456 σφέας
1375 383 1690 442 75ῗ“1’“5ξ”““ἃ“0’

1438 424 1493 443 um.
1514 418 1658 446 Narratio

105 471 148 522 εἷς
182 468 343 526 ταύτην
381 467 460 524 τὴν
496 467 641 525 χώρην
681 468 760 523 τὴν
797 472 881 512 νῦν
911 467 1125 520 ἐκτέαται,
1167 466 1266 511 ἀλλ’
1310 465 1363 511 οὐ
1418 450 1673 514 ξυῗιοιθῖἷῖθῗὲἓῖἓῖ

757 800 814 837 Ac
834 805 1028 851 praeterea
1047 799 1161 836 etiam
1180 813 1249 850 per
1267 800 1417 851 singula

756 858 945 893 Laconiae
966 855 1107 907 oppida
1126 858 1268 894 multae
1288 858 1416 896 famae

759 926 802 950 ac
821 913 1039 950 traditiones
1071 912 1117 949 de
1147 912 1204 950 his
1224 915 1335 952 rebus
1355 916 1417 953 vi-

758 970 895 1007 dentur
942 982 1091 1020 sparsae
1128 970 1242 1007 fuisse
1258 1001 1267 1019 ,
1320 985 1414 1023 quas

756 1025 994 1074 Herodotus,
1038 1027 1104 1078 qui
1133 1028 1342 1064 Laconiam
1369 1034 1414 1066 ut

753 1085 930 1120 novimus
970 1083 1097 1132 (conf.
1125 1090 1221 1121 nott.
1254 1083 1303 1120 ad
1344 1086 1412 1133 111,

754 1140 826 1187 55)
873 1141 953 1190 ipse
986 1140 1297 1190 perlustraverat,
1336 1143 1413 1178 suis

754 1209 922 1248 quasque
935 1197 1025 1232 locis
1036 1198 1179 1246 accepit
1189 1198 1306 1248 inque
1317 1210 1412 1247 opus

753 1267 866 1290 suum
886 1254 1023 1290 retulit.
1072 1252 1166 1289 Inde
1186 1255 1318 1304 procul
1338 1254 1416 1291 du-

753 1311 813 1346 bio
835 1310 1049 1357 fluxerunt,
1082 1323 1180 1361 quae
1209 1308 1248 1346 h.
1269 1311 1295 1347 l.
1326 1324 1414 1348 me-

750 1368 895 1403 moriae
914 1366 1152 1418 produntur,
1182 1367 1332 1404 firmata
1353 1375 1413 1405 et-

750 1425 829 1460 iam
869 1422 1136 1474 Xenophontis
1176 1426 1411 1474 auctoritate,

753 1482 817 1533 qui
827 1482 951 1531 ipsum
961 1481 1234 1532 patremAristo
1240 1481 1412 1531 demum,

750 1551 877 1589 neque
897 1538 992 1574 filios
1013 1550 1120 1586 suos,
1150 1537 1330 1588 Spartam
1348 1545 1411 1576 te-

750 1596 876 1631 nuisse
895 1595 1022 1632 scribit
1051 1595 1093 1630 iu
1112 1595 1254 1644 Agesil.
1277 1598 1301 1636 8
1324 1596 1361 1641 §.
1383 1598 1410 1637 7

752 1652 838 1688 coll.
859 1649 1054 1689 Plutarch.
1084 1652 1228 1701 Agesil.
1263 1654 1326 1692 19.
1365 1653 1412 1688 Iu

751 1709 823 1744 alia
844 1709 921 1746 abit
949 1709 1166 1760 Polyaenus
1186 1710 1215 1755 I,
1241 1710 1292 1749 10
1312 1709 1412 1746 Pro-

750 1766 849 1802 clem
870 1773 906 1802 et
915 1766 1137 1803 Temenum
1147 1764 1410 1803 Lacedaemo-

748 1835 840 1858 nem
860 1835 1097 1873 expugnasse
1116 1834 1284 1859 narrans.
1377 1823 1382 1825 “

806 1879 1060 1926 Κλεοδαίου]
1108 1877 1260 1914 Eodem
1288 1877 1407 1915 modo

747 1935 930 1984 scriptmn
967 1935 1152 1985 reperitur
1189 1935 1270 1980 VII,
1309 1933 1407 1974 204.

748 1991 846 2038 VIII,
881 1994 972 2031 131.Α
1030 1992 1087 2027 Ac
1108 1990 1231 2026 simile
1260 2003 1405 2027 nomen

747 2047 982 2086 Μενεόαίου
1004 2060 1024 2083 e
1045 2045 1300 2097 Thuoden,
1325 2049 1404 2086 100

747 2104 871 2140 attulit
909 2102 1093 2140 Valcken.
1153 2105 1278 2149 Quare
1323 2115 1403 2139 non

745 2172 839 2210 opus
877 2173 967 2196 cum
1004 2161 1144 2199 Meurs.
1179 2161 1237 2196 De
1278 2161 1402 2209 Regu.

740 2217 884 2256 Lacon.
917 2220 942 2258 6
980 2218 1183 2255 rescribere
1221 2212 1403 2268 Κλεοδή-

742 2288 833 2324 μου.
881 2325 890 2341 Ὶ
951 2327 960 2343 x
1045 2325 1054 2338 Ι
1188 2323 1197 2339 ,
1331 2325 1339 2340 x

798 2344 895 2380 μετα
921 2330 964 2368 δε
984 2344 1128 2381 χρονον
1148 2345 1194 2368 ου
1217 2326 1400 2376 πολλον]

741 2385 975 2423 Lar-cherum
1013 2389 1044 2423 si
1081 2388 1278 2438 sequimur
1319 2384 1398 2433 (T.

740 2444 810 2480 VII
838 2456 925 2494 pag.
945 2442 1026 2483 479
1046 2456 1124 2495 seq.
1147 2441 1227 2482 494
1257 2441 1397 2492 seqq.)‚

740 2501 1051 2550 Peloponnesum
1081 2499 1279 2549 occupavit
1306 2499 1398 2534 Ari-

739 2556 932 2594 stodemus
954 2569 1054 2593 anno
1075 2558 1182 2596 1190
1205 2567 1226 2591 a
1247 2553 1334 2591 Chr.
1355 2567 1398 2591 n.

737 2612 1020 2665 Eurysthenem
1051 2619 1088 2649 et
1119 2612 1296 2648 Proclem
1320 2623 1394 2646 na-

737 2677 793 2707 tos
815 2683 915 2707 auno
949 2672 1054 2710 1178
1085 2675 1122 2705 et
1152 2667 1200 2704 ad
1228 2679 1392 2717 regnum

737 2734 886 2764 evectos
915 2739 1015 2762 anno
1049 2725 1152 2765 1153
1184 2736 1218 2760 a.
1244 2724 1329 2759 Chr.
1350 2735 1392 2759 n.

736 2783 840 2820 idem
876 2784 998 2833 ponit.
1063 2782 1108 2817 Iu
1138 2781 1209 2816 alia
1237 2780 1314 2816 abit
1347 2779 1391 2817 C.

738 2840 784 2878 Ο.
803 2840 952 2877 Miiller.
971 2839 998 2876 l.
1026 2838 1053 2874 l.
1073 2838 1114 2916 1ss
1126 2848 1215 2889 pag.
1237 2835 1334 2878 502.

850 534 955 592 μετὰ
1003 534 1049 578 δὲ
1095 535 1258 591 χρόνον
1305 535 1359 580 οὐ
1418 518 1672 592 ‹igjngmiiitss'i'ssh'

1415 587 1552 614 coloniae
1563 589 1688 617 Dorien-

1416 620 1494 647 sium
1512 622 1541 648 in
1561 631 1634 658 agro

1418 653 1586 693 Laconico,
1605 658 1688 687 eius-
