1834 3258
435 275 906 312 POLYMNIA.
965 276 1067 312 VII.
1304 275 1388 316 575

97 393 175 430 Ξτε
203 385 346 436 ἐόντες
372 385 444 428 καὶ
474 385 808 441 κνημιδοφόροι.
869 382 984 440 εἶχον
1013 384 1059 428 δὲ
1087 382 1190 436 τόξα
1218 383 1385 437 κρανέϊ-
1443 382 1683 445 ffiffifigsggfflgu
1685 425 1702 444 u
1705 425 1718 444 Β

1443 460 1555 479 novum
1574 452 1610 478 iis
1633 460 1686 478 no-

122 470 205 505 να,
253 453 326 496 καὶ
362 451 536 505 ὀϊστούς
567 458 832 508 καλαμίνους
873 453 1109 507 ἀπτέρους,
1160 452 1233 496 καὶ
1264 449 1387 495 οἶκόν·
1442 493 1513 512 men
1531 485 1686 519 damst

122 534 211 565 τια·
241 520 309 564 ἐπὶ
340 521 398 573 δὲ,
430 521 552 577 αἰγὸς
583 520 773 577 δέρματα
788 521 887 574 περὶ
908 521 1011 572 τούς
1032 521 1178 577 ὤμους
1209 518 1386 575 αἰωρεύ-

1443 519 1531 555 173.].

120 605 252 646 μενα·
284 590 381 641 περὶ
414 591 459 633 δὲ
489 594 587 647 τῇσι
606 595 821 646 κεφαλῇσι
841 592 996 641 πίλους
1023 595 1219 643 πτεροῖσι
1248 604 1387 642 περιε-

122 659 515 713 στεφανωμένους·
567 659 799 715 ἐγχειρίδια
831 659 876 701 δὲ
916 659 988 701 καὶ
1032 659 1226 711 δρέπανα
1257 656 1384 713 εἶχον.

117 724 279 768 Λύκιοι
315 728 361 770 δὲ
405 730 610 783 Τερμίλαι
639 727 891 775 ἐκαλέοντο,
932 728 977 769 ἐκ
1012 725 1178 781 Κρήτης
1211 722 1442 781 γεγονό-85

118 810 197 845 τες·
228 793 296 837 ἐπὶ
328 795 537 839 δὲΛύκου
559 800 639 840 τοῦ
652 798 914 846 Πανδίονος,
947 794 1108 848 ἀνδρὸς
1139 793 1386 848 Ἀθηναίου,

0 868 45 912 '3
111 863 238 919 ἔσχον
266 862 346 920 τὴν
376 864 641 920 ἐπωνυμίην.
699 863 893 918 Δωριέες
923 863 980 915 δὲ,
1014 865 1055 907 οἱ
1074 861 1122 906 ἐκ
1143 865 1218 916 τῆς
1231 859 1384 917 Ἀσίης,
1442 891 1502 917 „m
1521 898 1555 916 e„
1568 890 1717 926 Pelopon,

114 931 348 988 τριήκοντα
387 935 644 988 παρείχοντο
686 933 811 984 νέας,
881 930 1047 987 ἔχοντές
1085 947 1129 973 τε
1155 927 1382 985 Ἑλληνικαὶ

1444 856 1541 883 nores
1562 856 1676 891 Asiani,

1441 932 1523 952 neso.
1561 925 1665 952 Cares.

86 999 252 1054 Ξὸπλα,
303 1001 376 1044 καὶ
413 1001 641 1056 γεγονότες
683 1000 767 1045 dud
813 999 1172 1053 Πελοποννήσου.
1242 1002 1384 1051 Κᾶρες

115 1069 161 1112 δὲ
192 1069 497 1126 ἑβδομήκοντα
522 1072 781 1125 παρείχοντο
800 1070 913 1120 νέας,
942 1068 994 1111 τά
1024 1069 1103 1124 μὲν
1135 1067 1243 1111 ἄλλα
1273 1065 1439 1111 κατά90

34 1277 101 1323 ΙΠ,
143 1278 238 1318 876.
270 1277 333 1324 VI,
369 1279 462 1318 168.
496 1279 588 1317 171.
625 1275 717 1316 194.

52 1334 139 1381 XII,
161 1337 255 1374 330.
271 1334 536 1376 408.‘417.—
556 1335 598 1369 In
609 1346 716 1384 seqq.

51 1387 148 1437 τόξα
172 1390 360 1441 κρανέϊνα
383 1392 506 1440 (cuius
518 1392 602 1427 loco
625 1392 716 1426 Flo—

51 1454 149 1483 rent.
166 1447 275 1484 affert
298 1447 480 1499 κρανέϊα)
502 1455 589 1485 suut
610 1461 715 1485 arcus

51 1505 176 1551 cornei,
199 1517 220 1540 e
240 1508 345 1541 corni
366 1505 507 1541 arboris
536 1519 565 1542 s.
597 1506 714 1541 arbu-

50 1562 97 1597 sti
127 1562 232 1610 ligno
254 1563 439 1609 confecti,
461 1569 503 1598 ut
523 1563 711 1612 interpre-

48 1624 149 1654 tatur
183 1617 400 1669 Schweigh.
432 1621 472 1655 in
501 1620 597 1656 Lex.
630 1621 711 1655 He-

48 1674 131 1711 rod.
153 1674 376 1726 Sequuntur
402 1671 527 1715 ὀϊστοὶ
547 1673 709 1727 ἄπτεροι

47 1731 72 1769 i.
102 1745 135 1768 e.
162 1735 321 1780 sagittae
346 1746 412 1770 non
443 1733 585 1782 alatae,
639 1734 710 1770 alis

47 1801 116 1825 non
134 1790 346 1827 instructae:
391 1789 439 1827 ad
461 1791 709 1827 Homericam

48 1843 201 1882 dicendi
220 1848 419 1894 rationem,
443 1846 489 1884 de
512 1848 586 1900 quai
608 1848 709 1897 copf.

47 1902 119 1942 0d.
142 1903 262 1950 XVII,
284 1904 350 1945 57.
371 1906 478 1952 xlx,
507 1908 576 1946 29.
601 1906 709 1953 XXI,

46 1960 142 1999 386.
167 1961 294 2006 XXII,
317 1963 412 2002 398.

102 2058 216 2112 αἶγός
237 2059 407 2112 δέρματα
420 2084 475 2089 —
487 2057 711 2113 αἰωρεύμε-

43 2115 126 2169 να]
160 2119 224 2155 Sic
244 2120 370 2169 plures
393 2117 575 2155 exhibent
596 2118 709 2156 codd.

43 2186 133 2210 cum
153 2174 328 2212 Eustath.
350 2175 398 2213 ad
427 2178 587 2227 Dionys·
612 2176 706 2217 857.

41 2231 85 2267 In
95 2231 282 2281 Mediceo,
300 2235 532 2282 Florentino,
544 2234 623 2269 aliis
636 2246 708 2269 ex-

39 2294 112 2324 stat
143 2287 630 2342 ὃέρμα-αἰωρεύμενον.
653 2312 706 2316 -

42 2343 86 2378 In
102 2348 276 2393 proxime
297 2361 405 2400 seqq.
425 2361 494 2398 pro
509 2359 707 2398 περιεστε-

44 2400 306 2450 φανωμένους
319 2404 394 2441 duo
408 2403 520 2442 codd.
532 2405 707 2441 ciunEu-

42 2453 180 2493 stathio
218 2457 383 2496 offerunt
433 2460 706 2511 ἐστεφανωμέ-

41 2526 151 2559 νους,
180 2511 285 2551 haud
314 2516 555 2567 improbante
585 2519 707 2555 Wes-

41 2569 215 2619 selingio.
266 2572 417 2619 Πίλους
447 2587 561 2611 sensu
580 2575 705 2612 latiori

42 2624 90 2662 de
113 2627 244 2678 quovis
274 2630 403 2680 capitis
429 2633 598 2682 tegmine
630 2631 705 2669 dici

40 2683 126 2720 satis
147 2690 306 2722 constat.

96 2783 162 2825 ἐπὶ
184 2783 227 2825 δὲ
256 2782 399 2826 Λύκου
427 2790 501 2827 τοῦ
521 2788 702 2828 Πανδίο-

39 2854 106 2886 νος
124 2857 159 2882 κ.
183 2858 215 2881 τ.
237 2845 303 2890 k]
336 2843 422 2881 Vid-
443 2846 472 2892 I,
498 2847 589 2886 173.
628 2846 701 2890 Qui

40 2892 159 2946 Lycus
179 2899 381 2947 postmodo
403 2900 550 2940 divinos
575 2900 701 2939 Athe-

774 1275 832 1312 nis
847 1275 991 1325 accepit
1007 1272 1171 1311 honores
1190 1275 1347 1327 eiusque
1359 1281 1436 1311 sta-

774 1339 838 1369 tua
869 1331 917 1368 ad
945 1332 1073 1368 forum
1106 1332 1310 1378 collocata,
1333 1331 1437 1368 unde

771 1386 816 1428 vd
837 1388 902 1428 ἐπὶ
922 1385 1047 1443 Λύκῳ
1062 1385 1330 1439 δικαστήριον.
1378 1389 1437 1426 Cf.

771 1446 964 1497 Aristoph.
976 1447 1088 1497 Yesp.
1100 1446 1181 1487 408
1197 1448 1238 1493 (ὅ
1246 1446 1295 1486 75
1304 1443 1436 1495 Both.)

769 1505 900 1555 ibique
916 1502 1087 1543 Brunck.
1109 1504 1195 1540 coll.
1217 1504 1297 1543 789
1318 1501 1435 1540 Both.

767 1560 877 1597 Idem
889 1563 1015 1612 Lycus
1035 1562 1133 1596 inter
1142 1567 1244 1596 vates
1266 1561 1437 1596 celeber-

768 1620 884 1655 rimos
907 1625 1152 1654 enumeratur
1164 1630 1185 1653 a
1203 1618 1433 1666 Pausan..X‚

771 1678 822 1715 12
846 1677 882 1720 ξ.
905 1678 943 1715 6.
974 1674 1161 1722 Pandion,
1189 1675 1255 1726 qui
1283 1673 1345 1711 hic
1365 1687 1434 1712 vo-

768 1739 896 1779 catur,
917 1731 1127 1779 secundus,
1159 1733 1295 1782 opinor
1311 1761 1321 1779 ,
1364 1738 1431 1779 est,

766 1790 888 1840 Aegei
923 1796 1050 1840 pater,
1087 1789 1153 1840 qui
1173 1787 1332 1825 Athenis
1354 1790 1434 1824 eie-

767 1854 848 1883 ctus
869 1848 1067 1896 Megaram
1082 1859 1121 1882 se
1137 1847 1308 1893 contulit,
1329 1844 1434 1882 unde

766 1905 881 1954 ipsius
903 1904 969 1938 filii
989 1903 1150 1953 profecti
1179 1901 1349 1939 Athenas
1370 1915 1434 1938 re—

768 1967 1012 2010 cuperarunt.
1036 1961 1092 1996 Cf.
1113 1959 1338 2010 Apollodor.
1367 1960 1432 2008 ΠΙ,

770 2020 834 2065 14,
855 2020 895 2057 7.
917 2019 955 2057 8.
975 2015 1149 2068 Euripid.
1166 2016 1268 2054 Med.
1290 2019 1385 2057 660.

973 2142 1066 2193 cap.
1094 2142 1232 2182 XCIII.

821 2242 994 2295 Δωριέες
1015 2244 1058 2284 δὲ
1079 2243 1120 2284 οἵ
1144 2243 1185 2284 ἔκ
1195 2239 1426 2296 τῆςἈσίης]

765 2300 943 2338 Similem
962 2315 1074 2339 usum
1083 2302 1372 2353 praepositionis
1385 2301 1429 2340 ἐκ

763 2360 980 2396 notavimus
1022 2359 1070 2396 ad
1100 2359 1163 2406 IV,
1200 2358 1289 2399 145.
1324 2357 1428 2395 Add.

762 2415 843 2463 VII,
858 2419 948 2456 106.
964 2418 1055 2458 107.
1076 2417 1134 2452 De
1153 2415 1308 2453 Doribus
1318 2417 1427 2453 Asia-

762 2473 820 2510 nis
841 2473 943 2510 conf.
962 2475 993 2521 1,
1018 2472 1108 2513 144.

817 2558 1024 2615 γεγονότες
1057 2558 1135 2603 οἷπὸ
1164 2558 1426 2613 Πελοποννή-

761 2619 868 2670 σου]
892 2621 915 2656 ἰ.
939 2634 972 2657 e.
998 2635 1018 2657 e
1039 2621 1296 2671 Peloponnesi
1315 2621 1425 2656 inco-

756 2677 802 2713 lis
823 2676 975 2714 oriundi
1003 2677 1170 2729 indeque
1200 2675 1275 2713 huc
1296 2676 1426 2727 profe—-

758 2735 820 2781 cti,
841 2741 884 2770 ut
899 2735 980 2783 vll,
1003 2737 1056 2775 90
1077 2735 1146 2770 fin.
1175 2733 1218 2772 οἱ
1245 2730 1316 2783 μὲν
1344 2728 1424 2771 α’πό

757 2793 986 2841 Σαλαμῖνος
1014 2806 1051 2830 κ.
1087 2805 1120 2828 τ.
1147 2791 1180 2828 λ.
1209 2796 1245 2826 et
1267 2790 1347 2837 Vll,
1369 2791 1423 2829 92

757 2846 823 2887 fin.
844 2845 1155 2912 ’Τερμίλαι-ἐκ
1171 2843 1336 2899 Κρήτης
1357 2859 1421 2898 γε·

756 2918 931 2955 γονοτες.
