1834 3258
471 246 948 286 POLYMNIA.

1008 248 1037 286 V
1051 249 1108 285 11.
1339 248 1424 288 445

158 374 252 412 ,,τες
291 358 340 402 τὸ
370 356 602 401 κάλλιστον
640 358 803 413 χωρίον
833 358 905 401 καὶ
934 357 1184 410 λειότατον,
1215 357 1258 408 ἐς
1287 359 1420 400 τοῦτο

153 425 399 478 ,,κατιόντες
440 423 650 480 μάχονται
662 442 673 451 ·

741 425 849 470 ὥστε
897 426 981 469 σύν
1024 430 1144 484 κακῷ
1174 422 1344 481 μεγάλῳ
1376 425 1445 467 οἷῑ

153 497 383 544 ,,νικώντες
413 492 695 537 άπαλλάσσοι
688 507 789 536 ται·
830 494 930 573 περὶ
971 494 1017 537 δὲ
1047 497 1135 536 τών
1163 492 1419 550 ἑσσωμένων

152 631 306 684 ,,χρῆν,
350 627 503 679 ἐόντας
535 626 869 684 ὁμογλώσσους,
909 628 1061 683 κήρυξί
1090 644 1134 671 τε
1166 628 1419 684 διαχρεωμέ-

149 713 283 749 ,,νους
316 697 389 741 καὶ
420 695 639 752 άγγέλοισι
652 731 662 748 ,

693 695 1045 751 καταλαμβάνειν
1074 696 1150 748 τὰς
1181 696 1445 752 διαφορὰς,5

149 765 247 816 ,,καὶ
286 766 417 808 παντὶ
461 769 629 821 μᾶλλον
671 766 700 821 ἢ
735 765 920 822 μάχῃσι·

977 767 1012 807 εἰ
1051 765 1096 808 δὲ
1126 763 1301 816 πάντως
1330 766 1419 809 ἔδεε

148 833 398 889 ,,πολεμέειν
425 832 534 887 πρὸς
563 832 786 889 ἀλλήλους,
816 833 1077 888 ἐξευρίσκειν
1099 837 1206 888 χρῆν
1235 838 1288 890 τῇ
1318 833 1418 878 ἑκά-

117 902 295 955 8,,τεροί
344 903 426 945 εἰσι
470 901 879 957 δυσχειρωτότατοι,

936 901 1009 943 καὶ
1058 900 1196 957 ταύτῃ
1247 906 1416 956 πειρᾶν.

153 969 328 1026 ,,τρόπῳ
368 970 522 1013 τοίνυν
560 968 613 1013 οὐ
657 973 828 1025 χρηστῷ
851 969 1055 1023 ’Έλληνες
1095 969 1476 1025 διαχρεώμενοι,10

151 1036 274 1092 ,,ἐμέο
309 1035 542 1089 ἐλάσαντος
571 1038 693 1094 μέχρι
731 1038 1013 1093 Μακεδονίης
1040 1041 1141 1092 γῆς,
1173 1036 1255 1081 οὐκ
1274 1033 1417 1094 ἦλθον

119 1104 220 1155 9,,ἐς
249 1104 407 1149 τούτου
448 1104 583 1160 λόγον
614 1104 721 1148 ὥστε
761 1102 986 1159 μάχεσθαι.
1046 1105 1133 1148 Σοὶ
1162 1104 1207 1148 δὲ
1238 1105 1292 1162 δή
1323 1106 1416 1162 μέλ-

148 1176 238 1224 ,,λει
264 1173 346 1224 τίς,
378 1168 413 1216 ὦ
433 1177 636 1230 βασιλεῦ,
674 1172 967 1216 ἀντιώσεσθαι
1007 1171 1200 1227 πόλεμον
1229 1175 1416 1230 προσφέ-

147 1255 289 1294 ,,ρων,
350 1239 503 1298 ἄγοντι
548 1241 620 1285 καὶ
661 1244 833 1297 πλῆθος
877 1239 926 1283 τό
968 1239 1015 1284 ἐκ
1055 1244 1130 1296 τῆς
1159 1239 1295 1299 Ἀσίης
1343 1245 1417 1286 καὶ

92 1439 165 1477 Iur.
185 1438 300 1475 Publ.
319 1439 348 1485 Ι,
380 1439 449 1478 2.“
485 1436 609 1475 Wess
623 1438 675 1475 el.
701 1459 753 1465 —

93 1495 240 1531 Verba:
272 1491 430 1542 ἐξώλεες
450 1491 525 1546 γὰρ
547 1492 598 1544 δή
617 1496 754 1546 γίνον-

91 1566 156 1590 ται
180 1552 328 1589 valent:
356 1551 528 1602 funditus
555 1554 641 1589 enim
659 1553 754 1602 peri-

93 1609 178 1645 bunt
209 1621 237 1646 s.
270 1611 499 1646 internecione
534 1608 752 1646 delebuntur.

91 1665 166 1701 Ubi
210 1665 384 1703 observat
419 1665 576 1703 Creuzer.
615 1678 753 1701 vocem

91 1717 238 1772 ἐξώλης
258 1723 299 1758 in
327 1722 634 1772 inscriptionibus
673 1735 752 1758 esse

92 1779 257 1825 obviam,
282 1779 402 1816 citans
422 1777 752 1815 Raoul-Rochette

91 1834 287 1872 Oreste'Ide
307 1848 395 1886 pag.
419 1837 499 1875 190
519 1839 649 1876 not-2.

147 1888 668 1942 κήρυξι-καταλαμβάνειν
683 1889 753 1938 τοὶς

91 1944 318 1999 διαφοράς]
363 1949 547 1998 „Optime
579 1947 752 1984 additur:

91 2003 161 2043 καὶ
200 2004 317 2043 παντὶ
351 2006 500 2054 μᾶλλον
535 2000 563 2055 ἢ
582 1999 750 2058 μάχῃσιε

91 2061 205 2098 verbis
227 2061 363 2097 Graeci
393 2061 552 2098 dirimere
571 2060 754 2097 deberent

94 2119 346 2154 controversias
366 2121 399 2154 et
418 2119 539 2167 quovis
551 2120 671 2168 potius
682 2130 754 2153 mo-

94 2174 139 2211 do
159 2187 263 2224 quam
274 2173 378 2225 serro
398 2178 504 2223 atque
523 2177 644 2212 armis.
703 2175 754 2211 Ut

92 2230 155 2268 hic
166 2225 485 2282 καταλαμβάνειν
497 2231 755 2268 din'merecon-

92 2288 310 2335 tmversias,
340 2289 393 2325 sic
413 2288 478 2335 111,
503 2290 580 2328 128
605 2288 755 2339 ἐρίζον-

92 2358 162 2390 τας
179 2348 348 2395 Δαρεῖος
373 2339 646 2395 κατελάμβανε
671 2344 754 2393 [ubi

94 2399 171 2438 vid.
195 2413 292 2451 quae
306 2400 571 2452 adscripsimus
582 2415 618 2452 p.
637 2401 754 2449 231J.

95 2456 317 2493 Sententiae
370 2457 611 2495 Herodoteae
660 2471 754 2495 con-

94 2514 195 2563 gruit
226 2513 398 2564 Euripid.
427 2515 467 2551 iu
488 2513 636 2551 Phoen.
659 2514 754 2554 518.

94 2569 320 2607 Secundum
349 2572 501 2608 Isocrat.
539 2570 754 2608 Panathen-

97 2627 199 2677 [cap.
222 2628 274 2667 67
309 2627 346 2672 §.
370 2626 476 2675 165]
497 2640 584 2678 pag.
607 2630 689 2668 267
711 2628 755 2665 C.

94 2690 240 2720 veteres
260 2681 509 2720 Athenienses
530 2685 689 2720 aliarum
700 2684 756 2720 ci-

96 2741 256 2778 vitatum
274 2739 499 2791 πρεσβείαις
528 2739 596 2779 καὶ
623 2735 756 2791 λόγοις

94 2794 264 2862 ἐξαιρεῖν
296 2795 509 2847 ἐπειρῶντο
523 2811 593 2842 τας
612 2796 757 2844 διαφο-

96 2848 189 2904 ράς;
228 2859 357 2904 postea
390 2853 608 2889 maluerunt
636 2851 756 2892 πολέ-

812 1452 872 1490 μῳ
894 1439 1045 1489 μᾶλλον
1068 1434 1096 1489 ἢ
1117 1434 1248 1491 λόγοις
1273 1436 1320 1478 τά
1341 1438 1475 1492 ἔγκλή

811 1510 914 1545 ματα
936 1490 1188 1543 διαλυεσθαι,
1211 1496 1316 1548 quod
1333 1496 1380 1533 de
1400 1500 1474 1534 La-

811 1550 1066 1588 cedaemoniis
1088 1551 1225 1589 dicitur
1244 1553 1346 1604 apud
1360 1554 1475 1591 Thu-

810 1607 991 1659 cydidem
1013 1610 1053 1655 I,
1094 1608 1196 1658 140,
1237 1609 1284 1646 de
1323 1610 1475 1663 Philip-

809 1678 858 1715 po
894 1664 996 1716 apud
1016 1667 1174 1703 Lucian.
1206 1667 1256 1704 T.
1288 1669 1343 1703 III
1385 1682 1473 1719 pag.

809 1723 904 1763 516.
964 1724 1063 1759 Hinc
1084 1724 1124 1759 in
1143 1725 1263 1774 Epist.
1283 1724 1385 1775 apud
1395 1727 1474 1761 De·

808 1778 999 1816 mosthen.
1028 1792 1116 1830 pag.
1148 1780 1201 1820 94
1231 1776 1402 1831 πότερον
1423 1784 1474 1819 ait

809 1835 1021 1886 Philippus,
1037 1833 1202 1875 κάλλιόν
1215 1836 1321 1876 ἐστιν
1334 1835 1474 1885 ὅπλοις

809 1888 837 1941 ’ἢ
857 1888 991 1943 λόγοις
1013 1893 1339 1945 διακρίνεσθαι.“
1371 1894 1473 1932 Val-

811 1947 1024 1985 ckenaen

867 2025 906 2073 ἒς
927 2023 1069 2065 τούτου
1089 2022 1228 2078 λόγον]
1253 2028 1322 2075 „Id
1339 2030 1471 2073 voluit,

809 2097 990 2133 nunquam
1011 2083 1058 2120 ad
1078 2086 1151 2121 eius
1172 2087 1224 2122 rei
1240 2089 1410 2124 rationem
1440 2092 1473 2124 et

810 2153 983 2187 caussam,
1005 2147 1047 2177 ut
1067 2154 1198 2177 secum
1217 2143 1256 2178 in
1280 2151 1472 2180 certamen

811 2196 1107 2244 descenderent,
1149 2200 1308 2236 venisse.
1368 2201 1473 2237 Con—

810 2255 911 2304 gruit
931 2255 996 2300 111,
1018 2256 1069 2294 99
1104 2255 1194 2302 [ubi
1215 2255 1292 2293 vid.
1314 2259 1471 2306 nott.].“

818 2310 889 2347 We
899 2325 915 2347 s
926 2325 942 2347 s
953 2311 1005 2348 el.
1048 2310 1414 2363 Schweighaeusero
1433 2313 1473 2360 ἐς

810 2363 954 2407 τούτου
976 2363 1094 2417 λόγον
1112 2368 1217 2405 idem
1239 2370 1317 2406 fere
1338 2384 1473 2408 sonare

810 2423 961 2462 videtur
981 2431 1094 2477 atque
1116 2425 1155 2473 ἐς
1179 2429 1311 2467 τοῦτο.

1088 2539 1126 2583 ξ.
1157 2540 1197 2578 3.

872 2622 1143 2666 ἀντιώσεσθαι
1163 2622 1335 2678 πόλεμον
1348 2640 1474 2679 προσ-

813 2682 965 2735 φέρων]
989 2682 1230 2734 προσφέρων
1250 2697 1270 2720 e
1283 2684 1472 2721 Saue-roffi

811 2740 908 2778 libro
947 2740 1069 2778 fluxit.
1128 2741 1204 2776 Alii
1243 2739 1472 2793 προφέρων,

813 2796 919 2848 quod
958 2796 1047 2834 huic
1076 2796 1159 2833 loco
1191 2797 1318 2834 minus
1340 2804 1471 2849 aptum

814 2860 881 2890 est.
