1834 3258
549 210 853 245 ERATO.
916 209 985 245 VI.

1321 210 1404 248 327

114 330 238 363 ἕπον.
276 320 348 361 καί
359 333 445 368 κως
467 317 582 373 ἔφθη
616 318 658 368 ἐς
671 316 904 360 Ζάκυνθον
934 315 1405 372 διαβᾶςὸΔημάρητος

140 389 186 431 ἐκ
214 390 288 441 τῆς
305 385 504 434 ἼΙλιδος·
557 383 858 439 ἐπιδιαβάντες
888 387 932 429 δὲ
975 387 1018 428 οἱ
1049 385 1460 438 Λακεδαιμόνιοιᾳὶο

138 453 276 498 αὐτοῦ
327 469 371 495 τε
418 451 628 499 ἅπτοντο,

683 454 755 495 καὶ
800 453 904 503 τους
949 452 1223 505 θεράποντας
1265 451 1403 495 αὐτόν

109 520 415 575 δάπαιρὲοντο.
464 520 570 576 μετά
609 520 677 572 δὲ,
725 521 780 563 ου’
809 523 893 577 γὰρ
926 521 1174 572 ἐξεδίδοσαν
1197 518 1332 563 αὐτόν
1361 522 1405 562 οἱ

136 588 402 640 Ζακύνθιοι,
446 590 650 633 ἐνθεῦτεν
679 591 896 644 διαβαίνει
928 590 970 640 ἐς
998 588 1079 644 τήν
1107 588 1253 644 Ἀσίην
1283 589 1403 641 παρὰ

133 658 313 711 βασιλέα
344 662 550 710 Δαρεῖον.
594 656 618 700 ὁ
650 658 695 700 δὲ
715 656 949 708 ὑπεδέξατό
980 672 1023 699 τε
1046 655 1186 698 αὐτόν
1215 661 1458 711 myctica-95

103 725 223 777 (εστὶ,
263 725 335 768 καὶ
366 730 449 780 γῆν
489 743 532 769 τε
578 728 649 768 καὶ
688 726 812 775 πόλις
853 725 995 768 ἔδωκε.

1061 723 1187 767 Οὕτω
1227 725 1401 766 α’πίκετο

130 793 174 843 ἐς
203 792 284 849 τήν
307 792 458 849 Ἀσίην
489 794 774 851 Δημάρητος,
814 794 885 835 καὶ
915 789 1096 848 τοιαύτῃ
1134 790 1403 847 χρησάμενος

129 860 260 918 τύχῃ·
299 860 406 905 ἄλλα
445 879 490 906 τε
531 863 916 918 Λακεδαιμονίοισι
961 859 1098 916 συχνὰ
1146 859 1310 915 ἔργοισί
1355 875 1398 902 τε

130 930 204 972 καὶ
231 930 430 986 γνώμῃσι
460 929 869 986 ἅπολαμπρυνθεὶς,
909 927 957 970 ἐν
987 927 1034 969 δὲ
1065 927 1118 980 δὴ
1147 928 1218 970 καὶ
1243 926 1398 983 Ὀλυμ-

129 996 267 1041 πιάδα
302 1010 383 1053 σφι
414 998 677 1055 ἀνελόμενος
706 1002 932 1054 τεθρίππῳ
962 996 1203 1049 προσέβαλε
1234 1000 1399 1049 μοῦνος

129 1069 259 1108 τοῦτο
288 1065 463 1109 πάντων
484 1067 537 1123 δὴ
557 1072 646 1110 τῶν
667 1067 915 1121 γενομένων
934 1063 1151 1119 βασιλέων
1179 1064 1225 1107 ἐν
1246 1063 1398 1118 Σπάρ-

126 1149 177 1188 τῃ
206 1131 404 1188 ποιήσας.

209 1203 472 1258 Λευτυχίδης
512 1201 557 1245 δὲ
595 1200 618 1244 ὁ
665 1201 919 1255 Μενάρεος,
958 1199 1228 1257 Δημαρήτου
1260 1208 1414 1243 κατα-1
1449 1196 1537 1262 ᾓξῗε

123 1267 420 1321 παυσθέντος,
452 1268 668 1320 διεδέξατο
699 1269 779 1326 τήν
814 1271 1057 1326 βασιληίην.
1105 1270 1178 1311 καί
1209 1269 1251 1310 οἱ
1280 1270 1391 1323 γίνε-

123 1351 193 1378 ται
222 1334 326 1388 πάϊς
357 1340 644 1394 Ζευξίδημος,
684 1338 762 1382 τὸν
792 1338 844 1393 δὴ
879 1338 1107 1380 Κυνίσκον
1136 1337 1395 1392 μετεξέτεροι

97 1406 442 1461 ἓΣπαρτιητὲων
472 1405 662 1449 ἐκάλεον.
696 1402 827 1456 οὗτος
858 1404 883 1449 ὁ
901 1405 1167 1461 Ζευξίδημος
1197 1401 1280 1448 οὐκ
1301 1405 1394 1459 ἐβα-

122 1473 263 1515 σίλευε
294 1473 522 1530 Σπάρτης·
553 1474 638 1528 πρὸ
670 1475 942 1528 Λευτυχίδεω
971 1473 1056 1530 γὰρ
1086 1475 1282 1529 τελευτᾷ,
1324 1477 1389 1515 λι-
1447 1482 1522 1522 471

91 1540 219 1582 Βπών
257 1543 392 1584 παῖδα
430 1539 699 1599 Ἀρχίδημον.
762 1544 1027 1598 Λευτυχίδης
1072 1541 1117 1585 δὲ
1159 1540 1418 1596 στερηθεὶςδ

62 1685 183 1729 αὐτόν
207 1686 720 1743 ἄπαιρέονται.-βασιλεά

57 1748 97 1782 in
126 1761 231 1800 seqq.
254 1749 342 1786 dedi
363 1762 432 1800 pro
455 1750 638 1798 βασιλῆα.
664 1771 720 1777 —

57 1802 120 1840 Ad
133 1801 491 1857 ἄπολαμπρυνθεὶς
520 1806 570 1842 cf.
589 1807 626 1848 I,
651 1805 718 1846 41.

117 1859 159 1900 ἐν
201 1859 243 1900 δὲ
283 1860 334 1912 δή
363 1861 432 1901 καὶ
467 1858 720 1913 Ὀλυμπιάδα

59 1928 133 1965 σφι
153 1913 420 1970 ἀνελόμενος]
453 1919 554 1955 Olim
571 1915 720 1969 Ὀλύμ-

57 1987 131 2011 πια
159 1981 202 2011 ut
230 1975 291 2022 Vl,
321 1978 398 2022 56,
429 1975 587 2026 aliisque
616 1976 721 2013 locis.

57 2030 109 2066 At
128 2030 214 2066 libri
239 2032 367 2082 scripti
400 2030 474 2068 hoc
509 2032 594 2069 loco
625 2044 721 2069 con-

54 2087 197 2136 spirant
226 2088 305 2125 fere
335 2089 374 2124 in
402 2083 650 2138 Ὀλυμπιάδα
683 2096 720 2126 et

53 2143 180 2194 ipsum
199 2147 388 2196 scriptoris
402 2158 474 2182 usu
487 2146 718 2196 comproba-

52 2206 137 2236 tum
157 2201 220 2250 VI,
244 2204 337 2242 103.
363 2202 454 2242 125.
477 2203 546 2247 ΙΧ,
560 2203 714 2243 32c011.

51 2257 200 2296 Aeliam.
229 2260 277 2296 N.
314 2259 362 2296 A.
393 2260 481 2307 XII,
511 2260 579 2300 40.
639 2261 714 2296 Ubi

51 2314 168 2364 νίκην
205 2316 374 2366 suppleri
411 2317 567 2363 volunt3
609 2317 710 2354 conf.

48 2371 187 2408 Lamb.
207 2373 296 2410 Bos.
317 2374 375 2408 De
403 2374 552 2423 Ellipss.
576 2375 620 2411 L.
644 2375 711 2412 Gr.

49 2440 137 2477 pag.
161 2430 256 2469 320.
313 2430 371 2465 De
392 2431 508 2467 verbo
538 2426 710 2479 οἷνναιρεῖ·

51 2488 148 2523 σθαι
179 2485 284 2522 conf.
314 2486 358 2532 V,
392 2489 470 2527 102
500 2488 591 2538 ibiq.
613 2495 708 2526 nott.

49 2541 112 2588 VI,
137 2544 228 2581 122.
279 2542 377 2578 Hinc
398 2542 567 2593 Pythicis
586 2545 624 2580 iu
647 2546 710 2580 lu-

50 2596 106 2635 dis
125 2599 286 2635 victores
306 2597 529 2637 dicebantur
548 2597 621 2649 τήν
638 2597 706 2639 δᾶ-

49 2669 158 2704 φνην
190 2650 403 2694 ἀνελέσθαι
419 2683 430 2702 ‚
462 2658 500 2692 iu
529 2657 707 2708 Olympi-

47 2711 99 2749 cis
121 2707 336 2752 ἆνελὲσθαι
354 2709 421 2750 τὸν
441 2709 610 2760 κότινον,
634 2726 706 2750 no-

47 2774 149 2805 tante
191 2769 464 2816 Valckenaerio‚
513 2771 579 2821 qui
609 2769 704 2807 haec

47 2823 203 2864 adiecit:
252 2825 442 2875 „Quando
469 2827 559 2863 solus
589 2826 638 2864 ad
665 2827 704 2865 id

779 1706 900 1743 usque
920 1699 1072 1742 tempus
1095 1690 1360 1741 Spartanorum
1387 1703 1444 1726 re-

777 1762 862 1799 gum
875 1750 1090 1786 Demaratus
1111 1747 1303 1798 quadrigis
1321 1747 1438 1796 Olym-

772 1808 918 1856 piac-am
946 1805 1084 1842 dicitur
1110 1807 1305 1853 reportasse
1330 1805 1442 1840 victo-

776 1865 888 1910 riam,
925 1863 1069 1912 priores
1097 1861 1254 1897 fortasse
1291 1859 1339 1896 de
1367 1857 1441 1895 hoc

776 1919 992 1956 certaminis
1012 1929 1163 1968 genere·
1178 1915 1283 1953 idem
1311 1928 1442 1953 sense-

779 1983 891 2022 runt,
933 1974 1039 2026 quod
1063 1979 1195 2024 postea
1222 1973 1438 2022 Agesilaus.

778 2032 864 2068 vid.
893 2029 1089 2069 Plutarch.
1120 2030 1138 2065 Ι
1164 2043 1202 2080 p.
1233 2032 1315 2071 606
1336 2031 1382 2065 Ε.
1403 2031 1439 2065 11

776 2103 813 2139 p.
836 2091 918 2129 212
937 2089 1013 2127 B.“
1058 2087 1229 2124 Pertinet
1249 2099 1340 2123 vero
1361 2099 1437 2123 vox

773 2140 1028 2196 Ὀλυμπιάδα
1062 2156 1184 2196 aeque
1212 2141 1260 2179 ad
1291 2142 1437 2194 προσέ-

773 2203 868 2253 βαλε
881 2209 995 2254 atque
1009 2200 1058 2238 ad
1075 2195 1329 2250 ἀνελόμενον,
1358 2198 1433 2236 hoc

770 2260 849 2296 sere
861 2270 995 2296 sensu:
1029 2257 1181 2304 „attulit
1196 2257 1278 2294 urbi
1291 2258 1433 2307 patriae

773 2316 996 2367 Olympicum
1022 2317 1231 2359 victoriam,
1265 2326 1369 2363 quam
1379 2327 1434 2350 re-

762 2375 1013 2423 portaverat.“
1043 2393 1100 2398 —
1144 2370 1339 2422 βασιλέων
1360 2384 1431 2407 ex-

769 2429 877 2467 hibui
897 2443 967 2481 pro
989 2423 1209 2481 βασιλήων.

970 2531 1063 2582 Cap.
1085 2530 1229 2568 LXXI.

821 2598 1193 2646 καταπαυσθέντος]
1217 2598 1322 2634 Unus
1334 2596 1428 2632 liber

764 2659 977 2694 Parisinus:
1008 2653 1355 2698 καταπαυθέντοςτ
1378 2651 1427 2688 de

764 2728 841 2766 quo
872 2713 949 2751 vid.
983 2713 1032 2750 ad
1061 2715 1090 2760 l,
1126 2713 1217 2752 130.
1240 2731 1294 2738 —
1324 2709 1425 2745 Infra

763 2785 895 2808 omnes
917 2769 1031 2808 codd.
1062 2763 1282 2816 Λαμπιτώ,
1312 2765 1424 2816 plane

763 2835 803 2865 ut
838 2826 939 2878 apud
960 2823 1152 2875 Aristoph.
1175 2824 1330 2873 Lysistr.
1353 2825 1420 2862 77.

1565 1193 1728 1229 Iaeutychi-

1545 1237 1598 1255 rex
1617 1227 1726 1262 factus,

1451 1262 1563 1323 ΙίζῖειὌε
1587 1271 1728 1297 suscepe-

1452 1304 1477 1322 τι
1497 1316 1502 1322 .
