1851 3181
428 269 512 309 4⁴8

829 261 1292 300 HERODOTI

401 374 578 430 3,,Ἐγώ
611 374 657 418 δὲ
687 374 759 417 καὶ
788 372 919 425 πατρὶ
949 374 1010 428 τῷ
1040 374 1126 429 σῷ,
1146 369 1346 426 οἷδελφεςό
1382 369 1428 413 δὲ
1459 369 1569 427 ἐμῷ,
1598 371 1693 411 Δα-

431 447 578 500 ,,ρείῳ,
611 440 824 498 ἠγόρευον
855 440 912 496 μὴ
943 438 1254 493 στρατεύεσθαι
1285 438 1352 481 ἐπὶ
1383 436 1590 487 Σκύθας,
1621 434 1694 477 ἄν·

432 515 566 565 ,,δρας
597 510 819 566 οὐδαμόθι
847 513 927 564 γῆς
958 506 1066 550 ἄστυ
1096 507 1328 562 νέμοντας·
1361 503 1384 548 ὁ
1418 505 1481 556 δὲ,
1513 503 1751 556 ἐλπίζων35

431 579 645 631 ,,Σκυ’θας
696 577 802 629 τούς
850 575 1046 630 νομάδας
1075 574 1475 629 καταστρέψεσθαι,
1512 571 1608 626 ἐμοί
1650 585 1695 613 τε

430 646 543 700 „ov’n
574 648 792 696 ἐπείθετο,
831 642 1202 699 στρατευσάμενός
1230 659 1297 694 τε,
1339 639 1529 691 πολλούς
1549 657 1592 683 τε
1622 639 1695 683 καὶ

401 714 656 770 4,,ἀγαθούς
695 718 772 769 τῆς
811 716 1014 768 στρατιῆς
1043 711 1280 768 ἀποβαλὼν
1309 708 1491 765 ἀπῆλθε.
1551 708 1605 751 σύ
1637 707 1696 758 δὲ,

431 779 494 835 „c3
524 785 723 840 βασιλεῦ,
754 780 921 836 μέλλεις
953 778 1014 823 ἐπ’
1054 779 1215 833 ἄνδρας
1246 776 1559 833 στρατεύεσθαι
1595 780 1696 819 πολ-

432 851 537 903 „hev
577 849 808 906 ἀμείνονας
848 848 876 905 ἦ
917 847 1124 898 Σκύθας·
1169 849 1212 890 οἳ
1241 845 1350 889 κατὰ
1389 844 1621 888 θάλασσάν
1652 860 1698 887 τε

431 920 628 975 „biennum
666 918 739 961 καὶ
783 915 890 960 κατὰ
929 921 1012 972 γῆν
1055 916 1254 970 λέγονται
1284 912 1406 956 εἶναι.
1465 912 1514 956 τὸ
1545 913 1592 955 δὲ
1625 910 1756 956 αὖ-4Ο

405 992 576 1040 5,,τοῖσι
607 988 743 1031 ἔνεστι
773 985 936 1038 δεινὸν,
980 984 1050 1039 ἐμέ
1082 995 1152 1027 σοι
1182 980 1355 1026 δίκαιόν
1385 981 1473 1024 ἐστι
1503 980 1699 1037 φράζειν.

434 1055 626 1108 ,,Ζευ’ξας
664 1054 751 1112 φῂς
788 1054 865 1097 τὸν
889 1050 1232 1108 Ἑλλήσποντον,
1277 1050 1378 1094 ἐλᾶν
1408 1047 1596 1104 στρατὸν
1626 1047 1699 1092 διὰ

433 1127 534 1178 ,,τῆς
574 1122 796 1178 Εὐρώπης
834 1121 877 1173 ἐς
914 1120 995 1178 τήν
1019 1118 1218 1168 Ἑλλάδα,
1276 1118 1348 1161 καὶ
1386 1116 1439 1174 δή
1469 1118 1542 1160 καὶ
1572 1115 1698 1172 συνή·

433 1207 574 1242 „vane
602 1191 630 1248 ἥ
659 1207 727 1234 τοι
755 1191 865 1234 κατὰ
893 1193 975 1246 γῆν
1004 1189 1032 1246 ἢ
1061 1188 1134 1231 καὶ
1164 1187 1276 1230 nato?
1304 1186 1533 1230 θάλασσαν
1565 1185 1698 1228 ἕσσω-

404 1266 460 1312 6,,
473 1263 633 1316 θῆναι,
665 1258 693 1314 ἢ
721 1259 794 1302 καὶ
824 1255 911 1301 κατ’
944 1255 1185 1313 ἀμφότερα.
1246 1257 1289 1299 οἱ
1324 1257 1406 1312 γὰρ
1438 1253 1592 1307 ἄνδρες
1628 1252 1755 1296 λεί-45

434 1344 612 1383 ,,γοντοιι
644 1326 755 1371 εἶναι
799 1325 997 1382 ἄλκιμοι·
1040 1324 1221 1381 πάρεστι
1254 1323 1300 1367 δὲ
1339 1323 1412 1366 καὶ
1441 1319 1699 1378 σταθμώσα-

379 1516 443 1554 que
463 1503 534 1540 l’on
552 1503 767 1551 distz'nguoit
798 1502 862 1539 l'or
878 1514 966 1553 pur,
997 1514 1038 1538 en

379 1561 410 1598 le
420 1559 582 1610 frottant
603 1564 716 1597 contre
738 1560 908 1597 d’autre-
921 1572 979 1606 or,
1010 1559 1037 1594 il

378 1630 441 1653 me
470 1617 614 1653 semble
646 1629 720 1668 que
748 1617 784 1652 le
804 1622 887 1652 mot
907 1630 1037 1667 παρα-

377 1674 583 1726 τρίψωμευ
635 1672 714 1710 doit
743 1670 821 1709 ve'tre
842 1671 1036 1719 conserve,

377 1732 473 1766 mais
494 1743 568 1781 que
589 1730 624 1766 le
644 1736 725 1766 mot
737 1733 853 1766 contre
865 1728 944 1765 doit
957 1726 1037 1764 &tre

379 1786 528 1836 change
550 1799 596 1822 en
628 1787 725 1822 celui
753 1787 775 1822 (ὶ
796 1785 885 1823 εόέέ.
926 1786 1037 1821 Alors

377 1845 412 1880 le
434 1855 591 1894 passage
618 1842 772 1879 devient
803 1843 894 1878 clair
923 1848 959 1878 et
987 1855 1037 1877 ne

377 1913 540 1951 suppose
551 1913 624 1951 que
646 1899 814 1949 l’emploi
827 1898 918 1935 d’un
930 1911 1038 1949 corps

379 1956 462 2005 dur,
483 1969 620 2007 propre
642 1955 664 1992 Ξι
692 1956 862 1993 recevoir
882 1956 919 1992 la
936 1962 1038 1992 trace

381 2013 445 2051 des
466 2013 665 2050 metaux.“

436 2065 633 2120 ’ἠγόρευον
653 2065 707 2119 μή
735 2063 1039 2120 στρατεύεσθαι]

380 2125 465 2164 Vid.
494 2127 567 2173 IV,
601 2129 652 2167 83
677 2132 713 2161 et
733 2124 780 2162 de
802 2123 953 2176 Scythis
973 2138 1041 2162 ur-

380 2184 470 2220 bem
497 2195 575 2218 non
605 2181 860 2218 habitantibus
889 2182 952 2228 IV,
975 2181 1042 2222 46.

379 2241 423 2275 In
444 2240 618 2289 proxime
638 2252 743 2290 seqq.
764 2240 901 2274 merito
932 2240 1042 2275 Gais-

379 2295 477 2334 ford.
520 2296 683 2331 correxit
724 2291 816 2339 τούς
849 2291 1040 2344 νομάδας,

383 2365 472 2390 cum
493 2352 584 2387 olim
606 2357 699 2387 esset
720 2347 812 2396 τούς
833 2347 1039 2401 Νομάδας,

383 2407 486 2461 quod
508 2408 660 2444 retinuit
680 2405 874 2443 Matthiae.
920 2407 1041 2443 Intel-

382 2467 551 2516 liguntur
573 2465 675 2500 enim
707 2461 873 2514 Scythae
894 2476 1040 2512 vagan-

382 2529 448 2566 tes,
477 2520 626 2558 sedibus
643 2520 725 2557 fixis
754 2532 833 2555 non
864 2518 1040 2567 adstricti,

382 2591 508 2630 neque
529 2590 572 2614 ea
584 2575 814 2628 Scytharum
825 2589 921 2626 pars,
943 2589 1041 2627 quae

382 2635 564 2687 peculiari
582 2632 799 2670 Nomadum
819 2633 1043 2683 appellatio-

383 2705 433 2728 ne
454 2691 767 2742 distinguebatur.
795 2688 880 2726 Vid.
894 2690 958 2737 lV,
976 2692 1042 2730 19.

385 2748 438 2790 55
458 2761 563 2799 seqq.

441 2801 590 2843 πολλὸν
617 2798 860 2854 οἷμείνονας]
900 2802 1042 2837 Inseri-

387 2867 448 2898 tur
467 2861 582 2911 vulgo
604 2858 672 2907 ἕτι,
689 2872 787 2912 quae
799 2858 935 2896 vocula
946 2857 1042 2895 duo-

1094 1501 1162 1537 bus
1182 1505 1334 1536 tantum
1352 1498 1391 1534 in
1413 1496 1526 1536 codd.
1548 1503 1757 1550 comparet.

1092 1559 1150 1593 De
1190 1556 1438 1606 comparativi
1487 1569 1559 1593 usu
1610 1555 1756 1594 consul.

1093 1611 1229 1650 Matth.
1252 1614 1318 1650 Gr.
1341 1614 1408 1653 Gr.
1437 1612 1475 1658 ξ.
1501 1612 1596 1662 448,
1622 1618 1640 1653 1
1664 1624 1756 1663 pag.

1093 1670 1187 1710 841.

1370 1725 1407 1770 ξ.
1430 1727 1470 1764 2.

1149 1780 1217 1821 καὶ
1239 1778 1288 1832 δὴ
1314 1780 1383 1820 καὶ
1408 1792 1481 1820 συν
1499 1779 1644 1832 ivenus]
1677 1783 1755 1819 Re-

1094 1839 1229 1876 vocavi
1247 1851 1336 1875 cum
1365 1851 1478 1874 recen
1501 1847 1524 1875 t.
1548 1838 1634 1875 edd.
1658 1839 1756 1875 alte-

1095 1909 1181 1932 rum
1200 1894 1266 1934 καὶ
1278 1896 1448 1945 plurimis
1468 1896 1588 1948 iisque
1607 1896 1758 1947 optimis

1095 1953 1198 1989 libris
1220 1953 1377 1988 allatum
1399 1958 1435 1988 et
1454 1964 1476 1988 a
1492 1952 1699 1990 Schaefero
1721 1959 1757 1990 et

1096 2008 1276 2046 Bekkero
1338 2009 1529 2047 immerito
1578 2010 1757 2046 eiectum.

1098 2067 1264 2104 Sensum
1279 2066 1376 2102 bene
1387 2066 1439 2102 sic
1460 2068 1641 2117 expressit
1652 2068 1758 2103 Lan-—

1099 2135 1168 2174 ge:
1203 2121 1290 2160 Nun
1305 2122 1400 2159 kann
1419 2135 1454 2158 es
1464 2124 1537 2161 sich
1562 2129 1758 2172 zutragen‚·

1099 2180 1256 2217 accidere
1280 2191 1364 2216 sane
1380 2182 1511 2228 potest3
1540 2181 1592 2217 ita
1604 2187 1646 2217 ut
1657 2179 1759 2216 aori-

1098 2244 1175 2274 stus
1196 2235 1234 2273 h.
1257 2237 1281 2274 l.
1299 2237 1410 2272 latins
1428 2243 1568 2285 pateat.

1153 2289 1321 2343 πάρεστι
1346 2289 1388 2330 δὲ
1419 2292 1486 2332 καὶ
1519 2290 1758 2344 σταθμώσα-

1098 2349 1221 2396 σθαι]
1258 2350 1284 2385 i.
1316 2362 1349 2386 e.
1379 2349 1462 2386 inde
1486 2361 1565 2386 vero
1589 2350 1652 2387 Ιιοι·
1670 2362 1757 2399 quo-

1099 2417 1163 2454 que
1193 2406 1357 2442 coniicere
1389 2406 1470 2442 licet
1490 2419 1519 2443 s.
1541 2407 1756 2456 concludere,

1097 2461 1187 2511 quod
1221 2469 1291 2500 etc.
1351 2463 1450 2500 citat
1469 2461 1563 2500 haec
1583 2462 1758 2502 Eustath.

1098 2517 1159 2558 ad.
1187 2519 1230 2554 Il.
1262 2519 1279 2554 I
1307 2532 1345 2569 p.
1376 2522 1440 2566 70,
1473 2519 1525 2560 25
1547 2533 1577 2557 s-
1599 2519 1665 2567 53,
1690 2522 1755 2562 13.

1097 2575 1267 2611 Verbum
1278 2578 1560 2626 σταθμοῦσθαι
1574 2574 1679 2614 haud
1692 2577 1756 2613 iu-
1789 2607 1792 2611 .

1099 2632 1277 2684 frequens
1285 2634 1420 2669 Nostro
1431 2630 1502 2669 hac
1515 2633 1753 2681 concludendi,

1097 2689 1308 2726 coniicz'endi
1324 2691 1500 2727 notione:
1529 2691 1576 2738 11,
1599 2693 1637 2730 2.
1662 2688 1756 2730 150.

1096 2747 1162 2792 111,
1193 2746 1258 2786 15.
1293 2747 1356 2795 IV,
1380 2747 1446 2787 58.
1466 2747 1546 2794 VII,
1572 2749 1634 2786 11.
1655 2743 1751 2784 214.

1097 2805 1192 2843 237.
1227 2802 1326 2851 VIII,
1360 2806 1458 2850 130,
1488 2803 1554 2840 ubi
1584 2801 1754 2852 sequitur

1096 2855 1180 2906 ὅτι,
1218 2860 1324 2896 cuins
1358 2861 1441 2896 loco
1472 2858 1534 2896 hic
1570 2857 1754 2909 reperitur
