1806 3181
83 253 201 292 tempus
219 260 238 279 a
255 250 329 279 Car-

84 286 326 325 thaginiensibus

87 320 161 346 duce
182 319 331 346 Amilcare

86 352 211 381 Siciliae
229 353 358 382 illatum.

412 145 498 185 694

809 139 1274 177 HERODOTI

416 250 503 296 ὑπό
528 250 738 306 Θήρωνος
754 250 836 292 τοῦ
865 248 1168 304 Αἰνησιδήμου
1194 244 1544 300 Ἀκραγαντίνων
1566 249 1732 300 μου-30

416 319 582 375 νάρχου
621 316 862 370 ἐξελασθεὶς
899 316 942 369 ἐξ
976 315 1140 371 Ἱμέρης
1184 314 1395 370 Τήριλλος
1436 313 1459 357 ὁ
1501 312 1680 366 Κρινίπ-

417 403 530 438 που,
571 384 790 441 τύραννος
825 383 910 428 ἐών
945 381 1122 439 Ἱμέρης,
1164 382 1292 440 ἐπῆγε
1319 380 1392 426 ὑπ’
1436 379 1572 424 αὐτὸν
1600 378 1680 423 τόν

363 609 418 648 20
437 619 546 658 seqq.
567 605 653 642 coll.
675 605 744 652 XI,
769 606 806 643 1.
842 603 926 651 Quo
952 616 1024 640 au-

364 671 469 701 ctore
500 660 831 711 Carthaginienses
863 674 912 698 ex
937 660 1023 697 foe-

366 719 456 757 dere
473 731 565 756 cum
583 719 706 755 Persis
716 718 810 753 inito
828 716 943 755 hosce
960 718 1025 755 Si-

367 778 474 814 culos
504 777 670 813 Graecos
708 775 875 824 aggressi
914 781 1023 811 sunt:

367 832 473 885 quod
491 840 624 869 tamen
639 830 775 868 foedus
791 830 902 868 valde
915 832 1027 882 equi-

366 890 458 927 dem
477 902 613 926 vereor
632 895 675 925 ut
706 900 879 939 unquam
909 888 1028 924 exsti-

365 948 466 994 terit,
487 952 667 998 recteque
681 945 849 995 posuisse
877 944 1029 982 videtur

365 1002 600 1040 Dahhnann.
643 1000 786 1039 Herod.
821 1014 907 1053 pag.
949 1003 1029 1041 186

366 1073 447 1113 seq.
478 1058 632 1096 Gelonis
653 1059 798 1095 bellum
827 1072 917 1096 cum
938 1058 1033 1094 Car-

365 1115 669 1167 thaginiensibus
743 1113 840 1152 nihil
919 1113 1033 1167 quid-

367 1187 487 1226 quam
502 1172 551 1210 ad
564 1174 729 1209 Graecos
745 1173 927 1208 Persasve
947 1184 1030 1222 spe-

370 1237 486 1278 ctare,
510 1242 632 1281 quum
645 1235 754 1264 antea
773 1241 926 1280 quoque
936 1234 1031 1264 teste

369 1287 454 1338 ipso
494 1284 692 1322 Herodoto
721 1285 813 1332 VII,
839 1285 919 1326 158
954 1286 1032 1320 iam

369 1344 518 1381 bellum
539 1344 603 1379 ille
624 1354 714 1377 cum
733 1342 873 1378 Poenis
902 1354 1033 1391 gesse—

370 1401 446 1447 rit,
488 1400 554 1451 qui
582 1397 710 1434 denuo
748 1405 862 1450 atque
896 1399 1033 1434 maiori

371 1468 463 1494 cum
483 1456 667 1501 exercitu,
689 1467 766 1505 quo
795 1455 932 1491 certius
954 1456 1034 1491 Ge-

370 1513 504 1552 lonem
560 1512 820 1562 opprimerent
865 1512 1035 1548 Graeco-

372 1580 540 1621 rumque
579 1581 639 1604 res
669 1568 709 1603 in
734 1568 864 1605 Sicilia
885 1574 1034 1605 everte-

373 1632 484 1671 rent,
524 1624 762 1661 accesserint.
819 1625 954 1676 Neque
986 1637 1034 1660 ex

373 1680 530 1720 foedere
550 1682 773 1718 Poenorum
801 1694 891 1717 cum
911 1682 1034 1718 Persis

374 1739 471 1776 inito
496 1736 610 1774 huius
638 1738 731 1774 belli
766 1751 900 1774 causae
931 1751 1040 1788 repe-

375 1794 527 1843 tendae,
538 1793 605 1830 sed
622 1807 671 1830 ex
686 1807 744 1841 eo,
757 1796 904 1845 opinor,
921 1793 1038 1846 quod,

378 1865 471 1890 cum
490 1852 644 1902 utrique
667 1858 703 1887 et
724 1852 847 1888 Poeni
859 1858 896 1888 et
905 1852 1041 1888 Graec1

378 1909 494 1946 totius
533 1908 679 1944 insulae
709 1909 914 1958 imperium
945 1907 1042 1944 affe-

380 1971 543 2012 ctarent,
565 1965 650 2000 illos
671 1965 799 2001 collidi
821 1966 1041 2016 bellumque

380 2022 473 2059 oriri
500 2034 655 2057 necesse
685 2028 777 2058 erat.
840 2022 899 2059 Cf.
920 2022 1044 2058 Botti-

382 2076 658 2114 che1.Histor.
693 2077 1045 2129 Carfflagg-p-37·

382 2135 451 2174 97.
508 2134 643 2183 Itaque
665 2141 766 2170 recte
786 2137 846 2172 Fr.
867 2137 1046 2171 Lorentz.

383 2188 486 2226 hanc
507 2187 602 2225 mihi
614 2191 781 2239 posuisse
797 2190 947 2227 videtur
957 2190 1046 2227 the-

384 2246 582 2291 sinfflalae
599 2247 734 2295 1828):
758 2246 928 2296 „foedus,
942 2246 1045 2298 quod

386 2304 536 2339 Xerxes
557 2313 647 2337 cum
670 2301 1045 2352 Carthaginiensibus

388 2365 522 2395 contra
553 2359 717 2394 Graecos
742 2359 867 2395 iniisse
897 2358 1044 2407 dicitur,

389 2415 611 2453 Similorum
630 2416 775 2451 vanitas
795 2416 946 2454 fiuxit.“

448 2527 483 2566 εἰ
505 2523 560 2576 μή
580 2522 660 2564 fine*
680 2523 871 2576 Θήρωνος
895 2542 930 2565 κ.
949 2543 977 2563 τ.
992 2528 1044 2575 L]

391 2583 606 2620 Diodorum
625 2584 655 2619 si
667 2583 878 2629 audiamus,
901 2585 1048 2620 Hamil-

393 2653 456 2677 car
478 2653 566 2677 cum
580 2638 950 2690 Carthaginiensium
963 2653 1048 2676 ma-

392 2710 447 2733 nu
499 2695 645 2732 delecta
693 2699 891 2734 Himeram
929 2696 1049 2734 tendit

396 2754 553 2806 eiusque
591 2753 754 2804 incolis,
795 2756 863 2807 qui
897 2754 1049 2792 obviam

1082 603 1216 651 ierant,
1236 600 1417 653 inpugna
1431 601 1534 648 susis,
1555 606 1740 636 terrorem

1081 661 1249 696 multum
1269 659 1409 698 iniecit.
1450 659 1584 708 Itaque
1606 654 1739 693 Thero

1082 717 1285 767 Agrigenti
1316 729 1384 752 rex
1397 745 1407 763 ,
1438 713 1486 750 de
1506 711 1663 750 Himera
1679 720 1742 750 tu-

1083 772 1199 810 tanda
1230 773 1410 810 sollicitus
1438 783 1599 822 propere
1620 770 1742 820 Syra-

1083 843 1190 867 cusas
1215 830 1317 866 misit
1339 841 1453 879 opem
1481 828 1664 878 petituros
1694 824 1743 863 ad

1084 888 1271 924 Gelonem
1284 915 1294 934 ‚
1331 886 1398 936 qui
1438 897 1532 921 mox
1572 895 1744 934 egressus

1086 945 1389 994 coniunctusque
1428 954 1519 978 cum
1560 939 1744 977 Therone

1089 1000 1138 1038 ad
1167 1002 1365 1036 Himeram
1393 1000 1542 1035 Poenos
1562 997 1673 1042 fudit,
1701 1003 1746 1033 ut

1088 1059 1258 1109 pluribus
1281 1062 1432 1093 enarrat
1453 1053 1643 1092 Diodorus
1674 1054 1743 1101 XI,

1088 1117 1140 1154 21
1164 1127 1268 1165 seqq.
1326 1114 1383 1149 Ac
1403 1111 1553 1149 videtur
1572 1124 1662 1148 sane
1682 1111 1746 1146 ille

1089 1171 1267 1218 Terillus‚
1290 1170 1353 1221 qui
1364 1170 1520 1205 Himera
1538 1169 1677 1204 eiectus
1699 1165 1748 1203 ad

1087 1229 1239 1265 Poenos
1264 1226 1488 1276 confugerat
1504 1253 1516 1272 ‚
1535 1223 1638 1261 hisce
1658 1223 1747 1274 ipsis

1089 1291 1220 1320 auctor
1252 1283 1367 1319 fuisse
1407 1283 1554 1319 bellum
1595 1281 1748 1318 Graecis

1088 1338 1289 1387 inferendi,
1313 1339 1449 1391 quibus
1471 1337 1619 1375 dudum
1639 1344 1746 1374 erant

1088 1396 1209 1434 invidi
1238 1403 1352 1448 atque
1385 1396 1511 1432 infesti
1543 1396 1590 1432 ob
1618 1394 1747 1445 impe-

1089 1456 1191 1492 rium
1208 1455 1329 1503 magis
1350 1454 1549 1505 magisque
1561 1463 1748 1489 crescens.

1094 1511 1220 1557 Thero,
1236 1511 1341 1547 cujus
1353 1509 1483 1546 laudes
1495 1506 1748 1549 canitfPinda-

1089 1581 1152 1604 rus
1174 1568 1372 1618 OlympJI
1393 1567 1486 1615 (ubi
1504 1565 1581 1603 vid.
1598 1565 1750 1615 potissi-

1090 1637 1199 1660 11111111
1217 1636 1311 1661 vers.
1332 1626 1474 1674 fiseqq.
1484 1635 1512 1659 s.
1524 1625 1576 1662 10
1591 1634 1686 1659 vers.
1697 1622 1750 1661 93

1095 1694 1198 1732 seqq.
1209 1694 1238 1717 s.
1255 1678 1368 1744 170)
1375 1686 1411 1716 et
1433 1679 1586 1730 Olyinp.
1606 1679 1672 1726 III,
1684 1675 1751 1714 h..l

1095 1744 1253 1774 vocatur
1290 1730 1517 1788 μούναρχος
1555 1734 1636 1784 ((16
1676 1747 1753 1786 quo

1096 1793 1174 1832 vid.
1202 1792 1251 1830 ad
1270 1794 1316 1839 V
1330 1795 1384 1833 92
1405 1794 1442 1838 §.
1453 1793 1512 1841 6),
1543 1791 1645 1843 apud
1657 1792 1753 1827 Dio-

1099 1850 1237 1888 dorum
1268 1850 1336 1897 XI,
1359 1852 1413 1890 20
1443 1855 1601 1885 vocatur
1630 1844 1756 1887 δυνα-

1100 1920 1203 1956 στης.
1260 1908 1318 1943 Β6
1337 1906 1557 1943 Aenesidemo
1579 1905 1627 1942 cf.
1656 1917 1756 1956 quae

1102 1964 1181 2001 dixi
1202 1963 1249 2000 ad
1278 1964 1359 2009 VII,
1396 1961 1486 2003 154.
1516 1963 1591 1998 Pro
1623 1961 1757 2008 ἐξελα-

1100 2019 1203 2068 θεὶς,
1225 2019 1328 2072 quod
1348 2020 1449 2056 male
1478 2019 1633 2055 retinuit
1649 2016 1757 2054 Bek-

1100 2077 1228 2125 kerus,
1246 2077 1396 2128 reposui
1417 2074 1652 2124 ἐξελασθεὶς,
1668 2081 1710 2111 ut
1725 2075 1755 2122 I,

1104 2137 1195 2175 163.
1218 2137 1295 2174 173
1327 2133 1428 2169 alibi.

1159 2241 1226 2284 ὑπ’
1255 2240 1377 2283 αὐτόν
1402 2240 1466 2282 τὸν
1496 2238 1640 2292 χρόνον
1661 2244 1777 2281 ἰὀῧ-4
1803 2276 1806 2279 ,

1103 2303 1190 2349 τον]
1215 2302 1238 2337 1.
1260 2315 1293 2337 6.
1315 2301 1376 2336 sub
1395 2302 1508 2350 ipsum
1529 2299 1590 2336 hoc
1611 2295 1767 2350 tempus.
1790 2295 1797 2313 ²

1103 2365 1145 2394 ut
1166 2356 1267 2407 apud
1289 2355 1511 2407 Thucydid.
1532 2357 1579 2403 II⁷
1594 2358 1648 2396 27
1669 2355 1756 2393 coll.

1104 2413 1239 2450 Manli.
1269 2415 1333 2450 Gr.
1357 2415 1422 2449 Gr.
1443 2427 1480 2464 p.
1506 2415 1627 2453 1187.
1670 2410 1758 2449 Vid-

1104 2469 1271 2507 Fischer.
1317 2469 1365 2506 acl
1415 2469 1578 2506 Weller.
1608 2470 1676 2506 Gr.
1704 2469 1757 2505 111

1105 2541 1142 2578 p
1161 2526 1373 2568 278.1nde
1393 2527 1495 2564 male
1515 2525 1554 2562 h.
1574 2526 1600 2564 l.
1616 2524 1760 2562 inFlo-

1105 2586 1253 2620 rentino
1284 2585 1440 2635 aliIsque
1469 2578 1539 2622 ἐπ’
1562 2577 1682 2622 αὐτὸν
1694 2577 1760 2621 τὸν

1105 2637 1266 2692 χρόνον.
1323 2641 1449 2677 Minus
1469 2645 1643 2677 accurate
1662 2638 1757 2674 Dio—

1107 2697 1220 2735 dorus
1249 2698 1318 2745 XI,
1353 2700 1371 2737 1
1404 2699 1488 2743 τοῖς
1516 2691 1647 2742 αὐτοῖς
1666 2688 1757 2746 χρὸ-

1106 2769 1201 2800 νοις
