1851 3181
279 872 342 916 31
404 865 554 921 μάτων
594 862 700 915 τούς
741 861 925 917 οὔρους.

75 935 195 964 Callate
190 936 264 969 bus,
273 945 321 963 me
305 935 348 963 eL

87 970 112 996 is
131 955 321 1009 couifccti'one

74 1046 130 1065 nus
147 1036 335 1074 speciosussi-

74 1079 135 1104 ma,
156 1071 290 1098 aXerxe
309 1078 356 1097 or-

74 1108 159 1133 nata.

404 215 489 255 488

822 208 1288 248 HERODOTI

74 336 137 371 115⁴:
140 335 301 403 umflucu
304 344 332 363 m
407 338 574 369 νονται,
605 319 782 364 ἀπίκετο
815 318 858 369 ἐς
889 317 1132 369 Κολοσσὰς,
1162 315 1294 361 πόλιν
1318 315 1510 373 μεγάλην
1545 319 1672 371 Φρυ-
1728 320 1809 363 525

73 377 349 476 ᾱὲἓέὲῗῖἰιξκῆᾳῐιὲε
403 393 515 448 ’γίηςι
547 390 595 433 ἐν
622 392 676 445 τῇ
706 386 855 438 Λύκος
883 385 1079 442 ποταμός
1108 386 1151 437 ἐς
1177 383 1318 441 χάσμα
1346 388 1426 440 γῆς
1455 383 1676 442 ἐσβάλλων

73 470 144 506 giae
157 470 316 507 Lydiaequ
320 479 346 498 e
407 458 683 515 ἀφανίζεται·
735 456 880 499 ἔπειτα
917 453 991 498 διὰ
1030 455 1219 497 σταδίων
1251 452 1310 503 ὦς
1338 452 1463 496 πέντε
1492 451 1676 508 μάλιστά

405 543 461 584 κη
491 522 871 581 ἀναφαινόμενος,
903 522 1071 566 ἐκδιδοῖ
1096 521 1170 565 καὶ
1197 516 1328 572 οὗτος
1366 521 1408 571 ἐς
1442 519 1521 564 τὸν
1558 521 1676 563 Μαί-

376 596 589 649 Ξανδρον.
648 592 695 636 ἐκ
734 591 781 635 δὲ
828 588 1094 633 Κολοσσέων
1137 588 1412 645 ὁρμεώμενος
1442 588 1466 631 ὁ
1497 587 1732 643 στρατὸς50

405 662 475 706 ἐπὶ
503 661 609 712 τούς
637 659 802 716 οὔρους
829 662 919 702 τῶν
954 659 1147 712 Φρυγῶν
1175 657 1357 700 καὶτῶν
1375 659 1550 711 Λυδῶν,
1581 655 1675 700 ἀπί-

404 745 504 774 κετο
535 728 578 780 ἐς
607 728 822 782 Κύδραρα
851 725 1003 771 πόλιν·
1026 725 1136 769 ἔνθα
1167 723 1299 782 στήλη
1328 730 1674 781 καταπεπηγυῖα,

409 801 617 841 σταθεῖσα
647 796 693 841 δὲ
731 794 821 840 ὑπὸ
851 795 1074 850 Κροίσου,
1125 792 1390 849 καταμηνύει
1430 791 1502 836 διὰ
1541 809 1676 848 γραμ·

980 861 1058 914 Ὡς
1097 862 1144 905 δὲ
1183 861 1230 904 ἐκ
1258 865 1335 917 τῆς
1368 861 1563 916 Φρυγίης
1591 858 1677 904 ἐσέ-

406 935 511 990 βαλε
551 932 593 984 ἐς
631 932 711 988 τὴν
739 932 922 987 Λυδίην,
963 929 1212 987 σχιζομένης
1241 933 1318 986 τῆς
1347 929 1474 980 ὁδοῦ,
1505 929 1578 972 καὶ
1607 932 1734 984 τῆς55

317 1011 348 1029 ³·
406 1000 486 1056 μὲν
521 999 564 1052 ἐς
601 998 835 1057 ἀριστερὴν
874 998 943 1043 ἐπὶ
973 999 1144 1056 Καρίης
1176 996 1411 1055 φερούσης,
1455 1001 1531 1055 τῆς
1560 997 1608 1041 δὲ
1636 997 1680 1049 ἐς

409 1172 637 1225 Κολοσσοῖς,
674 1171 794 1216 πόλιν
818 1170 1011 1227 μεγάλην]

350 1234 496 1271 Vocem
525 1228 719 1285 μεγάλην,
752 1244 851 1284 quae
871 1244 892 1268 a
914 1230 1014 1268 duo-

352 1291 422 1327 bus
444 1289 555 1329 codd.
570 1290 673 1326 abest
689 1296 725 1326 et
745 1289 784 1325 in
799 1288 930 1325 vallae
950 1289 1013 1324 in-

349 1347 620 1398 terpretatione
659 1346 864 1392 omittitur,
914 1345 1014 1381 bene

351 1411 481 1441 tuetur
507 1403 786 1452 Wesselingius
824 1402 909 1438 loco
931 1403 1015 1438 Xe-

351 1459 559 1526 nophontis
585 1460 641 1509 (in
660 1459 828 1496 Anabas.
847 1459 877 1505 Ι,
899 1460 937 1507 2,
960 1455 1016 1510 6,)

354 1517 601 1569 quiColossas
618 1522 731 1554 vocat
742 1511 858 1554 πόλιν
880 1513 1019 1553 οἰκου-

354 1572 604 1624 μένην-καὶ
619 1568 809 1624 μεγάλην.
820 1569 919 1608 Add.
923 1572 1018 1607 Dio-

353 1629 437 1668 dor.
466 1630 568 1677 XIV,
594 1632 644 1671 18
665 1635 703 1666 et
724 1628 850 1665 Strab.
880 1629 954 1664 XII
975 1641 1014 1678 p.

353 1685 436 1727 864
455 1688 500 1723 Β.
522 1700 550 1726 S.
573 1686 669 1734 576,
691 1686 796 1722 cuius
817 1691 939 1721 aetate
949 1697 1017 1721 ur-

353 1744 443 1780 bem
458 1744 536 1780 iam
553 1741 762 1779 decrevisse
774 1741 909 1778 merito
923 1754 1018 1777 con-

352 1800 476 1847 iicias‚
507 1812 606 1852 quae
627 1797 761 1836 eadem
773 1799 933 1834 Neronis
952 1810 1018 1834 ae-

354 1863 430 1893 tate
451 1869 593 1907 magno
614 1862 735 1893 terrae
755 1861 866 1891 motu
886 1855 1019 1891 conci-

355 1912 451 1950 derit
470 1926 596 1964 neque
611 1913 657 1949 ab
675 1925 720 1949 eo
735 1910 825 1948 inde
845 1918 1018 1962 tempore

353 1969 575 2008 refloruerit.
635 1967 747 2016 Quod
768 1969 871 2004 enim
896 1981 917 2004 a
937 1968 1019 2004 Pli—

354 2027 418 2062 niO
455 2028 502 2065 H.
533 2028 580 2063 N.
610 2026 657 2075 V,
689 2027 744 2066 32
765 2024 855 2075 (41)
879 2025 917 2070 ξ.
941 2023 1019 2065 145

355 2083 609 2119 celeberrimis
620 2080 767 2134 oppidis
788 2087 1019 2127 accensetur,

355 2138 395 2175 id
416 2138 465 2176 ad
495 2141 621 2189 priora
640 2138 811 2175 retuleris
833 2144 1018 2188 tempora.

357 2195 440 2233 Sita
467 2195 538 2232 fuit
567 2196 655 2232 urbs
684 2196 725 2231 in
754 2207 799 2231 ea
840 2193 1022 2245 Phrygiae

356 2265 507 2301 magnae
519 2259 739 2303 parte‚quae
749 2251 819 2287 sub
834 2251 1022 2287 Constan-

357 2309 410 2346 tio
434 2307 616 2358 Phrygiae
640 2308 858 2358 pacatianae
877 2319 1022 2343 nomen

358 2366 553 2412 assumsit,
600 2377 623 2401 a
648 2362 839 2400 Laodicea
874 2369 1021 2413 septem

358 2420 460 2459 horis
481 2420 641 2467 distans,
662 2432 781 2470 prope
802 2419 1024 2469 Hierapolin

358 2485 472 2530 atque
493 2479 719 2529 Apameam.
760 2476 834 2521 Qui
852 2488 956 2512 nunc
972 2475 1025 2511 ibi

359 2535 546 2586 reperitur
585 2534 690 2571 vicus
728 2544 818 2569 cum
854 2532 1022 2580 castello,

359 2591 498 2629 dicitur
533 2590 681 2628 Chones.
746 2589 863 2625 Plura
904 2587 1023 2624 disse-

359 2649 435 2685 ruit
477 2648 633 2684 Carolus
664 2642 863 2692 Baehr‚in
902 2645 1025 2681 intro—

361 2704 465 2742 duct.
497 2702 546 2741 ad
580 2704 814 2741 Commeutt.
844 2702 884 2737 in
914 2702 1026 2737 Pauli

359 2762 478 2812 Epist.
501 2759 550 2797 ad
570 2761 711 2798 coloss.
735 2757 868 2808 (Basil.
899 2757 1025 2808 1832)

360 2831 447 2868 pag.
475 2816 616 2858 1—-4.
649 2835 697 2844 —
743 2813 844 2852 Add.
871 2815 1024 2852 VViuer.

1069 1171 1251 1212 Biblisch.
1270 1173 1542 1210 Realwo'rterb.
1560 1172 1580 1209 Ῑ
1596 1186 1635 1223 p.
1651 1174 1730 1213 791

1071 1230 1130 1270 ed.
1171 1229 1330 1268 secund.
1370 1231 1427 1266 De
1475 1228 1579 1280 Lyco
1617 1229 1734 1265 fluvio

1071 1288 1171 1325 conf.
1204 1287 1330 1324 Strab.
1363 1288 1439 1324 XII
1465 1300 1506 1338 p.
1538 1285 1620 1326 578
1642 1285 1683 1323 C.
1704 1298 1736 1322 s.

1071 1346 1153 1386 867
1182 1345 1231 1381 Β.

1131 1429 1198 1472 διὰ
1238 1431 1437 1481 σταδίων]
1480 1429 1567 1469 Vid.
1601 1428 1737 1468 Matth.

1075 1490 1139 1528 Gr.
1163 1490 1228 1527 Gr.
1250 1502 1338 1540 pag.
1364 1489 1484 1530 1050.
1540 1489 1634 1524 Mox
1649 1500 1739 1524 cum

1074 1545 1294 1596 Schweigh.
1318 1553 1355 1583 et
1375 1545 1492 1582 Gaisf.
1515 1543 1605 1582 dedi
1623 1543 1740 1583 πέντε

1074 1599 1243 1654 μάλιστα
1276 1618 1350 1652 κη,
1385 1603 1452 1639 ubi
1482 1603 1599 1652 vulgo
1621 1596 1741 1653 μάλι-

1079 1656 1149 1699 στά
1174 1675 1225 1710 κη
1245 1658 1374 1699 πέντε.

1132 1738 1171 1785 ἐς
1192 1734 1413 1790 Κύδραρα]
1437 1734 1741 1786 Schweighaeu-

1076 1808 1159 1832 sero
1207 1797 1343 1831 Noster
1389 1792 1553 1830 eandem
1591 1792 1742 1830 videtur

1074 1853 1211 1888 urbem
1249 1850 1396 1898 dicere,
1427 1863 1526 1901 quae
1548 1845 1742 1901 Κούραρα

1075 1907 1178 1960 apud
1209 1908 1389 1946 strabon.
1421 1908 1496 1944 ΧΠ
1529 1920 1569 1958 Ρ.
1594 1906 1676 1947 578
1698 1907 1741 1948 C.

1076 1979 1105 2002 s.
1127 1979 1166 2017 p.
1188 1967 1268 2006 867
1289 1966 1337 2002 Β.
1367 1971 1403 2001 et
1423 1963 1513 2001 XIV
1531 1977 1571 2014 p.
1593 1965 1675 2004 663
1697 1963 1739 2002 C.

1077 2036 1104 2059 s.
1126 2036 1165 2073 p.
1187 2023 1266 2062 978
1287 2023 1335 2059 D.
1395 2021 1500 2065 Quae
1530 2018 1667 2056 eadem
1686 2026 1742 2057 est

1077 2079 1256 2115 Heerenii
1274 2078 1461 2115 sententia
1481 2078 1521 2113 in
1540 2075 1658 2113 Ideeu
1670 2083 1742 2113 etc.

1077 2137 1094 2172 Ι
1114 2148 1202 2186 pag.
1227 2133 1320 2175 164.
1349 2136 1449 2171 Nam
1471 2146 1514 2170 ea
1537 2134 1627 2170 urbs
1637 2146 1743 2169 mer—

1079 2192 1210 2229 catur&
1229 2191 1398 2228 floruisse
1423 2191 1540 2227 fertur
1560 2190 1608 2226 ob
1628 2190 1743 2226 situm

1079 2247 1331 2286 commodum
1360 2247 1488 2284 multis
1519 2245 1744 2297 frequenta-

1078 2312 1117 2341 ta
1147 2304 1422 2341 mercatoribus
1449 2301 1621 2356 undique
1647 2315 1743 2340 cou-

1078 2361 1298 2398 fluentibus.

1279 2450 1371 2501 Cap.
1398 2449 1547 2487 XXXI.

1126 2528 1188 2570 ἐπὶ
1203 2530 1375 2580 Καρίης]
1398 2530 1423 2566 i.
1436 2543 1470 2566 e.
1502 2528 1648 2566 Cariam
1662 2539 1743 2565 ver-

1080 2600 1151 2624 sus.
1211 2588 1348 2637 Attigit
1372 2584 1507 2623 Matth.
1528 2587 1594 2624 Gr.
1616 2586 1682 2621 Gr.
1702 2597 1741 2634 p.

1085 2645 1205 2684 1162.
1273 2644 1372 2679 Hino
1399 2643 1500 2679 male
1533 2643 1573 2678 iu
1595 2640 1741 2678 duobus

1081 2701 1216 2738 Pariss.
1239 2698 1304 2738 ἐπὶ
1324 2700 1493 2750 Καρίην.
1513 2719 1570 2726 --
1598 2697 1742 2734 Urbem

1084 2754 1345 2806 Καλλάτηβον
1383 2767 1512 2803 nemo,
1554 2759 1740 2806 quantum

1081 2813 1180 2862 scio,
1201 2814 1320 2860 novit,
1340 2818 1489 2863 praeter
1507 2822 1630 2847 uuum
1651 2809 1740 2846 Ste-
