1806 3181
256 158 340 198 8⁰8
724 166 1121 209 EXCURSUS
1178 174 1238 211 1v

251 263 498 323 Ἀοτροῖρχην
523 283 720 327 nuncupat
751 276 905 329 Orphici
936 282 1081 333 Hymn.
1110 284 1198 321 vm
1217 286 1325 337 [1X]‚
1346 302 1401 327 vs.
1426 292 1490 330 10.
1544 293 1648 344 Magi
1668 307 1738 332 au-

251 343 331 374 tem
359 340 500 378 Persici
520 344 717 381 consimile
737 358 881 383 nomen
911 350 1072 387 servavit
1102 351 1291 403 Diogenes
1329 358 1516 397 Laertius.
1593 363 1736 401 Dicitur

248 396 559 460 Ἀστροέμψυχος
578 412 639 448 vel
658 412 756 449 forte
774 409 1054 467 Ἀστράψυχος
1076 413 1136 466 >³³).
1192 421 1286 459 Inde
1306 427 1449 463 transiit
1480 426 1529 464 ad
1550 430 1735 468 Graecum

250 470 461 524 hominem,
493 478 559 530 qui
576 487 728 530 praeter
743 483 1006 522 oneirocritica
1027 486 1142 522 etiam
1162 487 1339 541 θεωρίαν
1358 495 1436 532 τῶν
1457 489 1630 548 οἷστὲρων
1641 511 1734 536 con-

249 541 486 593 scripserat.“

359 623 453 670 „His
474 626 601 676 positis
621 628 818 665 neminem
839 642 910 680 ego
932 631 1124 683 ambigere
1146 635 1304 673 arbitror
1319 667 1329 687 ‚
1360 652 1438 691 quo
1465 644 1652 693 pertineat
1679 645 1736 683 vis

245 699 290 724 ac
304 696 468 739 potestas
487 694 653 732 nominis
671 690 947 747 Ἀστρόβακος,
960 701 1037 737 sive
1058 696 1329 754 Ἀστράβακος
1348 706 1592 757 pronuntiare
1611 714 1732 751 malis.

244 755 318 793 Res
338 763 452 808 atque
473 769 744 811 argumentum
762 764 972 803 istiusmodi
991 766 1153 807 heroum
1172 772 1324 810 fabulae
1339 776 1385 812 ab
1403 778 1644 816 orientalibus
1659 781 1731 818 oris

243 830 299 860 est
323 824 501 864 advecta:
540 831 699 867 nomina
728 830 777 867 ad
804 833 1082 873 Graecanicum
1117 852 1335 878 sermonem
1368 843 1492 881 efficta
1510 847 1732 887 immutata-

243 903 332 942 que.
388 894 489 930 Inest
510 897 614 933 enim
634 896 691 935 his
710 899 750 934 in
771 899 906 938 fabulis
927 905 1103 943 omnibus
1123 907 1265 946 lunaris
1293 911 1419 962 aliqua
1434 913 1551 961 ratio,
1585 917 1647 953 vel
1669 931 1730 955 ve-

243 959 319 997 rIus
334 946 522 1000 lunaticus
542 964 660 1003 furor.
704 966 773 1016 vAc
792 970 952 1006 nomina
972 972 1224 1025 eloquuntur,
1256 977 1360 1029 quod
1379 992 1488 1017 mens
1518 983 1580 1019 vel
1607 986 1730 1035 potius

242 1030 409 1066 amentia
442 1031 614 1069 clausum
647 1033 832 1072 recondit.
899 1039 1245 1081 Daemoniacarum
1273 1049 1583 1098 superstitionum
1611 1053 1731 1091 ubivis

241 1095 434 1134 luculenta
467 1100 634 1150 vestigia.
698 1103 832 1155 Neque
866 1106 971 1142 enim
1000 1105 1155 1146 heroica
1186 1114 1309 1164 magis
1342 1122 1430 1152 sunt
1455 1114 1550 1154 haec
1570 1119 1729 1170 singula,

242 1176 360 1215 quam
383 1165 642 1217 daemoniaca,
665 1183 753 1207 cum
773 1173 973 1222 gentiliciis
992 1178 1315 1232 popularibusque
1335 1184 1448 1220 sacris
1469 1185 1640 1225 confusa.
1671 1189 1729 1227 Ac

242 1229 493 1272 daemonibus
512 1236 780 1288 interpositum
799 1241 927 1291 ipsum
947 1242 1180 1284 Astrahacum
1201 1247 1413 1288 videbimus
1432 1251 1572 1290 infra.“

353 1314 572 1360 „Hactenus
604 1315 652 1352 de
679 1318 895 1368 astrologiae
913 1321 1188 1371 significatione
1218 1327 1397 1366 adiuncta
1425 1332 1576 1369 nomini
1595 1334 1730 1371 Astra-

240 1377 337 1417 baci.
393 1382 528 1433 Neque
548 1395 638 1419 vero
659 1383 848 1424 bestiarum
865 1389 1088 1438 significatio
1110 1394 1320 1432 omittenda
1344 1404 1411 1435 est.
1467 1400 1630 1450 Flagitat
1658 1401 1729 1440 ad-

239 1448 492 1485 versariorum
520 1450 709 1487 calumnia
722 1481 732 1500 ,
763 1465 861 1504 quae
881 1457 1073 1495 Demarati
1094 1458 1496 1516 patrem‘o’votpoossov
1515 1467 1727 1517 effluxerat,

238 1514 400 1564 Flagitat
418 1511 659 1565 Ἀλώπεκος,
671 1531 787 1570 quem
806 1522 962 1560 fratrem
981 1527 1203 1580 sociumque
1212 1530 1419 1570 Astrabaco
1436 1534 1608 1587 adiungit
1621 1540 1728 1576 Pau-

236 1583 358 1619 sanias
377 1581 417 1620 h.
439 1597 472 1620 e.
493 1586 654 1622 asinario
670 1587 864 1637 vulpinum.
923 1592 1005 1637 Qua
1024 1595 1064 1630 in
1085 1608 1125 1632 re
1144 1610 1223 1633 non
1242 1600 1369 1637 multis
1389 1602 1511 1640 verbis
1521 1617 1725 1656 exponam,

239 1647 342 1698 quod
372 1650 460 1686 alibi
487 1651 581 1689 feci:
617 1653 848 1693 Graecarum
878 1658 1094 1699 fabularum
1120 1662 1290 1702 indolem
1310 1669 1362 1704 ita
1381 1669 1502 1718 ferre,
1532 1678 1596 1720 ut,
1626 1685 1725 1725 quae

237 1715 284 1751 ab
304 1717 545 1756 orientalibus
567 1718 784 1760 hominibus
804 1737 882 1763 uno
897 1728 1135 1781 simplicique
1164 1734 1340 1783 symbolo
1370 1736 1499 1774 iuncta
1520 1751 1725 1778 common-

235 1789 421 1834 sti-entur,
443 1799 487 1823 ea
507 1788 593 1824 illae
615 1787 833 1841 disiungant
853 1800 890 1829 et
919 1794 959 1830 in
980 1799 1227 1850 genealogiae
1246 1802 1411 1840 formam
1429 1804 1617 1856 redigant.
1673 1810 1724 1846 Et

236 1864 325 1888 vero
346 1850 442 1890 haec
461 1855 651 1893 Laconica
671 1858 848 1909 expedita
867 1861 1089 1912 redduntur,
1115 1881 1183 1917 per
1203 1875 1356 1908 tesseras
1376 1872 1596 1924 Aegyptias.
1650 1877 1723 1914 Et-

238 1919 340 1955 enim
365 1921 545 1974 Aegyptii
573 1926 678 1962 exosi
706 1934 813 1965 erant
841 1927 1011 1979 asinum,
1042 1939 1173 1984 utpote
1193 1937 1334 1974 animal
1363 1938 1580 1991 Typhonis.
1635 1943 1722 1995 Ty—

236 1984 425 2036 phonium
444 1998 573 2028 autem
593 1993 735 2030 animal
756 1994 931 2034 dicebant
947 2000 1096 2037 asinum
1115 2015 1195 2039 non
1215 2005 1341 2042 minus
1366 2015 1520 2059 propter
1544 2010 1722 2049 inertiam

237 2066 280 2089 ac
301 2057 562 2107 petulantiam,
583 2073 698 2111 quam
717 2071 871 2114 propter
889 2066 1019 2102 rufum
1037 2069 1216 2110 colorem.
1275 2074 1428 2112 Rubent
1448 2078 1552 2114 enim
1570 2085 1614 2116 ut
1630 2080 1721 2131 plu-

237 2121 378 2158 rimum
397 2124 436 2160 iu
457 2127 599 2164 oriente
620 2130 735 2169 aselli.
783 2132 976 2172 Plutarch.
995 2137 1053 2172 De
1071 2137 1157 2175 lsid.
1178 2153 1217 2190 p.
1239 2144 1319 2182 363
1340 2156 1378 2193 p.
1400 2141 1495 2185 488.
1515 2146 1719 2198 Wyttenb,

235 2184 451 2240 Αἰγύπτιοι
473 2191 515 2232 δὲ
538 2192 796 2249 πυρῥόχρουν
823 2200 1026 2254 γεγονέναι
1045 2201 1116 2244 τόν
1141 2209 1317 2257 Τυφῶνα
1328 2208 1716 2261 νομίζοντες-ἄπο-

233 2252 372 2295 λαύειν
383 2272 422 2297 τε
434 2258 582 2300 καὶτὸν
594 2260 691 2302 ὄνον
702 2261 832 2319 ὥσπερ
844 2268 994 2321 εἴρηται
1004 2274 1074 2322 τῆς
1093 2271 1332 2327 ὁμοιότητος,
1350 2276 1417 2318 διοὶ
1436 2276 1510 2331 τήν
1531 2275 1718 2332 ἆμαθίαν

233 2322 301 2362 καὶ
313 2322 386 2375 τήν
397 2322 515 2379 ὕβριν
527 2324 599 2380 οὐχ
617 2324 775 2383 ἧττονῆ
796 2332 862 2373 dm?
887 2334 960 2387 τήν
979 2335 1113 2390 χρόαν,
1128 2342 1292 2382 οἴονται.
1323 2345 1401 2383 Sed
1432 2346 1480 2384 de
1498 2349 1604 2386 asino
1619 2363 1716 2388 cou-

233 2396 352 2429 temto
362 2394 408 2430 ab
419 2395 615 2447 Aegyptiis
635 2399 707 2435 alia
728 2401 840 2437 etiam
860 2404 956 2440 infra
968 2418 1216 2456 apponemus.
1245 2412 1437 2452 Nunchoc
1448 2429 1571 2454 unum
1581 2423 1715 2456 tenea-

230 2471 337 2506 mus,
363 2468 405 2498 ut
425 2465 634 2514 cogitemus
653 2466 834 2516 vulpinum
846 2470 978 2508 heroem
988 2476 1143 2511 asinario
1157 2477 1342 2518 additum.
1375 2484 1541 2522 Proinde
1561 2499 1652 2524 cum
1672 2488 1712 2524 in

229 2527 445 2566 Herodotea
464 2534 680 2570 narratione
701 2534 947 2586 dewz‘cientz'ae
967 2547 1003 2578 et
1024 2547 1234 2596 contemptus
1254 2551 1410 2602 vestigia
1427 2554 1598 2605 latitent,
1634 2569 1711 2609 quo

275 2722 312 2766 *)
339 2723 483 2771 Diogen.
510 2731 548 2765 L.
568 2732 720 2768 Prooem.
745 2738 778 2778 §-
802 2737 951 2783 Qibique
975 2739 1116 2788 interpr.
1167 2746 1221 2781 Cs.
1238 2748 1426 2786 Heumann.
1444 2754 1479 2786 et
1503 2752 1637 2787 Harles.
1664 2751 1706 2786 ad

346 2781 479 2817 Fabric.
509 2786 546 2822 Β.
565 2788 629 2822 Gr.
656 2790 730 2826 Vol.
759 2793 786 2824 V
810 2805 842 2838 p.
866 2796 934 2832 265
957 2809 1026 2841 seq.
