1815 3181
385 203 444 242 98

793 180 1253 225 HERODOTI

362 304 660 362 (uolagtye'vm
700 296 753 341 τὰ
783 294 924 340 πολλὰ
954 292 1084 348 ὁμοῖα
1114 287 1242 332 ἐόντα
1271 290 1386 328 τοῖσι
1413 281 1652 325 Ἰωνικοῖσι.

361 376 420 422 Ξὸ
453 375 531 433 μὲν
562 368 614 425 δή
647 363 707 417 εἷς
735 368 825 408 τῶν
855 361 1079 417 τριπόδων
1107 357 1353 410 ἐπίγραμμα
1386 351 1480 405 ἔχει,
1670 346 1711 382 15
1771 346 1774 352 “

527 443 752 494 Ἀμφιτρύων
775 440 818 488 μ’
846 439 1007 484 ἀνέθηκε
1027 436 1121 472 νέων
1147 431 1224 469 α’πό
1252 427 1488 475 Τηλεβοάων.

337 604 562 655 potestatem
581 593 727 631 faciunt
755 589 938 628 sacrificia
957 587 998 623 in

339 659 411 696 hoc
440 656 535 693 festo
558 652 703 697 oblata,
737 661 758 684 e
779 648 914 699 quibus
936 646 1000 681 in-

339 715 459 753 censis
489 709 649 760 auguria
688 706 910 756 capiebant,
963 707 1001 737 et

342 773 415 809 alia
435 783 458 806 a
493 768 682 804 Creuzero
711 763 739 798 l.
759 762 786 798 l.
805 773 895 812 pag.
919 759 999 798 163

343 829 467 866 allata.
487 846 544 851 —
574 820 637 858 Ad
657 819 774 857 verba
799 818 840 856 ἐν
866 811 1003 866 Θήβῃ-

341 898 381 925 σι
401 881 503 921 conf.
533 876 676 916 Herod.
696 876 734 922 I,
756 875 810 916 52
829 873 895 909 fin.
925 871 1000 907 ibi-

345 954 419 994 que
448 943 544 975 nott.
602 932 704 971 Add.
724 932 771 979 V,
803 932 857 971 63
887 925 1003 967 Ἀλω-

345 999 489 1050 πεκῇσι
523 994 604 1030 sine
624 989 762 1027 vocula
783 986 838 1026 ’ἐν
872 992 908 1022 et
937 983 1002 1029 VI,

349 1056 414 1094 19.
471 1051 588 1087 Plura
608 1046 706 1083 dabo
728 1043 777 1081 ad
806 1043 858 1089 V,
880 1043 947 1082 82.

405 1103 453 1159 μ’
482 1102 657 1154 ἀνέθηκε
684 1099 788 1140 νέων
825 1093 902 1137 ἀπὸ
935 1098 1009 1145 Τη-

349 1161 553 1217 λεβοάων]
584 1161 711 1208 Vulgo
747 1151 1010 1204 ἀνέθηκεν

351 1221 468 1269 ἐών,
517 1216 622 1271 quod
659 1212 911 1252 Valckenaer.
941 1207 1012 1244 ad-

352 1279 557 1330 stipulante
566 1285 691 1324 nuper
700 1269 839 1307 Bothio
851 1269 892 1304 in
905 1266 1014 1316 Opu-

353 1335 460 1374 scull.
502 1333 600 1369 critt.
638 1340 727 1380 pag.
768 1325 833 1372 14,
884 1329 1014 1359 muta-

353 1400 439 1430 tum
476 1389 597 1427 voluit
633 1387 697 1421 in:
749 1377 795 1433 μ’
834 1375 1015 1428 ,ἀνέθηκε

355 1441 465 1489 ἐόντ’
515 1439 595 1483 ἀπὸ
654 1433 912 1490 Τηλεβοάων,
973 1440 1017 1470 ut

356 1507 474 1555 tripus
494 1514 528 1538 se
549 1500 679 1537 diceret
699 1496 898 1534 dedicatum
910 1491 951 1528 de
962 1491 1018 1527 vi-

358 1564 427 1599 ctis
445 1558 620 1601 Telebois,
650 1557 741 1590 cum
759 1553 799 1588 in
833 1546 1020 1586 eiusmodi

360 1618 472 1655 rebus
494 1612 675 1651 dedicatis
701 1605 783 1648 οἷπό
812 1605 887 1642 hoc
908 1616 1021 1642 sensu

359 1674 580 1725 frequenter
608 1669 759 1717 legatur
787 1661 889 1713 apud
917 1662 1023 1698 Pau-

362 1731 522 1768 saniam.
551 1721 810 1771 Webseliugio
822 1720 926 1770 prius
938 1717 1025 1768 pla-

366 1791 516 1824 onerat:
549 1773 722 1830 ἐνέθηκ’
747 1773 897 1822 ἆνιών,
937 1773 1026 1811 dein

324 1860 329 1862 >
364 1841 538 1892 Bergleri
577 1835 752 1889 probavit
787 1830 1028 1869 emendatio-

364 1912 471 1945 nem,
497 1894 646 1934 Wolfio
675 1893 716 1928 in
744 1889 924 1938 Prolegg.
945 1888 1029 1923 Ho—

367 1967 482 1993 merr.
504 1967 542 2004 p.
555 1949 621 1997 55,
653 1946 861 1986 Schaefero
881 1951 919 1981 et
928 1943 1031 1979 Mat-

369 2011 472 2050 thiae
506 2019 660 2061 quoque
688 2004 890 2055 probatam
920 2007 957 2037 et
992 2000 1032 2035 in

371 2074 524 2106 textum
570 2068 764 2112 receptam
789 2071 799 2095 2
861 2050 1034 2105 ἀνέθηκ’

375 2122 466 2171 ἰών,
487 2123 512 2158 i.
534 2133 568 2157 e.
588 2117 796 2168 Amphitryo
810 2125 863 2150 me
885 2113 1031 2150 dedica-

373 2183 427 2219 vit
455 2179 593 2216 veniens
624 2174 714 2222 [nisi
733 2171 880 2222 potius:
910 2171 1034 2205 ventu-

375 2236 455 2284 rus]
477 2248 501 2271 α
525 2231 693 2270 Telebois.
732 2224 1035 2275 Schweighaeu—

379 2305 482 2331 serus
503 2296 617 2341 atque
640 2282 872 2322 Gaisfordius
887 2311 896 2329 ,
939 2293 1034 2332 quos

381 2346 563 2402 equidem
582 2349 731 2381 secutus
752 2351 848 2385 sum,
871 2337 1039 2374 eVilloi-

381 2406 465 2444 soni
495 2397 689 2454 (Anecdd.
719 2397 876 2433 Graece.
896 2394 932 2430 Π
951 2405 1039 2445 pag.

384 2461 484 2510 129)
521 2458 585 2496 vel
624 2455 745 2506 potius
774 2451 960 2497 Bentleii,
999 2455 1043 2485 ut

383 2522 516 2556 monet
534 2511 763 2556 Larcherus,
803 2505 1044 2544 emendatio-

383 2587 454 2621 ne,
477 2570 698 2610 ediderunt:
723 2561 897 2614 α’νὲθηκε
919 2561 1044 2601 νέων

389 2626 468 2671 uinci
510 2619 763 2678 Τηλεβοάων,
792 2622 818 2658 i.
840 2633 874 2656 e.
896 2618 1043 2669 Amphi-

388 2692 467 2738 tryo
502 2697 554 2722 me
586 2681 766 2720 dedicavit
807 2679 984 2714 revertens
1022 2687 1045 2710 a

394 2742 572 2781 Telebois.-
592 2740 630 2775 in
652 2736 789 2789 quibus
800 2740 930 2770 tamen
943 2729 1045 2767 haud

393 2800 469 2837 scio
491 2810 539 2835 an
560 2795 686 2833 θοι-ἰπὶ
711 2790 953 2844 participium
984 2800 1046 2823 re-

1054 585 1246 636 quiratur,
1275 587 1318 617 ut
1337 579 1404 616 sit:
1448 584 1664 612 reversus
1691 582 1717 606 α

1059 640 1216 678 Telebois
1236 651 1286 675 me
1300 637 1343 673 A.
1364 632 1555 677 dedicavit,
1579 639 1718 680 quem-

1061 695 1274 733 admodum
1303 695 1344 729 in
1377 692 1495 726 altero
1525 687 1719 737 epigram-

1058 761 1162 790 mate
1190 752 1237 799 V,
1271 752 1324 790 60
1352 748 1516 797 legitur:
1552 737 1722 791 νικήσας

1061 806 1257 859 οἷνέθηκε,
1297 807 1322 841 i.
1345 818 1378 841 e.
1419 803 1630 853 „postquam
1665 799 1721 833 vi-

1058 869 1176 912 cerat,
1218 876 1269 900 me
1295 859 1515 916 dedicqvstf‘
1572 851 1722 891 Deinde

1059 934 1212 975 quoque
1235 932 1324 956 cum
1342 915 1566 957 Wolfiofieo
1597 909 1723 948 offen—

1061 979 1142 1026 dor,
1158 976 1261 1030 quod
1273 975 1423 1012 nullum
1439 981 1628 1021 umquam
1647 967 1724 1002 mi-

1063 1035 1105 1073 hi
1144 1033 1309 1071 innotuit
1355 1028 1578 1078 exemplum
1618 1022 1726 1060 verbi

1066 1092 1179 1129 activi
1197 1088 1303 1128 νέειν
1332 1084 1527 1123 revertendi
1557 1081 1726 1125 notione,

1068 1148 1143 1200 qua
1163 1145 1337 1183 medium
1350 1143 1511 1179 verbum
1533 1136 1635 1189 apud
1647 1138 1731 1172 Ho-

1067 1217 1232 1250 merum,
1242 1201 1505 1252 Apollonium,
1521 1196 1612 1232 alios
1625 1206 1731 1230 sem-

1068 1275 1137 1313 per
1172 1261 1339 1311 ponitur.
1415 1251 1528 1300 Quod
1566 1251 1670 1287 enim
1711 1261 1734 1284 e

1070 1317 1232 1355 Homeri
1261 1316 1406 1365 Hymn.
1438 1313 1479 1347 in
1501 1310 1627 1346 Cerer.
1650 1304 1732 1347 395

1072 1374 1258 1411 afferunt:
1285 1369 1338 1417 ω’ς·
1351 1367 1422 1419 μὲν
1442 1363 1518 1419 γάρ
1537 1379 1579 1403 κε
1592 1357 1733 1408 νέουσ’,

1071 1433 1176 1469 locus
1203 1435 1331 1480 aperte
1358 1423 1564 1462 mendosus
1601 1426 1639 1456 et
1676 1419 1736 1455 la-

1074 1499 1237 1525 cunosus
1274 1491 1350 1530 est,
1391 1482 1453 1518 cui
1482 1475 1737 1516 Ruhnkenius

1074 1543 1223 1581 mederi
1265 1539 1409 1577 studuit
1444 1537 1634 1574 scribens:
1685 1529 1739 1577 ὥς

1078 1599 1150 1653 μὲν
1169 1595 1244 1652 γάρ
1269 1592 1309 1636 κ’
1340 1587 1566 1639 ἆνιοῦσ’,
1600 1591 1642 1626 in
1663 1599 1740 1640 quo

1079 1670 1168 1695 eum
1190 1653 1433 1705 nuperrimus
1447 1649 1568 1686 editor
1577 1658 1657 1685 non
1667 1645 1741 1682 ob-

1080 1720 1232 1752 secutus
1282 1716 1358 1757 est,
1407 1704 1513 1759 quod
1561 1700 1743 1755 equidem

1081 1769 1193 1810 valde
1211 1767 1346 1819 probo.
1406 1764 1449 1800 C.
1472 1763 1517 1799 Ο.
1537 1758 1744 1797 Miiller.in

1082 1827 1267 1875 Bottiger.
1295 1819 1466 1859 Amalth.
1493 1820 1512 1855 I
1544 1828 1632 1868 pag.
1665 1814 1747 1854 129

1085 1882 1265 1936 proponit
1293 1881 1333 1916 iu
1354 1875 1573 1914 Herodoto:
1602 1869 1748 1922 Ἁμφι-

1086 1936 1220 1991 τρύων
1248 1931 1294 1987 μ’
1332 1931 1507 1982 ἐνέθηκε
1534 1931 1637 1969 νεῶν
1667 1923 1748 1965 ὕπο

1095 1988 1346 2047 Τηλεβοάων.
1412 1990 1496 2026 Erit
1522 1987 1639 2037 igitur
1667 1981 1749 2032 (hic

1090 2054 1195 2090 enim
1214 2048 1310 2087 mihi
1329 2045 1480 2085 videtur
1507 2056 1587 2080 esse
1615 2040 1751 2077 inscri-

1087 2109 1228 2161 ptionis
1246 2101 1392 2154 sensus)
1416 2097 1638 2151 cogitandus
1651 2097 1760 2133 Am?
1807 2126 1810 2130 Δ

1087 2164 1254 2217 phitryo,
1287 2161 1353 2212 qui
1374 2157 1496 2195 redux
1520 2156 1568 2192 ab
1589 2151 1752 2204 expedi-

1087 2224 1192 2259 tione
1211 2221 1252 2255 in
1268 2216 1456 2254 Teleboas
1477 2213 1596 2259 facta,
1631 2211 1670 2247 in
1690 2208 1752 2246 vi-

1093 2278 1234 2315 ctoriae
1272 2279 1485 2324 reportatae
1522 2266 1752 2305 memoriam
1808 2284 1810 2287 v

1095 2340 1248 2385 gratum
1284 2329 1355 2367 deo
1379 2329 1552 2365 animum
1582 2323 1755 2361 declara-

1095 2398 1215 2436 turus,
1245 2385 1438 2437 tripodem
1457 2381 1628 2434 Apollini
1647 2376 1759 2417 dedi-

1097 2447 1208 2484 cavit.
1270 2443 1458 2488 Teleboae,
1498 2439 1564 2491 qui
1600 2435 1650 2473 ad
1680 2436 1761 2471 Le-

1099 2504 1230 2553 legum
1259 2501 1415 2550 stirpem
1447 2495 1671 2548 pertinuisse
1697 2491 1756 2528 vi-

1102 2559 1253 2603 dentur,
1281 2569 1359 2592 una
1379 2566 1469 2592 cum
1489 2549 1647 2602 Taphiis
1669 2546 1761 2596 (nisi

1100 2615 1219 2652 iidem
1248 2624 1401 2664 prorsus
1421 2606 1588 2647 habendi
1607 2604 1700 2654 sint)
1719 2603 1761 2639 in

1102 2670 1328 2710 occidentali
1357 2665 1596 2705 Acarnaniae
1617 2673 1683 2698 ora
1702 2659 1763 2696 vi-

1103 2730 1272 2780 cinisque
1292 2725 1422 2762 insulis
1451 2720 1540 2759 inde
1561 2715 1764 2768 cognomi·-

1101 2786 1199 2822 natis
1226 2781 1333 2821 sedes
1363 2780 1544 2818 dicuntur
1572 2773 1761 2818 habuisse,
