1815 3181
254 543 319 587 17

48 616 189 644 Abductis
206 615 301 642 Paeo-

173 649 319 684 Megaba-

47 692 97 712 zus
113 670 151 710 ad
163 685 321 718 Amyntam

46 716 247 746 Macedoniae
272 725 319 743 rc-

45 760 114 787 gem
128 750 234 784 mittit,
254 750 304 785 qni
348 748 668 804 Ξστρατοπὲδῳ,

46 651 131 679 nibus

46 792 156 821 uquam
176 788 301 811 terram-

46 826 105 854 que
120 821 235 852 petant.
262 817 321 844 Via

47 861 67 879 a
85 851 194 886 palude
213 851 287 878 Pra-

44 885 139 919 stade,
158 885 195 912 ad

44 918 163 954 argenti
182 919 224 946 fo(
237 919 316 952 inae,

44 952 314 984 inMacedoniam.
344 954 455 1010 ὃτὴν
475 953 770 1007 Μακεδονίην.
813 956 965 1006 πρῶτα
993 952 1071 1005 μὲν
1099 951 1181 1007 γὰρ
1213 953 1348 1007 ἔχεται
1376 950 1452 1006 τῆς
1480 950 1634 1004 λίμνης
1691 949 1773 989 379

236 893 301 912 llam

379 167 436 206 26

778 163 1240 200 HERODOTI

381 273 424 323 ἐς
452 273 531 328 τὴν
549 272 703 326 λίμνην
719 285 731 296 ·
760 272 834 314 καὶ
856 270 910 314 οὐ
936 270 1099 316 πολλόν
1126 288 1224 316 τινα
1250 272 1412 326 χρόνον
1439 271 1637 327 ἐπισχών,

351 350 371 382 7
382 340 555 398 ἀνασπᾷ
588 338 752 395 πλήρεα
782 337 964 394 ἰχθύων.
1004 343 1092 382 τῶν
1122 340 1166 383 δὲ
1197 339 1363 395 ἰχθύων
1395 340 1480 382 ἐστὶ
1509 340 1660 394 γε’νεαι

378 408 482 460 δύο,
513 405 614 457 τούς
635 407 837 450 καλέουσι
858 406 1089 459 πάπρακάς
1117 425 1161 450 τε
1182 409 1252 450 καὶ
1277 409 1469 458 τίλωνας.
1503 407 1636 452 Παιό-

377 492 470 520 νων
503 476 581 530 μὲν
611 474 663 528 δὴ
694 475 738 517 οἷ
764 474 1044 529 χειρωθέντες
1063 475 1221 531 ἤγοντο
1247 475 1289 526 ἐς
1318 476 1395 530 τὴν
1419 473 1578 531 Ἀσίην.

467 542 728 597 Μεγάβαζος
773 543 819 585 δὲ
869 544 927 596 ὥς
968 545 1224 600 ἐχειρώσατο
1272 542 1377 593 τούς
1426 545 1638 595 Παίονας,

375 613 529 668 πέμπει
565 611 774 665 ἀγγέλους
803 611 847 662 ἐς
875 616 1180 670 Μακεδονίην,
1211 611 1374 664 ἄνδρας
1402 609 1506 653 ἔπτὰ
1526 609 1664 663 Πέρ·5

380 693 468 731 σας,
503 683 545 723 οἳ
573 678 665 734 μετ’
696 678 831 723 αὐτὸν
860 687 1007 724 κεῖνον
1036 677 1150 737 ἦσαν
1180 679 1471 734 δοκιμώτατοι
1500 677 1546 720 ἐν
1575 680 1636 735 τῷ

727 747 967 802 ἐπέμποντο
1012 751 1058 792 δὲ
1103 744 1227 792 οὗτοι
1263 745 1369 802 παρ’
1406 745 1634 801 Ἀμύντην,

379 818 625 872 αἰτήσοντες
653 820 736 871 γῆν
764 832 808 859 τε
839 817 910 859 καὶ
940 817 1062 872 ὕδωρ
1093 818 1265 871 Δαρείῳ
1296 815 1473 871 βασιλέϊ.
1511 811 1634 856 ’Ἐστι

376 886 422 929 δὲ
467 885 513 927 ἐκ
549 888 624 940 τῆς
665 883 918 937 Πρασιάδος
956 887 1109 941 λίμνης
1157 885 1376 938 σύντομος
1412 881 1552 935 κάρτα
1590 879 1634 932 ἐς

371 1021 421 1065 τὸ
450 1021 679 1078 μέταλλον,
711 1019 752 1070 ἐξ
775 1014 829 1062 οὗ
858 1017 1041 1075 ὕστερον
1068 1019 1239 1063 τούτων
1263 1019 1480 1062 τάλαντον
1502 1014 1632 1072 ἄργυ-
1647 1023 1690 1056 10

317 1191 448 1232 δισσαὶ
487 1195 743 1242 σχοινοτενεῖς
786 1191 973 1240 σπυρίδες

315 1250 355 1285 in
368 1248 648 1298 A11tl1010g.VI,
660 1251 683 1288 3
694 1262 731 1298 p.
745 1247 972 1297 548(T01n.

316 1308 372 1342 IX
391 1320 429 1357 p.
443 1305 534 1346 165.
555 1305 636 1346 455
648 1305 826 1353 Iacobs.).
855 1306 972 1341 Plura

314 1361 390 1400 vid.
424 1364 464 1398 in
494 1360 679 1413 Stephan.
707 1359 827 1399 Thes.
858 1362 908 1398 T.
939 1362 972 1399 V

300 1402 352 1470 Χρ.
372 1421 495 1460 8091.

369 1505 462 1555 τούς
477 1506 662 1547 καλέουσι
691 1523 719 1545 π
731 1503 756 1546 α’
766 1523 795 1546 π
808 1523 829 1560 ρ
843 1525 866 1546 α
877 1524 898 1546 κ
911 1505 935 1546 οἱ
950 1525 969 1555 ς

312 1580 353 1604 τε
371 1564 438 1603 καὶ
460 1565 702 1612 τίλωνας]
734 1566 792 1600 De
822 1563 879 1602 his
908 1567 970 1616 pi-

313 1622 435 1658 scibus
470 1620 567 1657 nihil
606 1620 817 1673 quidquam
847 1624 970 1672 reperi

310 1678 504 1715 traditum.
575 1678 730 1715 Tilonem
759 1677 970 1715 Lare-herus

311 1742 506 1785 comparat
526 1748 615 1771 cum
633 1747 677 1770 eo
706 1736 819 1785 pisci,
853 1748 968 1787 quem

313 1790 480 1828 Tz‘llonem
511 1798 619 1828 vocat
646 1792 836 1828 Aristotel.
866 1794 964 1829 Hist.

309 1848 383 1885 An.
404 1849 502 1895 VIII,
523 1851 578 1888 20
597 1860 685 1897 pag.
708 1847 788 1888 915
809 1849 854 1884 Β.

526 1961 747 2011 eap.xv11.

363 2033 496 2089 ἦσαν
518 2035 805 2089 δοκιμώτατοι]
836 2039 962 2090 Vulgo

310 2094 414 2142 ἕσαν,
445 2096 550 2132 cuius
570 2097 652 2132 loco
676 2109 765 2133 cum
786 2096 902 2133 Gaisf.
927 2104 963 2133 et

307 2150 442 2188 Matth.
484 2165 504 2187 e
534 2153 751 2189 Florentino
782 2166 825 2190 ac
860 2153 961 2190 San-

308 2209 416 2245 crosti
447 2208 540 2245 libro
570 2208 657 2245 dedi
678 2204 793 2257 ἦσαν.
851 2209 961 2246 Idem

309 2265 380 2322 [eci
409 2265 453 2310 V,
482 2268 555 2306 20:
616 2265 846 2305 συνέπαινοι
885 2264 960 2318 yolo

308 2321 332 2372 ἦ
348 2334 442 2369 σαν,
474 2322 537 2357 ιιΙ)ἰ
567 2323 682 2372 vulgo
705 2322 809 2361 ἕσαν.
825 2348 875 2353 -
898 2323 959 2359 Ad

307 2379 420 2415 verba
457 2373 684 2429 αἰτήσοντες
725 2382 800 2430 γῆν
826 2395 865 2419 τε
892 2379 959 2418 καὶ

306 2431 413 2484 ὕδωρ
455 2434 532 2472 vid.
553 2442 646 2472 nott.
669 2435 716 2471 ad
735 2437 798 2483 IV,
822 2439 900 2477 126
924 2443 961 2473 et

308 2495 346 2528 in
374 2490 551 2528 Addend.
584 2504 669 2542 pag.
693 2495 772 2533 678
793 2495 895 2530 Tom
911 2495 960 2530 ΙΙ.

307 2552 415 2586 Nunc
445 2557 485 2586 tu
516 2548 603 2585 add,
624 2550 668 2596 V,
689 2547 756 2589 48.
777 2553 844 2590 73.
878 2551 958 2597 Vll,

311 2609 400 2648 131.
431 2609 522 2647 133.
556 2608 750 2647 138-163
782 2619 801 2642 a
836 2607 959 2643 Sinte-

309 2665 376 2699 nis.
407 2662 454 2699 ad
494 2661 685 2700 Plutarch.
710 2661 958 2700 Themistocl.

308 2733 392 2770 pag.
413 2719 466 2759 42
487 2720 616 2756 allatos
632 2749 641 2766 ,
663 2720 725 2756 ubi
747 2721 956 2757 solemnem

306 2778 384 2813 sere
411 2777 448 2812 in
480 2775 549 2813 hac
581 2777 743 2813 formula
765 2776 864 2827 apud
887 2777 957 2813 bo-

1027 1206 1099 1230 nos
1120 1194 1317 1244 scriptores
1339 1192 1485 1229 articuli
1512 1191 1688 1228 omissio-
1730 1182 1731 1188 ¹

1027 1263 1118 1286 nem
1157 1263 1235 1287 esse
1274 1256 1407 1286 monet
1444 1249 1502 1285 vir
1541 1247 1687 1284 doctus.

1086 1302 1143 1345 σύ
1159 1322 1282 1358 ντομ
1300 1322 1350 1353 ος
1380 1302 1522 1356 κοῖρτα]
1565 1305 1686 1351 „Ma-

1027 1364 1111 1400 lunt
1144 1358 1363 1413 σύντομον,
1400 1362 1448 1399 ob
1482 1357 1685 1411 συντομώ-

1025 1434 1142 1459 τατον
1162 1420 1243 1467 VII,
1268 1422 1342 1460 121
1368 1426 1405 1456 et
1426 1413 1603 1468 σύντομα
1615 1418 1687 1464 τῆς

1025 1473 1125 1516 ὁδοῦ
1162 1478 1192 1523 Ι,
1226 1476 1305 1517 185
1343 1474 1461 1524 [Add.
1482 1475 1546 1521 IV,
1570 1473 1685 1522 156].

1026 1532 1105 1571 Sed
1125 1534 1369 1570 consimiliter
1380 1531 1596 1569 Aristoteles
1605 1531 1684 1567 Ge·-

1024 1604 1106 1627 ner.
1147 1590 1220 1637 IV,
1260 1589 1287 1630 4
1326 1586 1401 1638 τὴν
1443 1583 1684 1637 σύντομον.“

1032 1646 1102 1683 We
1112 1661 1128 1683 s
1138 1661 1153 1683 s
1165 1647 1202 1683 el
1214 1648 1261 1683 in
1272 1659 1308 1695 g.
1350 1647 1412 1682 Nil
1440 1643 1683 1691 mutandum,

1026 1705 1056 1740 si
1097 1702 1254 1754 quidem
1294 1716 1384 1739 cum
1414 1700 1592 1738 Fiscliero
1633 1699 1683 1737 ad

1024 1761 1187 1797 Weller.
1209 1761 1274 1806 ΙΙΙ,
1297 1772 1330 1795 a.
1351 1773 1390 1810 p.
1405 1759 1485 1800 259
1507 1758 1683 1808 supple-re

1022 1818 1111 1853 licet
1131 1813 1236 1862 ὁδός.
1285 1817 1378 1853 Mox
1410 1814 1498 1853 dedi
1529 1810 1682 1853 τούτων

1022 1887 1090 1924 pro
1112 1872 1295 1912 τουτέων.

1078 1930 1216 1981 πρῶτα
1251 1926 1323 1979 μὲν
1349 1925 1424 1980 γὰρ
1457 1925 1581 1978 ἔχεται
1607 1927 1681 1975 τῆς

1020 1987 1162 2037 λίμνης
1189 1983 1233 2025 τό
1255 1984 1462 2035 μέταλλον]
1487 1983 1678 2031 „Metalla,

1019 2043 1124 2080 unde
1154 2041 1375 2079 Alexandro
1417 2042 1611 2091 Amyntae
1649 2040 1678 2076 f.

1018 2107 1097 2136 tam
1127 2101 1280 2151 copiosa
1310 2099 1457 2148 argenti
1476 2098 1551 2144 vis,
1581 2096 1678 2132 forte

1018 2156 1165 2204 eadem,
1179 2169 1275 2208 quae
1285 2154 1494 2204 Philippus,
1506 2153 1678 2189 Alexan-

1017 2212 1075 2250 dri
1095 2214 1147 2250 M.
1169 2219 1298 2263 pater,
1329 2211 1476 2261 ingenti
1497 2208 1676 2260 deinceps

1016 2271 1122 2307 lucro
1163 2270 1331 2306 exercuit
1370 2266 1472 2318 apud
1509 2267 1674 2317 Appian.

1018 2328 1126 2363 civil.
1148 2327 1291 2377 IVcap.
1313 2327 1403 2370 106,
1439 2335 1675 2375 quamquam

1018 2391 1054 2420 et
1075 2384 1168 2419 aliae
1189 2385 1270 2419 istic
1291 2383 1372 2418 auri
1393 2387 1506 2433 atque
1529 2381 1675 2430 argenti

1016 2439 1169 2477 fodinae
1190 2441 1227 2475 in
1238 2440 1362 2476 Nostri
1382 2439 1445 2484 VI,
1466 2436 1518 2478 46
1541 2444 1576 2474 et
1591 2436 1673 2484 VII,

1019 2499 1110 2536 112.
1169 2498 1254 2533 Fuit
1292 2508 1382 2532 sane
1420 2495 1542 2545 prisco
1572 2500 1674 2530 tem-

1015 2566 1128 2603 pore,
1161 2554 1314 2590 fortasse
1345 2558 1381 2588 et
1400 2565 1525 2598 nunc,
1555 2548 1673 2586 modo

1014 2611 1142 2647 sollers
1153 2624 1241 2647 cura
1253 2608 1461 2655 accederet,
1471 2608 1535 2644 illa
1545 2605 1670 2644 Thra-

1015 2679 1103 2702 cum
1151 2668 1255 2718 regio
1292 2667 1487 2717 utriusque
1526 2662 1669 2699 metalli

1014 2723 1204 2759 uberriine
1237 2724 1356 2760 ferax.
1413 2721 1533 2758 Multa
1567 2719 1668 2756 Blas-

1015 2779 1282 2831 Caryophilus,
1314 2780 1451 2830 Opuso.
1483 2776 1530 2814 de
1560 2776 1667 2823 Auri,
