1815 3181
233 730 298 774 76

28 794 148 830 Nempe
165 794 302 822 Cleome-

27 830 165 864 uesArg«
158 829 268 856 undem
332 814 450 865 Ξσθη
468 808 626 865 ’Ἁργος
657 808 863 865 αἱρήσειν.

28 864 98 890 olim
125 871 302 903 aggressus,

27 905 94 924 cnm
119 898 212 932 Argix
215 905 258 931 os,

359 226 444 266 334

359 334 553 390 μάρητον
582 331 793 387 γενόμενα
821 330 969 387 λέγειν.

766 223 1224 262 HERODOTI

1025 331 1083 384 ὥς
1124 333 1170 377 δὲ
1209 333 1434 391 Ἀθηναῖοι
1462 340 1622 390 μοῦνοι

359 403 558 458 λέγουσι,
589 398 701 442 διότι
730 400 773 451 ἐς
789 398 1010 444 Ἐλευσῖνα
1039 401 1234 456 ἐσβαλών
1265 402 1398 457 ἔκειρε
1427 401 1476 446 τὸ
1507 403 1622 459 τέμε-

359 487 437 520 νος
472 472 560 511 τῶν
589 472 726 511 θεῶν·
758 466 816 519 ὦς
845 469 892 511 δὲ
918 466 1124 523 Ἀργεῖοι,
1166 468 1233 513 ὅτι
1271 470 1312 521 ἐξ
1343 472 1444 525 ἱροῦ
1473 470 1622 515 αὐτῶν
1634 478 1679 512 7ο

359 541 438 580 τοῦ
458 536 620 592 ’Ἀργου
647 535 847 591 Ἀργείων
875 535 980 586 τοὺς
1008 535 1341 592 καταφυγόντας
1364 539 1410 581 ἐκ
1439 543 1515 595 τῆς
1543 538 1622 595 μά-

357 621 434 660 χης
465 603 755 658 καταγινέων,
786 604 1034 654 κατέκοπτε,
1064 606 1138 647 καὶ
1160 604 1266 649 αὐτὸ
1296 604 1426 658 ἄλσος
1455 607 1502 650 ἐν
1523 605 1622 651 ἄλο-

358 675 430 729 γίῃ
461 672 568 728 ἔχων
597 671 814 728 ἐνέπρησε.

431 741 666 796 Κλεομένεϊ
699 742 783 797 γὰρ
827 738 1137 798 μαντευομένῳ
1179 740 1225 783 ἐν
1256 744 1471 796 Δελφοῖσι
1507 740 1627 798 ἐχρή-

305 987 391 1016 ante
424 980 504 1030 ipse
534 980 751 1019 Herodotus
790 981 962 1020 dixisset:

303 1034 503 1088 ἐπιταμών
532 1035 607 1089 γάρ
635 1035 734 1078 κατα
755 1042 880 1090 μῆκος
896 1037 966 1087 τὰς

304 1090 464 1144 σάρκας.
485 1095 690 1132 Pausanias
705 1096 839 1133 eadem
852 1110 965 1134 enar—

303 1163 389 1187 rans
425 1151 491 1198 111,
521 1151 547 1192 4
579 1153 616 1197 §.
647 1153 694 1192 5:
735 1153 966 1205 ἐτίτρωσκεν

305 1203 422 1254 αὐτὸς
466 1205 584 1247 αυτὸν
626 1208 693 1247 καὶ
732 1207 879 1264 ὄιεξηει
918 1207 962 1250 τὸ

304 1266 423 1329 σῶμα
435 1279 544 1303 απαν
565 1261 725 1304 κόπτων
746 1281 785 1305 τε
807 1267 873 1305 καὶ
898 1270 964 1305 λυ-

303 1315 558 1371 μαινόμενος.
583 1342 638 1349 -
676 1322 738 1359 Ad
767 1319 964 1375 α’νέγνωσε

304 1376 522 1429 (persuasit)
546 1378 695 1426 conf.I‚
718 1381 870 1428 68.111‚
895 1383 961 1421 61.

361 1449 414 1481 ως
431 1432 474 1473 δὲ
502 1430 718 1485 Ἀθηναῖοι
738 1439 882 1486 μοῦνοι
897 1435 963 1476 λέ-

301 1492 444 1543 γουσι]
492 1494 635 1542 μοῦνοι
667 1505 684 1528 a
716 1494 885 1544 pluribus
914 1495 964 1530 li-

300 1549 375 1585 bris
393 1549 506 1587 abest.
568 1549 747 1586 Ceterum
774 1552 963 1588 narratio-

299 1605 357 1641 nis
406 1603 615 1642 dissensum
662 1614 770 1644 notat
808 1621 962 1660 quoque

300 1662 465 1698 Pausan.
486 1663 552 1709 ΙΙΙ,
575 1662 601 1702 4
623 1663 660 1708 §.
684 1664 722 1704 5.

359 1715 509 1766 διότιές
521 1714 726 1758 Ἐλευσῖνα
750 1717 958 1771 ἐσβαλών]

302 1774 412 1811 Conf.
434 1776 479 1822 V,
512 1775 566 1816 74
598 1783 635 1812 et
664 1778 827 1813 Pausan.
848 1779 913 1825 ΙΙΙ,
935 1778 961 1818 4

302 1832 337 1876 ξ.
358 1834 396 1871 2.
428 1833 485 1867 De
514 1834 665 1882 Argivis
685 1833 879 1871 trucidatis
914 1835 962 1871 cf.

300 1889 364 1934 VI,
395 1891 462 1929 79.
506 1889 680 1939 Τέμενος
704 1892 769 1927 vix
797 1892 965 1927 multum

301 1943 412 1982 distat
433 1946 479 1982 ab
503 1959 546 1982 eo
577 1947 681 1998 quod
702 1949 872 1999 sequitur
889 1945 964 1986 α’λ-

303 2014 382 2048 σος.
433 2003 542 2041 Conf.
564 2005 626 2051 vl,
649 2007 701 2045 79
725 2011 762 2041 et
790 2003 965 2042 Eustath.

302 2058 350 2095 ad
379 2059 422 2095 ll.
455 2073 494 2109 p.
527 2062 622 2107 907,
654 2064 702 2101 31
727 2075 756 2098 s·
779 2064 874 2107 868,
897 2063 965 2102 29.

305 2115 548 2166 καταγινέων
579 2116 716 2154 Suidas
745 2131 774 2154 s.
796 2132 832 2154 v.
855 2120 906 2155 T.
929 2120 965 2154 II

302 2184 389 2222 pag.
412 2173 491 2212 253
529 2179 564 2208 et
586 2174 716 2210 Glossa
748 2174 965 2211 Herodotea

303 2229 405 2263 male
428 2229 620 2278 explicant
637 2227 857 2269 καταλύων.
887 2233 966 2267 Re-

303 2286 409 2331 ctius,
433 2292 590 2322 notante
605 2288 861 2337 VVesselingio
872 2318 881 2334 ‚
895 2301 966 2324 ex-

302 2342 502 2392 plicassent
523 2339 716 2394 κατάγων.
774 2345 832 2379 De
861 2345 965 2394 Argo

304 2397 420 2434 heroe
446 2399 546 2435 conf.
569 2401 731 2436 Pausan.
753 2401 800 2447 Π,
824 2403 966 2440 16.22.

303 2454 369 2495 34.
392 2455 456 2501 111,
478 2453 517 2494 4.

359 2510 402 2550 ἐν
439 2507 578 2564 ἀλογίῃ
610 2510 737 2562 ἔχων]
781 2512 970 2562 Despectus

303 2567 445 2615 habens,
467 2569 558 2606 nihil
578 2571 762 2618 respiciens
783 2570 858 2605 luci
879 2582 969 2606 san-

304 2626 488 2661 ctitatem.
547 2627 590 2661 In
621 2626 811 2662 Sancrosti
840 2626 961 2662 libro:

302 2680 344 2720 ἐν
367 2677 505 2734 α’λογίῃ
528 2677 639 2731 σχών.
683 2683 735 2718 At
755 2689 855 2719 recte
876 2683 963 2718 vul-

304 2745 432 2787 gatam
458 2745 584 2775 tuetur
612 2740 776 2778 wessel.
811 2752 858 2775 ex
880 2741 960 2786 Ul,

303 2796 397 2834 226.
430 2796 591 2846 Procop.
612 2797 655 2833 Β.
670 2796 713 2832 V.
727 2798 755 2843 Ι,
769 2798 835 2836 20.
858 2795 960 2832 Add.

303 2851 444 2888 Herod.
465 2853 528 2899 lv,
545 2852 635 2894 150.
657 2854 702 2900 ll,
730 2852 819 2892 141·

920 808 1011 852 ἐπεί
1039 824 1084 852 τε
1121 808 1168 852 δὲ
1197 808 1477 866 Σπαρτιήτας
1507 808 1681 865 ἅγων75

1204 983 1296 1033 Cap.
1315 983 1491 1021 LXXVI.

1078 1040 1162 1081 ἐπεὶ
1186 1055 1225 1079 τε
1244 1037 1286 1079 δὲ
1298 1034 1552 1092 Σπαρτιήτας
1571 1035 1680 1091 ἄγων

1020 1113 1056 1136 κ.
1081 1113 1114 1136 τ.
1147 1098 1201 1145 λ.]
1239 1098 1333 1133 Loci
1361 1103 1546 1133 structura
1564 1097 1679 1147 paulo

1020 1154 1251 1205 impeditior,
1268 1166 1504 1205 quamquam
1526 1151 1574 1189 de
1590 1166 1680 1189 sen-

1019 1224 1064 1248 su
1083 1210 1179 1247 nihil
1201 1210 1374 1247 dubium.
1418 1208 1529 1255 Quod
1550 1208 1598 1246 ad
1618 1222 1680 1246 ar-

1019 1275 1250 1318 gumentum
1265 1268 1408 1313 attinet,
1422 1273 1597 1303 constans
1613 1279 1682 1302 ve-

1019 1332 1146 1361 terum
1156 1325 1227 1360 suit
1248 1325 1388 1374 opinio,
1401 1323 1561 1358 fiuvium
1581 1322 1681 1360 Era·

1020 1384 1134 1418 sinum
1147 1410 1156 1427 ,
1180 1381 1245 1432 qui
1266 1379 1313 1416 ad
1334 1378 1534 1416 meridiem
1557 1381 1682 1430 Argo-

1020 1451 1109 1474 rum
1140 1451 1160 1473 e
1191 1444 1324 1473 monte
1354 1435 1510 1473 Chaone
1540 1449 1681 1487 prove-

1019 1495 1076 1531 nit
1094 1494 1262 1546 indeque
1292 1506 1398 1530 mare
1425 1506 1554 1530 versus
1575 1492 1683 1530 dela-

1019 1552 1146 1598 bitur,
1190 1564 1270 1587 non
1301 1551 1420 1587 alium
1454 1563 1532 1587 esse
1568 1557 1683 1602 atque

1017 1608 1204 1645 Arcadiae
1218 1605 1683 1663 fliivium§q⁷1nphalim‚

1019 1666 1086 1717 qui
1105 1665 1203 1701 infra
1221 1671 1363 1700 terram
1384 1663 1548 1700 ducenta
1562 1663 1683 1701 stadia

1019 1721 1194 1773 perfluat.
1223 1722 1387 1757 Fontem
1397 1721 1545 1757 Erasini
1561 1733 1681 1771 prope

1019 1781 1144 1829 Argos
1173 1791 1276 1814 nunc
1316 1778 1443 1813 vocari
1483 1777 1685 1827 Kephalari

1023 1842 1208 1872 testantur
1218 1833 1406 1870 Dodwell.
1421 1847 1464 1870 ac
1475 1835 1572 1870 Gen.
1594 1833 1682 1871 Vid.

1025 1893 1066 1929 G.
1098 1893 1142 1929 Ο.
1177 1891 1325 1928 ΜἰἰΙΙεΓ.
1354 1892 1446 1927 Dor.
1471 1891 1508 1926 11
1527 1904 1566 1941 p.
1585 1890 1681 1931 437.

1025 1948 1249 1999 Stymphalis
1286 1948 1376 1984 urbs
1422 1949 1462 1983 in
1496 1946 1684 1984 Arcadiae

1024 2006 1187 2042 convalli
1227 2005 1308 2041 altis
1342 2005 1535 2041 montibus
1575 2004 1591 2052 (
1615 2004 1682 2055 qui

1024 2061 1247 2114 Stymphali
1276 2062 1337 2098 vel
1359 2061 1534 2112 Cyllenes
1553 2061 1683 2097 nomi-

1023 2133 1072 2155 ne
1104 2120 1220 2168 vulgo
1250 2125 1424 2154 constant
1445 2125 1482 2154 et
1509 2117 1558 2154 ad
1579 2117 1684 2154 altis-

1021 2177 1116 2212 sima
1149 2176 1403 2225 Peloponnesi
1430 2176 1539 2224 iuga,
1583 2185 1682 2225 quo-

1020 2245 1106 2268 rum
1126 2232 1204 2267 iam
1224 2233 1338 2267 Hom.
1369 2231 1413 2266 ΙΙ.
1434 2232 1482 2277 11,
1504 2232 1584 2271 608
1597 2242 1682 2266 me-

1021 2289 1156 2335 minit,
1185 2286 1395 2337 pertinent)
1426 2288 1683 2323 circumcirca

1021 2345 1167 2380 inclusa
1202 2350 1238 2380 et
1272 2342 1519 2395 Stymphaliis
1549 2344 1681 2380 avibus

1023 2402 1118 2450 insi<O
1107 2401 1201 2436 nita
1222 2401 1378 2447 iacebat,
1404 2401 1601 2438 Strabonis
1614 2412 1680 2436 ae-

1024 2430 1118 2493 mmo
1135 2447 1213 2493 iam
1243 2457 1422 2494 derelicta
1453 2464 1490 2494 et
1524 2455 1681 2503 deserta,

1025 2515 1130 2550 cuins
1152 2514 1326 2565 reliquias
1338 2513 1520 2566 quasdam
1536 2520 1683 2550 exstare

1024 2577 1180 2607 testatur
1200 2570 1386 2609 Dodwell.
1419 2583 1464 2607 eo
1484 2571 1588 2618 loco,
1620 2569 1683 2606 cui

1023 2641 1125 2663 nunc
1140 2628 1187 2663 ob
1210 2628 1408 2664 ecclesiam
1430 2640 1479 2663 ex
1493 2633 1599 2678 parte
1621 2624 1683 2662 di-

1018 2691 1143 2720 rutam
1186 2697 1330 2721 nomen
1374 2684 1583 2721 Catholicon
1621 2681 1682 2719 vel

1018 2748 1173 2791 propter
1219 2742 1487 2778 columnarum
1544 2737 1682 2775 rudera

1019 2797 1181 2837 Κιόηεϊιι.
1241 2797 1352 2834 Conf.
1384 2797 1425 2836 C.
1457 2797 1501 2836 Ο.
1529 2795 1679 2831 Miiller.

1017 2854 1043 2890 l.
1074 2854 1099 2890 l.
1131 2855 1166 2889 11
1195 2866 1284 2903 pag.
1319 2853 1414 2894 439.
1445 2852 1602 2890 Siebelis
1632 2849 1680 2887 ad
