1789 3213
0 519 26 573 ξ

455 149 934 187 POLYMNIA.
993 149 1093 186 VII.

132 256 293 314 χρόνον
333 258 492 300 τοῦτον
538 258 758 300 Φοινίκων
788 257 862 300 καὶ
903 254 1084 313 Λιβύων
1120 256 1193 300 καὶ
1215 253 1399 312 Ἰβήρων
1455 264 1537 305 582

1311 149 1395 189 695

131 326 205 369 καὶ
224 322 401 380 Λιγύων
421 324 495 368 καὶ
519 323 759 368 Ἐλισύκων
787 325 860 368 καὶ
888 325 1153 380 Σαρδονίων
1170 323 1243 367 καὶ
1272 326 1392 378 Κυρ-

129 395 238 438 νίων
285 390 518 448 τριήκοντα
567 391 808 448 μυριάδας,
846 393 920 436 καὶ
959 391 1204 449 στρατηγόν
1245 388 1448 435 αύτῶνὸὄ

134 554 335 593 Φοινίκων
385 551 453 592 καὶ
498 550 731 605 Λιβύων-

74 608 289 663 τριήκοντα
313 606 528 662 μυριάδας]
552 610 734 647 Eundem

72 680 278 704 numerum
299 667 412 705 tradit
430 668 586 705 Diodor.
607 670 675 716 XI,
711 670 729 707 1

73 724 138 761 fin.
159 727 225 764 20.
285 725 407 770 Quem
439 737 506 775 pro
533 724 734 774 Carthagi-

72 781 264 818 niensium
316 782 511 832 republica
566 783 732 818 nimium

71 836 260 890 valdeque
299 845 575 888 exaggeratum
610 838 732 875 videri

74 895 247 932 observat
266 894 499 933 Dahlmann.
535 896 575 931 in
604 897 731 931 Hero-

74 950 152 990 dot.
174 954 318 1002 p.188.
347 951 540 1003 Equidem
560 965 639 988 non
654 951 732 988 dis-

73 1020 251 1054 cer11a1113
293 1008 388 1044 illud
419 1021 542 1044 unum
585 1007 730 1044 attendi

71 1065 201 1112 velim,
221 1065 373 1101 Poenos
395 1078 552 1101 omnem
573 1077 731 1115 operam

70 1122 111 1157 in
131 1120 205 1158 hoc
222 1129 405 1172 apparatu
419 1122 586 1172 posuisse
596 1121 732 1170 videri,

70 1179 385 1230 qquraecorum
395 1192 452 1215 res
461 1179 610 1229 penitus
624 1191 735 1215 ever-

51 1242 207 1283 ‘terent,
228 1234 396 1288 indeque
418 1237 534 1272 etiam
556 1249 575 1271 e
593 1242 646 1272 tot
661 1248 733 1271 na—

72 1293 238 1329 tionibus
271 1293 434 1343 imperio
472 1306 539 1329 suo
575 1291 732 1329 subditis

73 1350 286 1386 exercitum
307 1350 582 1400 conscripsisse.
627 1350 732 1385 Poe-

71 1419 213 1443 norum
233 1413 362 1443 autem
384 1408 570 1443 exercitus
593 1419 613 1441 e
628 1406 733 1442 mul-

71 1464 119 1500 tis
149 1463 326 1514 gentibus
355 1462 532 1500 mercede
559 1463 733 1513 plerum-

73 1533 149 1572 que
184 1522 323 1557 coactis
353 1521 561 1557 constitisse
583 1518 732 1556 dudum

72 1577 170 1614 bene
180 1578 330 1614 monuit
339 1579 503 1614 Heeren.
523 1575 640 1612 Ideen
657 1583 728 1615 etc.

70 1634 120 1682 11,
153 1637 170 1674 1
195 1647 232 1684 p.
264 1636 347 1675 260
377 1647 483 1685 seqq.
541 1635 625 1670 Hoc
645 1634 731 1670 loco

70 1691 240 1742 primum
269 1698 514 1728 recensentur
532 1690 732 1736 -ςΦοίνικες

72 1749 98 1784 i.
121 1761 153 1786 e.
175 1748 248 1798 ipsi
278 1747 390 1784 Poeni
407 1747 732 1795 &Carthaginien—

73 1802 248 1855 seslatque
255 1803 399 1854 Libyes,
422 1817 520 1856 quae
530 1810 618 1840 sunt
629 1804 732 1840 Poe-

73 1862 133 1898 nis
170 1859 341 1898 subditae
375 1867 506 1910 gentes
533 1861 573 1895 in
601 1860 731 1896 Africa

73 1931 104 1956 s.
129 1916 345 1967 indigenae,
367 1924 460 1954 teste
473 1915 611 1953 eodem
631 1918 730 1952 Hee-

74 1974 180 2011 renio
200 1974 225 2014 l.
246 1974 272 2010 l.
302 1987 339 2024 p.
370 1976 470 2021 2613
519 1980 731 2025 sequuntur

75 2029 171 2068 Iberi
189 2043 217 2067 s.
238 2031 410 2081 Hispani,
432 2030 497 2082 qui
518 2031 730 2066 maximam

71 2095 221 2138 partem
250 2088 389 2123 Poenis
423 2086 563 2124 subditi
591 2088 631 2123 in
661 2100 730 2123 eo-

72 2157 159 2181 rum
189 2144 416 2181 exercitibus
436 2144 649 2180 militabant
671 2150 730 2180 at-

73 2214 149 2253 que
188 2213 258 2251 pro
297 2201 449 2251 optimis
488 2199 729 2237 habebantur

71 2258 278 2306 militibus3
309 2257 436 2303 Galli,
459 2271 552 2309 quos
576 2264 612 2294 et
632 2258 732 2307 ipsos

74 2314 272 2366 aliquoties
292 2315 331 2350 in
342 2316 564 2351 Poenorum
585 2315 734 2351 exerci-

74 2371 173 2408 tibus
184 2371 390 2420 appellatos
402 2370 733 2424 videmus,quam-

73 2429 130 2466 vis
171 2427 348 2476 nuspiam
382 2427 561 2476 addatur,
592 2442 613 2464 e
634 2441 732 2480 qua-

73 2497 166 2523 nam
187 2483 331 2520 Galliae
361 2491 467 2534 parte
496 2486 552 2521 illi
581 2484 733 2522 oriundi

74 2541 227 2578 fuerint.
284 2538 348 2577 Ad
373 2541 517 2577 Galliae
546 2541 730 2579 merIdio-

74 2598 170 2635 nalis
192 2610 311 2645 oram,
332 2597 399 2634 ubi
410 2599 631 2635 Poenorum
647 2611 731 2634 em-

75 2655 202 2706 poria,
238 2667 301 2692 eos
330 2655 520 2705 pertinere
554 2653 731 2703 creda1n3

74 2724 153 2763 quo
175 2710 333 2758 eodem,
356 2712 511 2762 opinor,
543 2711 734 2761 pertinent

76 2768 214 2819 Ligyes
228 2799 238 2817 ,
299 2780 412 2820 supra
452 2768 657 2806 Massiliam
693 2768 733 2804 in

790 554 910 605 plagis
938 553 1179 590 interioribus
1214 553 1260 588 ab
1292 564 1358 588 ora
1386 564 1449 587 re-

789 613 903 648 motis
924 609 1153 660 habitantes,
1170 616 1213 646 ut
1232 609 1448 645 notavimus

790 667 838 704 ad
860 666 1004 705 Herod.
1025 668 1070 715 V,
1094 669 1133 708 9.
1192 667 1260 702 His
1274 666 1451 716 proxime

791 731 1145 761 commemorantur
1162 721 1369 761 ’Ἑλίσυκοι
1381 750 1391 770 ,
1414 728 1451 757 et

790 783 1009 832 ipsiLigyes
1031 787 1124 818 teste
1145 781 1334 816 Hecataeo
1349 777 1450 828 apud

789 837 923 889 Steph.
946 840 1040 890 Byz.
1055 852 1085 875 s.
1101 851 1137 875 v.
1149 837 1188 872 in
1201 836 1337 888 quibus
1353 834 1450 872 Hel-

786 897 924 932 viorum
955 902 992 932 et
1024 894 1262 932 Helvetiorum
1291 892 1450 929 nomina

788 952 944 1001 agnosci
963 953 1045 989 vult
1063 950 1343 1000 Wesselingius
1356 978 1365 995 ,
1388 949 1451 984 cui

788 1008 934 1045 accedit
954 1010 1076 1047 Marx.
1099 1006 1148 1044 ad
1177 1004 1322 1058 Ephor.
1344 1005 1451 1055 frag-

789 1072 925 1104 mentt.
948 1079 989 1116 p.
1016 1067 1094 1105 221
1127 1071 1208 1101 not.
1242 1065 1306 1103 12.
1348 1062 1449 1108 Quin

791 1124 912 1158 Kruse
933 1120 1108 1171 (Archiv.
1136 1122 1167 1168 I,
1193 1122 1218 1160 2
1238 1133 1276 1169 p.
1298 1119 1371 1169 61)
1403 1117 1451 1155 de

789 1178 944 1229 Elysiis,
954 1179 1020 1230 qui
1035 1184 1128 1214 teste
1149 1178 1286 1213 Tacito
1298 1177 1337 1211 in
1352 1176 1451 1212 Ger-

787 1249 891 1272 man.
913 1234 966 1275 43
990 1236 1062 1281 §.6
1085 1232 1133 1270 ad
1153 1234 1365 1284 Lygiorum
1377 1245 1451 1268 no-

788 1305 879 1329 men
891 1292 1093 1343 pertinent,
1107 1291 1260 1340 cogitat,
1273 1290 1324 1325 ita
1334 1296 1375 1325 ut
1402 1302 1452 1325 ex

788 1349 1049 1386 meridionalis
1063 1348 1207 1385 Galliae
1219 1353 1332 1398 atque
1344 1346 1451 1382 Itali-

791 1419 836 1442 ae
857 1407 929 1443 oris
949 1404 1044 1442 haec
1057 1418 1150 1455 gens
1162 1404 1300 1440 olimin
1318 1403 1451 1440 Sile—si-

789 1475 834 1499 ae
858 1476 901 1500 ac
916 1463 1091 1499 Lusatiae
1101 1467 1240 1497 tractus
1251 1461 1451 1509 immigra-

788 1521 847 1557 rit.
865 1521 1129 1556 Memorantur
1142 1524 1293 1554 tautum
1312 1517 1450 1553 milites

788 1590 837 1613 ex
855 1577 976 1613 insula
992 1575 1168 1613 Sardinia
1181 1581 1292 1625 atque
1307 1572 1450 1610 Corsica

788 1647 818 1671 s.
853 1633 991 1684 Cyrno,
1036 1631 1085 1668 ad
1117 1632 1222 1668 cuius
1252 1632 1449 1681 utriusque

790 1703 896 1728 oram
935 1691 1088 1726 Poenos
1116 1686 1328 1725 consedisse
1359 1699 1449 1723 con-

788 1754 873 1784 stat.
951 1746 1062 1783 Conf.
1103 1742 1310 1783 Bo'tticher.
1350 1744 1446 1782 Hist.

789 1801 995 1853 Carthagg.
1015 1814 1101 1853 pag.
1127 1800 1192 1841 35.
1216 1803 1284 1841 36.
1314 1799 1448 1837 Sardi-

787 1861 893 1897 niam
913 1861 1048 1896 Noster
1076 1863 1265 1894 memorat
1291 1858 1321 1904 Ι,
1355 1859 1445 1896 170.

786 1917 832 1964 V,
858 1918 949 1957 106.
974 1913 1075 1963 124,
1098 1913 1275 1952 Corsicam
1295 1927 1325 1951 s.
1353 1913 1445 1964 Cyr-

785 1986 867 2011 num
888 1974 917 2021 I,
942 1972 1036 2013 165.

843 2028 912 2069 καὶ
952 2025 1170 2081 στρατηγόν
1210 2021 1345 2066 αὐτῶν
1373 2019 1444 2064 Ἀ-

787 2086 930 2138 μίλκαν
950 2081 1265 2133 τόυ”Αννωνος]
1298 2082 1443 2120 Hamil—

786 2156 900 2181 conem
946 2149 1059 2180 vocat
1096 2140 1251 2178 Diodor.
1293 2140 1445 2177 Siculus

788 2202 856 2248 XI,
878 2202 931 2241 20
969 2195 1040 2238 τὸν
1062 2194 1232 2249 μάλιστα
1259 2192 1350 2247 παρ’
1373 2192 1443 2234 αύ-

787 2261 872 2303 τοῖς
891 2253 1222 2307 θαυμαζόμενον;
1252 2254 1318 2290 ubi
1357 2258 1445 2289 suut

789 2315 855 2366 qui
894 2308 1123 2363 Ἀμίλκωνα
1157 2313 1198 2348 in
1248 2306 1444 2360 Ἀμίλκαν

787 2371 929 2409 mutari
957 2370 1087 2408 velint.
1153 2366 1241 2408 Vid.
1281 2366 1445 2404 Wessel.

787 2428 838 2465 ad
860 2426 897 2464 h.
918 2427 943 2464 l.
984 2427 1128 2463 Iustino
1148 2425 1257 2472 XIX,
1278 2427 1305 2465 2
1327 2436 1444 2461 voca-

788 2492 851 2522 tur
884 2483 1099 2530 Hamz'lcar3
1141 2482 1245 2518 libris
1278 2481 1445 2516 multum

789 2541 963 2594 quamvis
983 2539 1266 2576 fluctuantibus.
1321 2538 1445 2572 Hero-

789 2598 899 2635 dotus
914 2610 1004 2632 eum
1014 2594 1053 2634 h.
1070 2596 1094 2632 l.
1116 2594 1280 2645 appellat
1302 2593 1327 2644 β
1338 2609 1361 2630 α
1374 2604 1397 2630 σ
1409 2607 1445 2630 ι-

788 2653 839 2694 λέ
853 2670 877 2693 α
899 2652 958 2701 (ut
979 2652 1151 2702 rescripsi
1163 2663 1230 2701 pro
1250 2648 1443 2700 βασιλῆα)

790 2719 828 2749 et
860 2711 1068 2756 V11,16(5:
1104 2702 1444 2759 βασιλεύσαν-

791 2763 848 2808 τά
872 2781 911 2806 τε
923 2760 1004 2805 κατ’
1025 2760 1304 2817 ἀνδραγαθίην
1338 2765 1444 2815 Καρ-
