1815 3181
274 539 341 584 97

70 602 324 670 οέοῑιὲᾱῦιὲἷο,
294 636 343 663 cui
371 618 561 669 Ξπόντες
589 618 662 661 καὶ
692 618 819 662 αὐτοὶ
839 619 920 676 τὴν
948 624 1120 676 Δῆλον,
1152 622 1324 676 οἴχοντο
1357 620 1591 676 φεύγοντες
1626 620 1668 671 ἐς

69 657 343 732 θεῖεὲῐῗιῐιξιίξίἳῐιιυ-

69 738 151 766 mina
164 738 291 765 Deliaca

70 771 179 808 pietas.

401 240 485 280 360

798 238 1258 277 HERODOTI

400 358 492 399 σαι,
523 345 952 403 ἀνδραποδισάμενοι
981 347 1084 399 τούς
1113 348 1353 405 κατέλαβον
1384 348 1553 400 αὐτῶν,
1583 348 1666 391 ἐνέ-

399 427 573 471 πρησαν
609 414 683 457 καὶ
721 415 773 457 τὰ
803 414 875 468 ἷροέ
905 416 980 459 καὶ
1008 415 1088 471 τήν
1113 416 1263 460 πόλιν·
1303 421 1439 461 ταῦτα
1468 416 1515 461 δὲ
1543 415 1666 473 ποιή-

402 495 571 535 σαντες,
602 481 672 525 ἐπὶ
691 481 769 533 τοὶς
799 482 931 534 ἄλλας
958 482 1120 539 νήσους
1150 483 1380 542 ἀνάγοντο.
1677 491 1722 525 9ο

479 549 551 593 Ἐν
581 567 614 606 ῳ
647 550 692 593 δὲ
722 546 846 594 οὗτοι
874 556 1011 595 ταῦτα
1042 552 1235 606 ἐποίευν,
1273 554 1316 595 οἷ
1343 551 1521 608 Δήλιοι,
1560 552 1665 596 ἐκλι-

406 690 565 744 Τῆνον.
613 688 689 742 τῆς
726 686 772 730 δὲ
817 691 1020 745 στρατιῆς
1065 688 1415 744 καταπλεούσης,
1465 686 1488 730 ὁ
1531 691 1668 738 Δᾶτις

402 752 675 808 προπλώσας,
700 752 782 797 οὐκ
804 754 852 798 ἔα
873 756 949 808 τοὶς
972 756 1071 807 νέας
1093 755 1205 809 πρός
1222 758 1299 814 τὴν
1324 761 1461 813 νῆσον
1477 768 1669 809 προσορ-

400 825 620 877 μίζεσθαι,
655 818 764 865 ἀλλὰ
794 822 931 880 πέρην
962 824 1008 868 ἐν
1037 828 1091 880 τῇ
1116 823 1291 880 Ῥηνέῃ·
1336 822 1468 875 αὐτὸς
1498 823 1558 876 δὲ,
1589 839 1666 867 πυ-
1679 830 1724 865 95

399 889 590 944 θόμενος
619 891 694 933 ἴνα
721 886 834 946 ἦσαν
865 893 909 934 οἱ
929 890 1112 948 Δήλιοι,
1143 891 1322 948 πέμπων
1340 890 1530 947 κήρυκα,
1565 890 1669 947 ἠγό-

375 965 397 998 3
410 957 508 1012 ρευέ
538 969 618 1014 σφι
648 957 749 1001 τάδε
761 974 772 984 ·

822 959 1021 1013 ,ζἈνδρες
1051 960 1165 1014 ἱροὶ,
1204 961 1246 1003 τί
1285 959 1522 1016 φεύγοντες
1554 961 1668 1014 οἴχε-

402 1028 532 1077 „offa
583 1025 668 1069 οὐκ
705 1025 907 1084 ἐπιτηδέα
945 1027 1233 1083 καταγνόντες
1273 1027 1370 1072 κατ’
1411 1028 1512 1084 ἐμεῦ
1524 1045 1536 1078 3
1584 1026 1667 1082 ἐγώ

403 1093 513 1150 „de
553 1094 627 1138 καὶ
665 1093 799 1147 αὐτὸς
833 1096 902 1140 ἐπὶ
938 1095 1124 1141 τοσοῦτό
1163 1112 1212 1152 γε
1243 1096 1442 1152 φρονέω,
1483 1096 1558 1139 καί
1594 1111 1669 1151 μοι

346 1322 545 1373 respicitur
557 1351 567 1370 ‚
587 1325 847 1364 manifestum.
876 1328 1005 1380 Atque

346 1380 386 1415 in
408 1378 505 1416 hanc
526 1383 752 1418 sententiam
780 1390 882 1420 recte
910 1382 951 1425 h.
980 1385 1006 1422 l.

347 1445 611 1486 expresserunt
622 1438 832 1477 Larcherus
855 1447 891 1477 et
899 1442 1006 1480 Miot.

346 1492 564 1530 Herodotea
590 1497 714 1547 tano-it
747 1496 942 1535 Plutarch.
972 1498 1009 1534 H

346 1561 434 1600 pag
455 1552 536 1590 869
556 1552 602 1591 Β.

383 1605 626 1673 ἐνέπρησαν
656 1607 724 1647 καὶ
749 1624 796 1647 τα
834 1606 902 1660 ἱρα
940 1609 1009 1651 καὶ

347 1676 442 1759 {g}
444 1658 591 1714 πόλιν]
634 1665 743 1702 Conf.
774 1673 872 1703 nott.
894 1666 942 1704 ad
962 1668 1009 1715 V,

545 1809 635 1861 Cap.
656 1810 810 1849 XCVH.

406 1886 447 1935 ἐς
491 1890 652 1940 Τῆνον]
696 1890 808 1929 conf.
841 1892 906 1942 IV,
941 1895 1008 1933 33.

349 1945 443 1981 Mox
462 1957 531 1995 pro
564 1944 827 1997 προπλώσας,
862 1949 903 1985 in
919 1950 1009 1986 Flo-

349 2002 499 2038 rentino
504 2003 596 2048 ‚aliis
607 2019 682 2053 προ
689 2002 883 2052 σπλώσας.
895 2006 1010 2044 Male.

348 2059 449 2093 Nam
468 2057 656 2096 indicatur
681 2062 806 2111 Datis,
845 2064 908 2112 qui
925 2064 1013 2100 navi

350 2127 381 2150 s.
413 2113 524 2152 classe
550 2119 749 2166 praeterat,
791 2118 895 2156 unde
916 2122 1011 2170 νῆες

350 2166 522 2220 πρόπλοι
541 2185 655 2210 naves
667 2177 894 2223 praemissae,
902 2189 1011 2226 prae-

351 2230 545 2275 cursoriae‚
579 2236 622 2265 ut
642 2229 690 2266 ad
709 2232 863 2268 Isocrat.
884 2233 1013 2269 Pane-

351 2295 434 2334 gyr.
464 2296 547 2334 cap.
569 2288 622 2325 26
646 2287 683 2330 §.
705 2288 759 2328 92
787 2289 889 2325 Batt.
923 2301 1012 2326 mo-

351 2341 435 2376 nuit
454 2341 596 2377 Morus.

410 2395 453 2435 ἐν
476 2398 526 2450 τῇ
536 2395 699 2451 Ῥηνέῃ]
730 2399 756 2435 i.
769 2412 803 2438 e.
820 2412 939 2451 prope,
963 2400 1014 2438 ad

354 2451 547 2490 Rheneam.
604 2454 681 2491 Pro
716 2452 874 2511 Ῥηναίῃ
901 2469 1014 2494 revo-

355 2510 438 2546 cavi
467 2523 488 2546 e
519 2510 711 2547 Sancrosti
738 2512 835 2549 libro
857 2514 1013 2565 aliisque

351 2563 499 2620 Ῥηνὲῃ,
523 2579 756 2619 quamquam
771 2569 875 2605 vario
895 2569 1013 2607 modo

354 2623 498 2659 insulae
516 2636 661 2660 nomen
680 2626 790 2661 scribi
810 2623 914 2662 haud
927 2638 1014 2663 sum

355 2680 523 2728 nescius,
562 2678 680 2718 modo
719 2679 893 2732 Ῥηναῖα,
929 2680 1015 2734 Ρη-

358 2736 452 2774 ναία
480 2749 510 2773 s·
546 2733 709 2788 Ῥήναια
729 2734 947 2788 ,Ῥήνεια
978 2746 1014 2776 et

353 2789 482 2843 Ῥηνη.
539 2793 597 2829 De
630 2806 706 2846 quo
728 2801 876 2846 praeter
895 2795 1014 2832 Wes-

357 2849 492 2899 seling.
512 2847 561 2886 ad
581 2847 622 2890 h.
643 2850 669 2888 Ι.
691 2852 801 2902 plura
818 2852 956 2889 Wasse
977 2858 1014 2890 et

1062 1325 1210 1364 Duker.
1232 1325 1281 1364 ad
1301 1323 1482 1378 Thucyd.
1513 1327 1543 1374 1,
1566 1328 1630 1366 13.
1658 1325 1724 1373 m,

1068 1382 1159 1432 104,
1172 1385 1237 1436 qui
1257 1390 1345 1420 sunt
1364 1383 1535 1434 primarii
1554 1382 1633 1419 fere
1652 1382 1727 1419 loci

1066 1438 1114 1476 de
1142 1439 1214 1477 hac
1248 1441 1390 1487 insula,
1429 1453 1526 1492 quae
1566 1445 1726 1489 angusto

1067 1504 1232 1549 quatuor
1251 1495 1460 1534 stadiorum
1480 1497 1603 1533 canali
1617 1497 1728 1532 aDe-

1066 1554 1104 1591 lo
1134 1557 1327 1602 seiuncta,
1366 1561 1484 1604 ponte
1515 1551 1672 1604 posthac
1693 1553 1728 1588 ei

1064 1611 1137 1648 fuit
1165 1612 1295 1648 iuncta
1320 1617 1414 1647 teste
1441 1608 1648 1647 Plutarcho
1686 1610 1728 1645 in

1064 1668 1148 1705 Nic.
1180 1670 1218 1706 3.
1276 1669 1388 1704 Nunc
1417 1668 1563 1704 insulae
1582 1678 1727 1703 nomen

1065 1723 1335 1775 Blegalodelos,
1393 1736 1492 1775 quae
1530 1723 1728 1760 Strabonis

1067 1787 1189 1817 aetate
1208 1782 1287 1817 iam
1297 1787 1465 1817 vacua'et
1480 1779 1639 1827 deserta,
1654 1777 1729 1815 ho-

1067 1835 1206 1889 dieque
1226 1838 1389 1873 nonnisi
1417 1837 1628 1888 pastoribus
1648 1835 1728 1872 fre-

1067 1900 1286 1946 quentatur.
1344 1893 1402 1932 Cf.
1424 1895 1617 1930 Mannert.
1642 1892 1729 1929 V111

1066 1964 1105 2000 p.
1136 1950 1233 1992 750.
1264 1951 1400 2001 Poppo
1436 1949 1484 1987 ad
1504 1947 1728 2000 Thucydid.

1066 2008 1094 2045 l.
1115 2007 1142 2045 l.
1162 2019 1251 2058 pag.
1272 2006 1353 2048 503
1376 2006 1435 2044 ed.
1448 2007 1602 2045 Gervin.
1626 2006 1730 2043 Son-

1067 2065 1150 2100 nini
1177 2064 1335 2115 Voyage
1366 2077 1415 2100 en
1449 2063 1572 2101 Grece
1604 2062 1729 2113 (Paris

1072 2120 1198 2172 1802)
1219 2122 1269 2158 T.
1290 2122 1326 2157 H
1344 2133 1433 2172 pag.
1454 2122 1535 2162 313
1554 2132 1635 2172 seq.

1126 2230 1191 2271 ἐπὶ
1208 2227 1373 2271 τοσοῦτό
1391 2246 1433 2284 γε
1451 2229 1629 2283 φρονέω]
1655 2231 1726 2268 i.e.

1068 2300 1132 2337 ego
1149 2290 1240 2324 enim
1257 2291 1289 2325 et
1313 2290 1385 2338 ipse
1414 2290 1453 2325 in
1482 2291 1621 2325 tantum
1640 2291 1730 2325 certe

1069 2345 1181 2394 sapio.
1222 2345 1412 2382 Revocavi
1431 2357 1522 2381 cum
1542 2342 1726 2395 Schwgh.

1071 2406 1109 2436 et
1147 2400 1265 2438 Gaisf.
1308 2399 1471 2438 Aldinae
1507 2401 1727 2449 lectionem,

1070 2457 1240 2507 pluribus
1270 2456 1382 2495 codd.
1419 2457 1624 2495 firmatam.
1681 2458 1727 2494 In

1070 2512 1266 2562 Mediceo,
1307 2515 1388 2551 aliis
1413 2521 1556 2552 exstat:
1587 2512 1643 2553 ἔτι
1659 2528 1728 2554 το-

1071 2572 1197 2609 σαῦτα
1227 2569 1406 2622 φρονέω,
1447 2571 1488 2608 in
1507 2572 1727 2608 Florentino

1072 2624 1126 2665 ἔτι
1144 2640 1187 2679 γε
1209 2629 1383 2667 τοσαῦτα
1401 2626 1572 2679 φρονέω.
1617 2625 1728 2673 Quod

1071 2682 1265 2725 Sohaefer.
1278 2691 1314 2721 et
1328 2682 1463 2721 Matth.
1475 2683 1728 2721 exhibuerunt

1072 2739 1127 2779 ἔτι
1152 2742 1318 2779 τοιαῦτα
1348 2739 1519 2792 φρονέω,
1544 2741 1726 2777 librorum

1071 2798 1292 2834 auctoritate
1319 2803 1433 2834 caret.
1490 2797 1583 2833 Mox
1612 2796 1727 2846 βασι-

1071 2851 1169 2893 λέων
1191 2854 1361 2904 rescripsi
1380 2865 1449 2904 pro
1470 2848 1683 2903 βασιλήων.
