1806 3181
382 123 466 162 71⁰
783 121 1245 161 HERODOTI

382 228 514 284 ,,ἡμῖν
553 226 761 282 οὐδεμίαν
798 225 886 272 οἶοί
925 227 968 272 τέ
1005 229 1097 273 ἐστε
1129 230 1416 288 προσφέρειν·
1462 230 1638 288 οὐδαμοὶ

381 297 493 352 ,,γοὶρ
525 294 765 351 ἀδυνασίης
793 294 963 354 ἀνάγκη
981 297 1176 352 κρέσσων
1195 299 1305 355 ἔφυ·
1334 298 1455 356 ἡμεῖς
1475 300 1521 345 δὲ
1549 315 1638 345 πει-

381 397 405 417 ‚‚
397 361 637 419 ,ρησόμεθα
687 361 817 408 αὐτοί
861 382 961 410 τινα
1009 367 1228 424 σωτηρίην
1272 367 1639 425 μηχανεώμενοι.“

385 434 530 474 Ταῦτα
574 431 721 488 ἔλεγον
764 434 808 477 οἱ
851 436 1073 478 Θεσσαλοί.
1135 436 1189 493 Οἱ
1226 435 1272 479 δὲ
1290 434 1491 492 Ἕλληνες
1529 435 1696 490 πρὸς70

380 502 518 543 ταῦτα
545 498 865 555 ἐβουλεύσαντο
894 501 938 554 ἐς
957 503 1198 559 Θεσσαλίην
1219 501 1402 558 πέμπειν
1426 503 1535 547 κατὰ
1559 504 1640 548 θά-

353 572 552 611 Ξλασσαν
581 567 709 621 πεζὸν
743 569 943 624 στρατὸν,
974 568 1223 625 φυλάξοντα
1243 570 1321 626 τὴν
1348 571 1545 628 ἐσβολήν.
1581 569 1640 624 ὥς

381 635 426 679 δὲ
448 635 683 693 συνελέχθη
705 634 728 681 ὁ
749 637 940 694 στρατὸς,
957 637 1075 681 ἔπλεε
1094 636 1148 682 δι’
1177 637 1402 693 Εὐρίπου·
1434 637 1641 695 ἀπικόμε-

381 719 458 754 νος
490 704 536 747 δὲ
565 708 640 760 τῆς
665 703 849 763 Ἀχαιίης
878 705 921 757 ἐς
940 704 1092 758 Ἅλον,
1132 704 1304 763 οἷποβοὶς
1335 706 1567 763 ἐπορεύετο
1596 706 1660 760 ἐς,

224 430 323 476 173

52 492 120 553 aeds
129 493 207 529 quod
226 495 263 523 ab
287 495 324 523 il-

51 527 89 553 lis
124 528 215 555 edes
217 530 275 557 titu
277 532 324 557 tos

52 565 224 597 cernerent,

326 922 359 961 S
369 936 385 961 c
399 923 460 961 hw
470 937 487 961 e
501 927 517 962 ι’
526 937 553 974 g
564 925 599 962 h.
699 927 979 978 Wesselingius

325 981 545 1031 simpliciter
563 985 615 1019 sic
637 981 873 1022 reddiderat:
906 982 981 1022 Nec

325 1037 466 1085 dehetis,
479 1052 586 1089 neque
600 1053 746 1089 aequum
765 1043 843 1090 erit,
866 1048 980 1093 atque

324 1093 524 1131 Reiskius:
570 1096 706 1134 nullum
724 1098 822 1134 vobis
853 1102 903 1135 est
922 1099 980 1135 ius

323 1154 357 1186 et
371 1150 435 1200 sas
461 1165 519 1188 nos
538 1155 647 1190 armis
667 1153 826 1202 cogendi.
873 1155 979 1200 Quae

321 1208 493 1258 sequitur
511 1211 698 1246 sententia
719 1206 875 1277 ουδαμα
908 1211 979 1259 (sic

321 1264 452 1313 scripsi
471 1277 540 1331 pr’o
563 1261 750 1330 ου’δαμᾶ)
782 1263 855 1318 γοὶρ
878 1262 978 1306 adv-

323 1321 466 1370 νασίης
494 1316 648 1373 οἷναγκη
691 1322 867 1387 κρέσσων
904 1322 979 1373 ε’φυ

323 1383 459 1426 sponte
492 1378 533 1413 in
563 1380 790 1415 memoriam
828 1386 982 1418 revocat

322 1433 683 1471 Iurisconsultorum
717 1433 834 1472 illud.
883 1436 981 1473 ultra

315 1501 418 1539 posse
462 1502 560 1527 nemo
599 1491 795 1540 obligatur.
877 1493 982 1529 Infra

320 1546 521 1593 v111,111
552 1546 689 1584 Andrfl
716 1547 869 1585 dicunt:
910 1544 981 1587 ου’-

321 1599 456 1641 δέκοτε
486 1617 562 1655 γαρ
586 1605 657 1653 τῆς
689 1602 849 1643 ἓωυτων
880 1600 979 1644 οἷδυ-

321 1658 470 1709 ναμίης
486 1673 560 1710 την
591 1655 831 1711 Ἀθηναίων
853 1656 980 1700 δύνα-

326 1729 436 1765 ‘uve
422 1719 524 1754 εἰναι
557 1730 626 1767 κρε
611 1715 723 1756 ’σσω.
780 1716 842 1753 Ad
875 1724 980 1754 stru-

323 1777 471 1808 cturam
502 1773 608 1809 verbi
640 1769 911 1826 πειρησόμεθα
930 1773 978 1813 cf.

323 1828 404 1876 Vn,
438 1829 529 1869 139.

493 1917 586 1969 cap.
609 1919 818 1957 eLxxm.

380 2010 481 2046 προς
526 1998 649 2036 ταῦτα
675 1994 978 2050 ἐβουλεύσαντο]

326 2051 383 2087 De
417 2055 694 2102 praepositione
741 2070 841 2107 προς
879 2056 982 2097 conf.

326 2106 461 2144 Matth.
483 2109 549 2145 Gr.
571 2111 635 2146 Gr.
658 2112 695 2155 ὃ.
719 2114 823 2152 1181
847 2113 884 2157 §·
899 2112 979 2153 591

327 2163 362 2202 ὅ
385 2171 420 2200 et
440 2164 584 2205 Herod.
605 2167 686 2213 VII,
710 2167 803 2207 175.
832 2167 894 2204 Ad
918 2181 981 2204 ar-

326 2227 556 2270 gumentum
592 2221 666 2258 loci
708 2222 785 2259 vid.
822 2223 980 2261 Diodor.

325 2277 444 2314 Sicul.
465 2279 533 2324 XI,
555 2275 594 2315 4.

383 2332 492 2372 ἔπλεε
516 2328 565 2372 δι’
581 2329 784 2386 Εὐρίπου]
815 2334 915 2370 Mela
931 2335 978 2382 ΙΙ,

326 2391 352 2429 7
363 2390 455 2434 §.9:
472 2390 873 2439 „Euboea—angusto
885 2390 980 2427 freto

326 2444 437 2482 distat
451 2459 471 2482 a
492 2447 612 2483 litore.
647 2446 812 2496 Eurz'pon
832 2454 980 2494 vocant,

325 2502 502 2552 rapidum
512 2515 628 2549 mare,
658 2509 694 2540 et
715 2504 858 2540 alterno
870 2516 981 2540 cursu

325 2560 461 2609 septies
482 2559 542 2596 die
563 2572 606 2596 ac
626 2560 761 2610 septies
776 2567 887 2596 nocte
907 2559 982 2595 ssu-

329 2616 449 2652 ctibus
470 2616 636 2652 invicem
651 2617 776 2664 versis,
798 2615 892 2653 adeo
908 2617 980 2652 im-

328 2672 481 2708 modice
510 2672 644 2720 ssuens,
665 2680 708 2710 ut
722 2679 854 2711 ventos
869 2673 982 2710 etiam

329 2740 371 2763 ac
393 2729 505 2778 plena
528 2729 647 2766 ventis
657 2730 809 2780 navigia
830 2730 981 2767 frustre-

1036 929 1139 966 tur.“
1195 925 1259 965 Ad
1291 939 1407 979 quem
1446 927 1578 964 locum
1604 927 1695 978 plu-

1035 985 1133 1020 rima
1166 982 1213 1021 de
1241 984 1338 1021 freto
1370 997 1414 1020 ac
1443 985 1693 1022 celeberrimo

1035 1042 1101 1078 illo
1122 1040 1311 1078 fluctuum
1333 1047 1439 1078 aestu
1457 1041 1694 1091 reciprocos.

1035 1097 1144 1134 fluxu
1184 1111 1227 1134 ac
1265 1097 1415 1134 refluxu
1456 1096 1697 1148 disputarunt

1036 1153 1146 1191 Voss.
1158 1161 1194 1190 et
1205 1152 1424 1191 Tzschuck.
1436 1151 1696 1204 (nott.exegg.

1035 1224 1075 1261 p.
1098 1213 1180 1252 686
1204 1211 1329 1262 seqq.)
1366 1217 1542 1247 veterum
1573 1211 1696 1247 allatis

1037 1267 1261 1304 testimoniis
1278 1296 1288 1314 ‚
1327 1268 1368 1302 in
1389 1267 1525 1318 quibus
1545 1267 1696 1317 potissi-

1036 1336 1147 1359 mum
1169 1323 1271 1359 conf.
1297 1323 1424 1360 Strab.
1452 1324 1510 1359 IX
1542 1336 1582 1374 p.
1614 1321 1696 1364 403

1037 1393 1067 1416 s.
1090 1381 1171 1420 618
1204 1379 1247 1416 C.
1267 1380 1286 1415 Ι
1315 1393 1353 1430 p.
1374 1377 1428 1420 55
1448 1393 1478 1417 s-
1499 1393 1538 1430 p.
1568 1379 1622 1420 95
1649 1380 1697 1416 Β.

1037 1434 1139 1472 Add.
1170 1434 1313 1472 Herod.
1352 1436 1451 1484 VHI,
1481 1438 1520 1476 7.
1570 1434 1698 1472 Hodie

1037 1493 1099 1530 vel
1119 1490 1282 1543 Egrz‘pos
1297 1499 1465 1540 vocatur,
1485 1493 1547 1530 vel
1565 1493 1697 1529 Italico

1037 1548 1221 1585 idiomate
1245 1548 1377 1586 Strette
1400 1548 1440 1586 ‹li
1460 1547 1696 1599 Negroponte.

1040 1605 1150 1642 Conf.
1171 1604 1359 1642 Dodwell.
1387 1606 1496 1641 Reise
1517 1604 1555 1641 d.
1584 1606 1697 1641 Grie-

1037 1659 1164 1698 chenl.
1197 1662 1247 1708 ΙΙ,
1281 1663 1300 1701 1
1324 1674 1406 1711 cap.
1428 1664 1482 1701 20
1502 1673 1593 1712 pag.
1613 1659 1696 1702 248

1036 1731 1117 1769 seq,
1138 1730 1237 1754 vers.
1256 1730 1408 1757 vernae.

1092 1776 1164 1823 τῆς
1183 1769 1359 1824 Ἀχαιίης
1375 1773 1414 1820 ἐς
1438 1769 1598 1822 ''AI-ov]
1632 1774 1692 1810 Cf.

1038 1828 1176 1868 Suidas
1196 1843 1226 1867 s.
1247 1844 1284 1867 v.
1305 1825 1434 1876 Ἀλεῖς
1452 1831 1470 1865 Ι
1490 1842 1578 1880 pag.
1602 1832 1695 1871 107.

1036 1887 1211 1924 Achaeum
1231 1885 1270 1923 h.
1292 1887 1318 1924 1.
1338 1887 1514 1936 intelligit
1540 1886 1695 1924 Phthio-

1036 1944 1155 1991 tidem,
1178 1942 1226 1979 de
1247 1942 1321 1995 qu&
1340 1942 1419 1980 vid.
1438 1949 1535 1984 nott.
1548 1942 1596 1980 ad
1611 1943 1693 1992 Vll,

1040 2002 1134 2040 132.
1162 1999 1253 2037 Alus
1273 2013 1303 2040 s.
1324 1999 1446 2036 Halus
1466 1997 1528 2036 hic
1548 2012 1627 2036 non
1648 2012 1694 2036 ea

1039 2069 1116 2092 esse
1129 2063 1263 2106 potest,
1285 2069 1402 2107 quam
1421 2057 1610 2093 Homerus
1619 2069 1695 2092 no-

1037 2113 1092 2150 vit
1113 2109 1172 2164 (Il.
1193 2114 1241 2160 II,
1273 2113 1373 2162 682)
1394 2113 1435 2148 in
1454 2110 1612 2149 Achillis
1632 2111 1693 2148 di-

1037 2169 1143 2205 tione
1166 2168 1213 2205 ad
1232 2167 1512 2219 Amphryssum
1533 2168 1694 2206 fluvium

1037 2225 1148 2261 sitam
1176 2226 1216 2261 in
1247 2225 1380 2261 Crocio
1421 2237 1578 2274 campo,
1616 2224 1693 2276 qu&

1038 2279 1175 2331 Othrys
1201 2293 1312 2317 mons
1333 2281 1500 2330 exsurgit
1517 2309 1526 2327 ‚
1561 2279 1627 2317 sed
1647 2293 1694 2318 ea

1036 2338 1167 2383 Halus,
1188 2349 1286 2387 quae
1301 2343 1407 2373 extra
1421 2338 1548 2373 sinum
1556 2338 1693 2374 Malia-

1038 2405 1127 2429 cum
1148 2394 1260 2430 maris
1281 2405 1368 2429 orae
1389 2392 1552 2430 adiacuit
1566 2395 1692 2430 aPte-

1037 2449 1096 2485 leo
1134 2456 1246 2499 portu
1279 2456 1426 2486 remota
1446 2456 1602 2487 centum
1630 2451 1692 2488 vi-
1759 2446 1762 2449 ’

1036 2506 1128 2554 giuti
1146 2505 1284 2553 stadiis,
1306 2513 1348 2543 ut
1368 2512 1499 2543 auctor
1517 2513 1572 2543 est
1581 2506 1691 2544 Stra-

1037 2562 1085 2598 bo
1114 2562 1172 2597 IX
1192 2576 1228 2612 p.
1251 2565 1333 2603 662
1362 2563 1409 2600 A.
1439 2575 1468 2602 s,
1489 2575 1575 2613 pag.
1595 2561 1689 2603 433.

1037 2618 1151 2654 Plura
1164 2617 1393 2656 Tzschucke
1413 2617 1462 2655 ad
1481 2619 1572 2656 Mel.
1592 2620 1640 2667 11,
1662 2621 1688 2659 3

1038 2675 1076 2720 §.
1098 2676 1122 2714 6
1143 2688 1180 2726 Ρ.
1201 2674 1283 2716 258
1303 2688 1384 2727 seq.
1432 2675 1556 2720 Quare
1575 2676 1688 2710 Man-

1037 2737 1135 2768 nert.
1156 2731 1224 2769 V11
1242 2744 1282 2782 p.
1305 2730 1386 2772 604
1405 2743 1524 2782 prope
1543 2732 1687 2768 Deme-
