1789 3213
429 161 905 198 POLYMNIA.

964 161 997 197 V
1008 163 1023 197 l
1035 162 1064 198 Ι.
1294 163 1376 202 693

114 281 194 314 σον
222 269 388 314 Κώοισι
416 270 621 321 καταθεὶς
642 270 719 326 τὴν
741 268 889 325 ἀρχὴν,
925 271 1062 325 οἴχετο
1085 268 1128 320 ἐς
1153 270 1373 325 Σικελίην.

84 339 230 382 Ξένθα
273 338 378 393 μετὰ
417 340 601 393 Σαμίων
648 338 739 394 ἔσχε
774 354 819 381 τε
859 337 933 381 καὶ
973 337 1204 394 κατοίκησε
1245 336 1376 382 πόλιν
1391 345 1431 379 15

109 405 311 463 Ζάγκλην
337 405 418 462 τήν
447 406 489 457 ἐς
519 406 757 462 Μεσσήνην
792 408 1125 462 μεταβαλοῦσαν
1163 404 1214 449 τὸ
1246 403 1373 449 οὕνο-

38 528 42 535 ¹
109 491 181 530 μα.
210 476 368 517 τοῦτον
399 474 452 529 δὴ
474 475 537 516 ὠν
568 473 591 517 6
631 475 778 517 Γέλων
806 472 885 516 τόν
914 471 1099 528 Κάδμον
1127 473 1201 516 καὶ
1230 472 1374 517 τοιού-

107 557 168 598 τῳ
197 540 346 600 τρόπῳ
377 540 655 597 ἀπικόμενον,
692 540 764 585 δια
793 539 1077 597 δικαιοσύνην
1105 541 1185 597 τήν
1226 544 1269 585 οἱ
1298 540 1372 585 αὐ-

108 607 182 659 τὸς
212 607 349 664 ἄλλην
373 609 556 666 συνῄδεε
581 610 752 662 έοῦσαν,
784 608 963 663 ἔπεμπε·
988 607 1037 660 ὃς
1067 608 1133 652 ἐπὶ
1163 614 1277 653 τοῖσι
1300 609 1372 653 ἅλ-

110 680 226 720 λοισι
266 678 472 721 δικαίοισι
509 684 622 722 τοῖσι
661 678 703 730 ἐξ
749 677 917 721 ἑωυτοῦ
956 676 1272 733 ἐργασμένοισι,
1303 678 1430 721 καὶΞο

80 743 214 788 3τόδε
244 743 327 788 οὐκ
357 745 580 801 ἐλάχιστον
610 745 779 788 τούτων
809 746 1010 788 ἐλείπετο.
1041 744 1260 800 κρατήσας
1288 744 1370 799 γὰρ

107 811 306 868 μεγάλων
333 813 576 870 χρημάτων,
598 818 686 857 τῶν
716 815 759 857 οἷ
788 813 935 856 Γέλων
965 812 1249 867 ἐπετράπετο,
1289 828 1371 855 πα-

109 880 213 936 ρεὸν
253 882 568 937 κατασχέσθαι,
609 881 690 926 οὐκ
731 883 929 937 ἐθέλησε·
962 879 1073 933 ἀλλ’,
1105 881 1193 924 ἐπεὶ
1215 882 1258 924 οἱ
1279 879 1373 923 Ἕλ-

109 953 234 1005 ληνες
253 948 548 1006 ἐπεκράτησαν
577 954 630 1007 τῇ
660 951 890 1007 ναυμαχίῃ,
920 950 992 992 καὶ
1010 949 1171 1005 Ξέρξης
1201 946 1374 1004 οἰχώκεε

109 1017 378 1070 ἀπελαύνων,
409 1019 482 1061 καὶ
513 1016 565 1073 δὴ
596 1018 668 1061 καὶ
698 1018 861 1068 ἐκεῖνος
892 1015 1070 1061 ἀπίκετο
1115 1017 1159 1068 ἐς
1185 1015 1267 1073 τήν
1295 1020 1374 1060 Σι-

107 1086 266 1141 κελίην,
295 1083 381 1129 ἀπὸ
409 1084 552 1128 πάντα
578 1085 630 1128 τοὶ
661 1086 859 1142 χρήματα
888 1083 1020 1139 ἄγων.

193 1151 374 1208 Λέγεται
404 1153 450 1197 δὲ
480 1153 554 1196 καὶ
583 1151 683 1196 τάδε
712 1151 798 1195 ὑπὸ
837 1156 925 1195 τῶν
956 1152 1004 1196 ἐν
1045 1154 1225 1210 Σικελίῃ
1257 1155 1372 1210 οἰκη·

49 1250 56 1255 -
106 1219 262 1276 μένων,
296 1221 353 1273 ὠς
373 1220 501 1276 ὅμως,
528 1221 601 1266 καὶ
630 1220 796 1276 μέλλων
824 1219 1036 1276 ἄρχεσθαι
1062 1218 1372 1266 ὑπὸῐΛακεδαι-

106 1289 295 1344 μονίων,
333 1288 356 1332 ὁ
390 1289 537 1333 Γέλων
575 1287 792 1346 ἐβοήθησε
823 1286 878 1331 ἂν
907 1288 1218 1345 τοῖσι’Έλλησι,
1252 1291 1289 1334 εἰ
1317 1291 1374 1347 μὴ

48 1476 75 1514 l.
95 1477 120 1514 l.
137 1489 226 1527 pag.
249 1475 302 1516 50
322 1489 401 1528 seq.
424 1478 489 1516 66.
513 1475 579 1524 84,
600 1476 713 1527 perti-

49 1540 169 1580 nent,
201 1545 299 1585 quae
317 1531 365 1569 ad
393 1533 473 1580 Vll,
499 1533 577 1574 156
609 1540 711 1570 attu-

51 1591 179 1627 limus.
237 1588 300 1625 Ad
316 1590 432 1626 verba
463 1588 501 1635 ἐς
522 1588 642 1639 μέσον
658 1611 703 1617 -

51 1644 242 1692 καταθεὶς
270 1642 343 1696 τὴν
375 1641 502 1697 άρχήν
520 1646 622 1684 conf.
644 1647 707 1694 IV,

54 1706 132 1744 161
165 1704 294 1755 ibique
324 1703 437 1739 allata
466 1710 503 1740 et
534 1702 580 1740 de
612 1704 707 1740 urbe

54 1760 194 1798 Zancle
213 1766 308 1797 nott.
331 1759 379 1796 ad
398 1760 461 1807 Vl,
493 1762 559 1799 22.

108 1814 175 1855 διοέ
219 1811 502 1865 δικαιοσύνην,
553 1810 628 1866 τήν
671 1815 712 1854 οἱ

52 1868 171 1919 αὐτὸς
201 1869 325 1923 ἄλλην
353 1868 522 1926 συνῄδεε
549 1871 708 1919 ἐοῦσαν,

52 1928 226 1979 ἔπεμπε]
276 1927 302 1965 i.
336 1942 370 1965 e.
413 1942 509 1978 quem
539 1931 643 1966 etiam
669 1930 708 1965 ob

51 1985 220 2035 reliquam
236 1986 310 2022 viri
334 1987 510 2022 iustitiam
539 1986 609 2022 sibi
621 1998 709 2035 per-

51 2046 202 2093 spectam
223 2041 376 2092 Delphos
393 2044 499 2079 misit.
527 2041 590 2078 Ad
608 2049 708 2079 stru-—

53 2105 202 2136 cturam
240 2099 346 2136 verbi
386 2094 554 2153 συνῄδεε
604 2099 704 2136 conf.

51 2154 186 2194 Matth.
203 2156 268 2192 Gr.
291 2156 357 2192 Gr.
385 2168 474 2206 pag.
500 2155 605 2197 1075
628 2168 706 2208 seq.

51 2211 153 2250 Add.
173 2210 424 2260 Herod.V111,
442 2215 531 2253 113.
562 2211 623 2248 Ad
640 2225 710 2249 vo-

54 2283 116 2306 ces
136 2267 202 2308 ἐπὶ
229 2271 332 2308 τοῖσι
357 2267 631 2320 ἐργασμέ.ὀισι
660 2269 707 2308 cf.

28 2335 35 2344 “
52 2326 117 2374 IV,
143 2324 220 2365 165
239 2325 367 2376 ibique
387 2333 482 2363 nott.
504 2332 540 2362 et
569 2325 617 2362 ad
637 2342 710 2365 πα-

55 2378 145 2435 ρεόν
165 2387 262 2418 nott.
289 2380 336 2418 ad
355 2383 400 2429 V,
412 2381 476 2422 49.
519 2381 629 2428 Quod
649 2397 707 2420 se-

55 2441 183 2491 quitur
203 2436 478 2488 κατασχέσθαι,
500 2440 540 2475 in
561 2453 605 2476 eo
621 2453 708 2476 me-

55 2495 162 2534 dium
183 2492 327 2531 attendi
353 2495 458 2532 iubet
484 2494 708 2545 Larcherus‚

55 2566 146 2591 cum
173 2552 241 2589 sit:
280 2550 415 2600 garder
433 2564 523 2602 pour
546 2555 608 2600 soi,
638 2568 706 2592 κα-

54 2608 177 2661 τέχειν
215 2614 345 2645 autem
387 2608 518 2656 garder
541 2621 632 2658 pour
657 2623 708 2646 un

55 2667 267 2704 autre.1n
289 2663 365 2700 fine
385 2676 466 2714 cap.
485 2663 619 2703 Matth.
644 2666 708 2702 Gr.

57 2724 124 2760 Gr.
146 2724 182 2769 ὅ.
192 2723 296 2790 592.
319 2724 345 2761 2
365 2733 453 2772 pag·
482 2723 587 2763 1189
608 2728 708 2758 recte

58 2781 146 2817 citat
177 2773 256 2819 άπὸ
290 2772 423 2818 πάντα
454 2773 500 2818 τά
529 2773 708 2830 χρήματα

769 1471 892 1527 ἄγων,
922 1475 962 1510 iu
993 1480 1101 1511 textu
1130 1487 1289 1526 pravam
1309 1476 1427 1512 reliu-

770 1545 888 1583 quens
908 1531 1112 1568 lectionem
1125 1561 1134 1579 ‚
1173 1545 1291 1584 quam
1313 1534 1427 1569 etiam

766 1587 882 1625 habet
904 1586 1132 1625 Schaeferus
1154 1596 1190 1625 et
1200 1587 1425 1627 Bekkerus:

767 1641 967 1684 ἅπαντα
995 1641 1044 1683 τοὶ
1079 1640 1258 1696 χρήματα
1303 1642 1424 1697 ἄγων.

767 1704 865 1739 Nam
887 1714 996 1738 suam
1015 1699 1088 1737 hoc
1109 1702 1195 1739 loco
1214 1703 1295 1739 vim
1312 1701 1427 1739 habet

767 1759 995 1809 praepositio
1028 1752 1125 1806 άπό,
1155 1765 1199 1795 ut
1218 1759 1316 1795 bene
1338 1772 1426 1796 mo-

767 1822 834 1852 net
853 1817 898 1851 Ε.
920 1814 1115 1852 Wentzel.
1128 1817 1187 1851 De
1206 1816 1425 1866 praepositt.

766 1872 878 1908 tmesi
903 1883 962 1921 ap.
992 1869 1176 1909 Herodot.
1208 1873 1424 1921 (Vi-atislav.

768 1930 890 1972 1829)
912 1940 951 1978 p.
977 1930 1039 1968 18.

964 2017 1056 2069 Cap.
1079 2018 1227 2056 CLXV.

821 2095 988 2152 Λέγεται
1006 2094 1048 2136 δὲ
1065 2095 1132 2136 καὶ
1151 2092 1244 2137 τάδε
1265 2113 1298 2136 κ.
1322 2113 1354 2136 τ.
1366 2098 1420 2146 λ.]

767 2155 877 2192 Conf.
906 2161 1004 2191 nott.
1040 2152 1087 2190 ad
1116 2154 1197 2201 VII,
1234 2154 1311 2194 153
1352 2154 1417 2191 fin.

766 2211 827 2248 Ad
847 2212 1026 2248 voculam
1045 2206 1154 2261 ὅμως
1173 2211 1280 2248 initio
1293 2212 1421 2262 perio-

767 2267 805 2306 di
840 2269 1002 2319 positam
1046 2267 1147 2304 conf.
1180 2267 1316 2304 Matth.
1351 2269 1416 2304 Gr.

767 2327 830 2362 Gr.
851 2339 889 2375 p.
923 2323 1029 2364 1115
1049 2337 1129 2375 seq.

822 2377 1025 2433 ἐβοήθησε
1051 2376 1102 2419 ἂν
1120 2375 1417 2430 τοῖσιἽΞλλησι]

763 2440 866 2475 Haec
889 2449 1042 2489 quoque.
1065 2435 1112 2473 de
1134 2436 1280 2473 Gelone
1300 2436 1422 2473 tradi-

764 2494 870 2532 derat
891 2492 1069 2544 Ephorus
1092 2499 1184 2530 teste
1207 2491 1340 2533 Schol.
1373 2491 1420 2529 ad

761 2550 876 2589 Piud.
905 2548 1020 2600 Pyth.
1049 2551 1079 2596 Ι,
1103 2548 1181 2589 146
1213 2550 1318 2599 (pag.
1339 2550 1421 2588 2⁶20

764 2609 940 2659 fragium.
961 2603 1149 2656 Ephor.)3
1181 2618 1201 2641 e
1223 2618 1297 2656 quo
1327 2605 1421 2641 scri-

763 2672 873 2716 ptore
901 2663 1053 2699 fluxisse
1083 2659 1281 2709 videntur,
1324 2673 1420 2713 quae

765 2722 952 2772 copiosius
983 2717 1030 2755 de
1050 2716 1124 2754 hoc
1147 2717 1245 2754 bello
1270 2725 1419 2754 narrata

766 2783 913 2815 exstant
935 2773 1035 2826 apud
1052 2772 1209 2814 Diodor.
1220 2775 1336 2813 Sicul.
1350 2775 1418 2822 XI,

1384 1091 1428 1126 25

1430 1166 1500 1194 Alia
1519 1174 1612 1193 causa
1633 1166 1705 1195 aSi-

1428 1200 1480 1228 cil
1473 1209 1548 1227 11111
1524 1200 1603 1227 ‘sbu
1630 1201 1705 1229 alla-

1429 1238 1473 1268 ta,
1492 1242 1544 1261 cur
1563 1235 1663 1261 Gelon

1433 1256 1544 1295 Graeci
1539 1276 1561 1294 is
1579 1276 1670 1303 praes
1658 1274 1703 1297 sto

1431 1310 1492 1329 nou
1510 1301 1563 1328 fue
1566 1310 1590 1329 r1
1584 1304 1615 1329 ’.τ
1636 1303 1704 1330 Bel-

1431 1335 1462 1363 lu
1445 1344 1493 1363 um
1512 1336 1566 1363 sub
1584 1336 1662 1364 idem
