1851 3181
431 240 513 279 57⁰
825 239 1294 276 HERODOTl
1809 223 1851 308 q

430 345 547 402 βιίθη
577 361 619 388 τε
650 344 722 387 καὶ
743 345 844 396 στὰς
865 345 1004 401 ὀρθὸς
1033 345 1286 391 ἀπεσείσατο
1308 348 1386 392 τὸν
1422 349 1690 406 Φαρνούχεα.

429 413 573 458 πεσών
603 413 674 463 δὲ,
707 410 813 468 αἷμά
840 430 883 456 τε
913 414 1027 469 ἤμεε,
1058 416 1131 458 καὶ
1163 415 1204 467 ἐς
1244 418 1401 471 φθίσιν
1429 421 1636 476 περιῆλθε
1665 419 1692 475 ἦ

402 486 609 532 3νοῦσος.
667 480 744 524 τόν
778 483 822 525 δὲ
853 484 987 526 ἵππον
1017 481 1173 527 αὐτίκα
1203 484 1291 528 κατ’
1323 485 1454 542 ἀρχὰς
1483 485 1693 542 ἐποίησαν
1705 491 1750 528 40

430 553 474 594 οἱ
494 549 657 594 οἰκέται
687 548 746 601 ὥς
775 550 962 594 ἐκέλευε·
993 551 1035 602 ἐς
1055 550 1133 594 τὸν
1161 557 1307 608 χῶρον
1338 553 1385 597 ἐν
1415 557 1475 611 τῷ
1504 570 1583 609 περ
1615 572 1692 598 κα-
1750 553 1831 597 546

428 618 577 673 τὲβαλε
606 618 683 660 τὸν
713 617 919 663 δεσπότεα
951 619 1260 676 ἀπαγαγόντες,
1291 621 1338 665 ἐν
1367 627 1479 665 τοῖσι
1507 621 1694 678 γούνασι

429 683 652 740 ἀπέταμον
666 685 719 729 τὰ
750 687 914 731 σκέλεα.
965 688 1225 745 Φαρνούχης
1255 689 1333 745 μὲν
1364 688 1478 733 οὕτω
1507 692 1694 746 παρελύ-

426 758 487 808 θη
515 757 590 809 τῆς
618 751 858 811 ἡγεμονίης.
1704 762 1750 801 45

299 821 365 867 89
513 824 613 864 Τῶν
642 823 688 866 δὲ
718 825 930 881 τριηρέων
961 823 1152 881 α’ριθμός
1182 825 1260 881 μὲν
1290 824 1458 881 ἐγένετο
1489 825 1596 870 ἑπτα
1618 828 1693 871 καὶ

97 885 281 912 Triremium
300 896 355 914 nu-

95 928 205 947 merus.
223 920 372 949 Remu-*io
397 944 407 946 ,

96 954 260 990 nationum,
282 955 347 991 qui-

427 1026 659 1073 ἀπεσείσατο
677 1030 744 1073 τὸν
776 1032 1027 1086 Φαρνούχεα]

369 1090 394 1125 i.
424 1102 459 1126 e.
491 1093 664 1139 excussit,
705 1091 828 1129 deiecit
867 1093 1030 1130 ΡΙιανηιι-

369 1145 473 1184 chem.
529 1146 639 1183 Idem
658 1149 819 1185 verbum
835 1149 969 1186 eadem
989 1152 1029 1187 in

369 1216 409 1238 re
425 1204 493 1251 IX,
522 1207 589 1251 22,
625 1206 692 1242 ubi
722 1206 770 1242 cf.
791 1213 887 1246 nott.
912 1206 1030 1244 Phar-

368 1260 504 1296 nucleus
551 1262 667 1298 Persa
706 1271 1030 1301 commemoratur

369 1316 471 1366 apud
489 1317 668 1370 Aeschyl.
689 1320 795 1356 Pers.
821 1322 915 1360 313.

425 1379 526 1434 αἷμοῖ
544 1400 584 1425 τε
611 1383 709 1437 ἤμεε
729 1385 796 1426 καὶ
822 1386 862 1435 ἐς
880 1389 1027 1437 φθίσιν

368 1443 561 1490 περιῆλθε
582 1441 611 1493 ’ἡ
629 1445 801 1492 νοῦσος]
828 1445 852 1482 i.
876 1459 910 1482 e.
943 1458 1028 1482 san-

367 1499 508 1545 guinem
519 1502 666 1537 evomuit
686 1501 833 1551 indeque
850 1504 887 1539 in
902 1503 1029 1552 phthi-

369 1555 424 1590 sin
467 1568 496 1591 s.
536 1557 648 1594 tabem
689 1559 827 1595 morbus
868 1561 1028 1596 transiit.

367 1610 537 1647 Verbum
576 1612 854 1664 περιέρχεσθαι
893 1616 1028 1652 eadem

367 1668 574 1705 transeundi
586 1671 859 1720 significatione
872 1673 1030 1709 eadem-

367 1737 442 1775 que
479 1726 663 1763 struotura
692 1729 721 1775 I,
743 1732 781 1776 7,
830 1730 895 1765 ubi
927 1730 1028 1767 conf.

366 1788 461 1817 nott.
495 1783 524 1829 I,
550 1786 641 1825 187.
663 1786 736 1832 III,
761 1785 827 1826 65.
847 1787 910 1834 VI,
937 1789 1027 1827 110.

366 1838 466 1885 VIII,
499 1842 576 1879 106
609 1840 669 1879 fin.
703 1843 787 1878 coll.
819 1844 899 1891 VII,
935 1843 1028 1883 158.

367 1917 422 1922 —
461 1897 504 1931 In
546 1909 652 1949 seqq.
693 1899 740 1936 ad
772 1901 1028 1936 accusativum

366 1949 432 1989 τὸν
473 1952 598 1991 ἵππον
639 1956 738 1992 conf.
778 1956 916 1994 Matth.
961 1958 1027 1994 Gr.

367 2009 432 2045 Gr.
455 2010 491 2054 ξ.
513 2008 594 2051 415
618 2027 652 2050 α.
675 2026 713 2063 p.
730 2016 825 2054 760.
848 2036 900 2041 -
923 2014 1029 2059 Quae

366 2073 587 2116 sequuntur,
631 2068 788 2106 exhibui
817 2070 1030 2107 secundum

367 2121 586 2172 Schweigh.
616 2132 653 2162 et
684 2127 870 2164 Gaisford.
894 2127 1030 2164 editio-

366 2191 446 2224 nes,
470 2180 569 2215 libris
590 2183 734 2232 scriptis
758 2183 934 2220 nonnihil
953 2184 1029 2220 ssu-

367 2237 595 2272 amantibus.
618 2234 700 2276 κατ’
720 2235 842 2291 α’ρχτὲς
863 2239 1028 2290 (omnimo

364 2292 526 2341 prorsus)
555 2293 745 2331 invenitur
773 2310 926 2348 quoque
947 2298 1027 2345 Vll,

371 2347 941 2419 148.220.2‘7>3.v111‚3.
974 2354 1027 2393 94

368 2404 452 2452 (ubi
471 2411 599 2442 tamen
633 2404 775 2446 αὐτίκα
801 2425 824 2448 κ
830 2405 884 2447 τίτ
905 2405 1028 2460 α’ρχας

369 2460 527 2498 reddere
548 2464 681 2500 malim
701 2469 821 2503 statim
844 2467 887 2502 ab
909 2468 1025 2514 initio,

367 2531 488 2570 aeque
509 2525 622 2571 atque
643 2523 711 2567 lx,
734 2525 800 2563 22.
823 2525 888 2563 66.
915 2524 1025 2571 103)

425 2575 467 2615 ἒν
496 2580 596 2615 τοῖσι
626 2575 796 2628 γούνασι
825 2574 1026 2629 α’ντέταμον

367 2629 414 2671 τοὶ
437 2631 590 2682 σκέλεα]
618 2633 1025 2686 Schweighaeuserus:

368 2718 391 2736 ,‚
405 2703 510 2726 crura
530 2693 567 2727 in
581 2693 725 2740 genibus
734 2693 1025 2743 praeciderunt,“

366 2747 530 2795 probans
544 2749 726 2787 Gronovii
746 2751 1027 2800 interpretatio-

367 2815 457 2839 nem
472 2805 675 2841 verborum
697 2805 738 2845 ἕν
760 2809 842 2852 τοῖς
859 2803 1027 2858 γούνασι

367 2860 422 2904 (z'n
446 2862 684 2910 commissura,
717 2862 789 2913 (1αᾶ
801 2862 923 2913 femur
945 2876 1025 2900 cru-

1087 1034 1183 1071 ribus
1204 1034 1447 1084 committitur)
1484 1041 1521 1072 et
1550 1034 1748 1071 conferens

1085 1093 1150 1139 III,
1177 1094 1266 1139 103,
1288 1093 1354 1128 ubi
1378 1091 1455 1133 vid.
1477 1093 1601 1129 allata.
1644 1089 1747 1128 Add.

1086 1147 1265 1185 adnotata
1300 1148 1349 1185 ad
1376 1150 1457 1197 VII,
1493 1152 1558 1190 67.
1591 1171 1641 1176 -—
1686 1146 1748 1184 Ad

1084 1206 1246 1242 verbum
1273 1203 1484 1257 παρελύθη
1515 1206 1561 1245 cf.
1588 1206 1669 1253 VII,
1696 1205 1747 1244 38

1084 1262 1214 1314 ibique
1234 1269 1329 1299 nott.

1254 1363 1346 1414 Gap.
1367 1364 1589 1402 LXXXIX.

1148 1443 1238 1480 Των
1261 1440 1304 1481 δὲ
1340 1438 1533 1495 τριήρεων
1570 1438 1748 1495 αριθμὸς

1087 1513 1158 1549 μεν
1180 1497 1330 1551 ἐγένετο
1344 1496 1440 1539 ἑπτα
1459 1498 1528 1539 καὶ
1546 1496 1749 1551 διηκόσιαι

1085 1554 1153 1594 καὶ
1177 1556 1325 1607 χίλιαι]
1363 1557 1435 1602 Qui
1465 1556 1570 1593 idem
1589 1558 1748 1594 navium

1085 1625 1267 1650 numerus
1278 1613 1452 1664 proditur
1465 1615 1546 1661 Vll,
1567 1612 1645 1654 184
1659 1614 1745 1652 coll.

1085 1670 1165 1716 VII,
1204 1671 1257 1710 97
1301 1678 1337 1707 et
1366 1670 1546 1722 Aeschyl.
1575 1672 1617 1707 in
1643 1672 1748 1707 Pers.

1087 1725 1167 1766 347
1188 1739 1307 1778 seqq„
1329 1730 1434 1764 cuius
1454 1728 1571 1765 verba
1601 1734 1638 1764 et
1666 1729 1747 1777 ipsa

1085 1783 1235 1819 summa
1262 1783 1338 1820 fide
1369 1785 1486 1834 digua
1507 1784 1630 1820 attulit
1650 1785 1746 1820 Plu-

1084 1838 1235 1876 tarchus
1252 1842 1289 1876 iu
1312 1842 1384 1879 Vit.
1406 1840 1656 1878 Themistocl.
1681 1839 1746 1888 14,

1085 1897 1150 1947 qui
1171 1896 1274 1948 quod
1296 1897 1344 1934 ad
1364 1899 1522 1935 navium
1543 1910 1748 1933 numerum

1085 1952 1349 1991 definiendum
1357 1956 1413 1992 uti
1425 1956 1561 1992 maluit
1571 1955 1745 1991 testimo-

1085 2011 1150 2047 nio
1179 2018 1315 2062 poetae
1335 2013 1467 2063 tragici
1488 2025 1605 2064 quam
1624 2010 1746 2048 histo-

1085 2069 1185 2116 riae,
1227 2070 1406 2106 malevoli
1435 2070 1476 2105 iu
1507 2067 1746 2105 Herodotum

1087 2126 1204 2161 animi
1235 2127 1429 2163 incusatur
1458 2139 1479 2162 a
1504 2123 1745 2164 Valckenae-

1085 2183 1165 2218 rio:
1206 2195 1229 2218 a
1249 2196 1325 2234 quo
1354 2184 1512 2220 crimine
1543 2196 1632 2219 eum
1651 2182 1745 2218 libe-

1084 2251 1166 2274 rare
1187 2240 1333 2277 studuit
1360 2243 1601 2290 nuperrimus
1612 2238 1745 2285 editor,

1085 2295 1271 2343 Sintenis,
1322 2297 1387 2347 qui
1415 2295 1462 2332 de
1492 2308 1654 2332 numero
1674 2307 1746 2330 na-

1083 2352 1200 2399 vium,
1219 2365 1316 2403 quae
1326 2354 1499 2388 Xerxem
1509 2353 1628 2389 secuti
1645 2357 1744 2398 sunt,

1083 2408 1243 2444 conferri
1265 2410 1369 2446 iubet
1379 2411 1494 2445 Barn.
1510 2408 1744 2445 Brissonium

1083 2477 1121 2500 m
1134 2465 1217 2501 hbr
1231 2464 1605 2516 derge.Pe1-s.priuc.
1619 2465 1743 2512 111‚73

1083 2535 1121 2571 p-
1145 2525 1225 2562 317
1249 2530 1284 2559 et
1301 2536 1400 2574 quae
1412 2523 1603 2572 collegere
1615 2522 1745 2558 inter-

1082 2585 1192 2628 prett.
1215 2578 1262 2616 ad
1285 2580 1435 2619 Cornel.
1445 2580 1540 2630 Nep.
1553 2579 1626 2615 Vit.
1639 2576 1746 2614 The-

1082 2636 1180 2672 mist.
1202 2638 1240 2675 2.
1277 2637 1466 2674 Stanleius
1495 2634 1544 2672 ad
1563 2633 1741 2686 Aeschyl.

1082 2692 1186 2728 Pers.
1223 2692 1316 2734 348.
1346 2691 1666 2728 Amersfoordtius
1695 2689 1742 2727 ad

1082 2748 1332 2786 Demosthen.
1356 2749 1404 2786 de
1433 2749 1628 2801 Symmor.
1650 2759 1738 2798 pag.

1087 2808 1178 2846 186.
1201 2808 1240 2845 7.
1262 2807 1313 2843 T.
1336 2807 1454 2857 Ipag.
1476 2807 1555 2846 786
1575 2817 1680 2856 seqq.
1700 2804 1736 2839 in

1083 2863 1263 2912 Apparat.
1287 2861 1480 2900 Sohaeser.
1502 2860 1738 2899 Valckenae-
