1834 3258
384 267 858 305 POLYMNIA.
919 267 1019 306 VII.

1264 268 1349 307 555

82 376 212 431 (διξοὶ
259 375 341 432 γὰρ
391 377 445 432 δη
485 374 838 431 ἐστρατεύοντο,)
870 374 1211 432 προσετετάχατο
1235 380 1349 419 τοῖσι

79 444 270 497 Ἰνδοῖσι,
310 442 647 498 διαλλάσσοντες
692 443 807 497 εἶδος
846 445 926 500 μὲν
958 443 1089 490 οὐδὲν
1119 449 1232 489 τοῖσι
1263 443 1349 488 ἑτέ-

241 660 443 703 Alazones,
467 661 526 696 τοὶ
550 659 664 706 διχθά
689 660 895 705 δεδαίαται,
922 659 1071 705 ἔσχατοι
1097 658 1247 707 ἀνδρῶν

241 719 279 755 οὶ
302 716 367 764 μὲν
392 717 596 764 δυσομένου
623 717 848 764 Ὑπερίονος,
875 719 912 754 οἱ
936 717 967 754 δ’
993 716 1178 761 ἀνιόντος,

25 787 156 843 Odyss.
177 790 207 841 I,
228 794 305 832 23:
348 793 414 844 qui
445 792 552 829 locus
572 790 685 830 valde

23 848 192 885 exercuit
231 855 377 885 veteres
411 851 685 899 grammaticos

23 911 61 942 et
80 906 256 955 copiosae
277 904 538 957 disputationis
554 919 686 944 ansam

21 962 197 1013 praebuit
241 963 422 1000 Straboni
449 966 479 1013 I,
508 967 533 1004 2
563 965 600 1010 ξ.
636 966 685 1004 16

20 1031 126 1070 seqq.
147 1033 185 1069 p.
210 1022 374 1061 50—36
390 1034 419 1057 s.
440 1034 478 1071 p.
500 1021 552 1060 58
579 1034 683 1072 seqq.

20 1075 187 1125 (Ephori
200 1076 380 1127 fragmm.
397 1090 434 1126 Ρ.
453 1077 529 1117 142
540 1078 683 1127 Marx.)

20 1133 107 1169 coll.
128 1133 201 1170 XV
218 1146 258 1183 Ρ.
285 1135 367 1173 690
387 1135 435 1169 D.
457 1147 486 1174 s,
511 1135 619 1175 1012
637 1135 683 1170 Β.

21 1195 58 1225 et
77 1189 228 1225 Arrian.
252 1188 337 1226 Ind.
361 1191 398 1238 6,
421 1189 496 1241 quit
513 1190 607 1227 illud
628 1191 687 1228 ef-

22 1245 134 1282 ficere
161 1244 288 1283 studet
325 1244 455 1296 (conf.
477 1259 566 1298 pag.
585 1245 658 1299 35)
676 1262 686 1298 ,¹

22 1300 230 1354 Aethiopes
251 1301 326 1340 dici
346 1304 489 1340 Oceani
501 1303 686 1342 meridio-

22 1360 117 1397 nalis
162 1361 309 1397 accolas
338 1361 385 1397 ab
415 1362 562 1398 oriente
595 1360 685 1398 inde

21 1429 144 1468 usque
182 1416 231 1453 ad
271 1416 512 1454 occidentem
551 1419 686 1468 solem,

23 1474 110 1510 sinu
137 1474 301 1510 Arabico
331 1475 507 1511 bifariam
536 1474 686 1524 divisos,

22 1531 131 1567 itaut
149 1532 216 1582 qui
229 1531 275 1568 ab
298 1533 442 1568 oriente
463 1533 617 1570 Arabici
635 1534 688 1570 si-

23 1599 96 1624 nus
117 1584 309 1636 habitent,
333 1589 522 1626 orientales
543 1590 691 1627 Aethio-

20 1657 83 1694 pes
116 1645 194 1682 sive
217 1645 394 1692 Asiatici,
427 1647 494 1699 qui
515 1647 561 1683 ab
592 1648 690 1684 occi-

25 1700 139 1738 dente
155 1731 165 1750 ,
203 1701 435 1740 occidentales
458 1703 641 1755 Aethiopes
660 1717 691 1743 s.

27 1756 112 1807 Afri
147 1766 432 1810 nuncupentur.
502 1761 559 1798 Ac
601 1774 693 1799 sane

26 1815 149 1864 prisco
169 1828 264 1854 aevo
283 1814 521 1868 Aethiopum
548 1831 694 1856 nomen

26 1871 137 1908 latius
173 1873 297 1923 patuit
325 1886 443 1925 quam
473 1874 690 1925 postmodo,

24 1940 148 1980 quum
176 1928 225 1966 ad
259 1937 404 1967 certam
432 1938 572 1968 terram
593 1945 692 1982 gen-

23 1991 182 2036 temque
203 1985 298 2022 illud
308 1987 449 2023 referre
460 1990 670 2039 coepissent
680 2005 691 2037 3

22 2041 76 2077 ita
106 2048 158 2087 'ut
187 2043 235 2079 ob
261 2040 362 2080 hanc
381 2045 546 2081 nominis
569 2046 693 2082 ambi—

24 2098 211 2148 guitatem
249 2112 482 2153 sensumque
514 2103 691 2139 latiorem

24 2154 121 2192 illud
149 2156 277 2207 ipsmn
305 2159 442 2195 merito
473 2172 493 2194 e
525 2171 691 2209 geogra-

26 2210 115 2262 phia
159 2214 461 2251 exterminatum
489 2229 569 2253 esse
600 2229 692 2267 pro-

24 2269 176 2306 nuntiet
194 2267 328 2308 Ritter.
337 2271 552 2309 Erdkunde
570 2275 587 2309 I
603 2286 691 2325 pag.

31 2327 123 2366 177
162 2326 342 2365 Straboni
362 2327 557 2380 disputatiS
586 2344 692 2368 nunc

27 2375 116 2419 add.
153 2383 321 2424 Nitzsch.
354 2384 404 2423 ad
442 2386 576 2439 Odyss.
607 2388 632 2426 l.
665 2388 691 2426 l.

25 2438 129 2475 Part.
149 2439 167 2475 Ι
191 2453 231 2490 Ρ.
253 2443 277 2481 8
297 2454 404 2495 seqq.
439 2450 477 2481 et
504 2443 691 2482 Vo'lcker.

27 2494 249 2547 Geograph.
278 2498 473 2537 Homeric.
511 2514 601 2552 pag.
637 2503 691 2543 88

27 2563 133 2603 seqq.
193 2554 390 2606 Perquam
421 2558 525 2594 enim
544 2558 588 2595 fit
609 2571 690 2595 cre-

29 2605 163 2656 dibile,
197 2622 217 2646 e
247 2618 448 2661 poetarum
479 2615 690 2664 piiscoium

29 2666 258 2703 carminibus
279 2666 328 2704 ad
354 2671 569 2719 posterioris
591 2679 696 2709 aeta—

29 2721 282 2773 tisscriptores
300 2733 510 2776 propagata
530 2727 695 2776 fluxisse,

33 2789 286 2832 quaecunque
298 2780 400 2831 apud
420 2780 535 2820 hosce
556 2784 696 2833 legun-

34 2839 95 2871 tur
113 2834 161 2872 de
185 2835 399 2888 duplicibus
427 2838 693 2890 Aethiopibus,

37 2901 199 2942 quorum
219 2895 328 2932 alteri
348 2895 453 2948 iique
467 2895 553 2948 Afri
572 2897 694 2949 crispo

743 792 912 842 insignes
937 791 1140 843 capilliti03
1176 791 1282 829 alteri
1296 793 1408 829 Asia—

742 851 782 886 ni
821 850 868 885 ab
896 850 997 886 Afris
1028 847 1164 887 diversi
1197 861 1410 901 sanequam

743 907 857 957 stirpe
870 936 880 953 ,
909 913 1012 943 recta
1032 912 1069 942 et
1091 906 1277 957 promissit
1297 905 1409 943 coma

745 963 953 1014 conspicui.
1022 963 1100 1000 Illis
1140 976 1230 1000 cum
1268 964 1409 1000 tribuat

743 1021 880 1057 Noster
914 1015 1131 1060 ου’λότατον
1169 1020 1344 1071 τρίχωμα
1378 1033 1408 1056 s.

742 1078 895 1127 capillos
905 1077 1075 1113 maxime
1086 1077 1224 1128 crispos
1234 1077 1410 1113 omnium

742 1132 959 1182 hominum,
981 1140 1137 1184 apparet
1156 1134 1318 1184 intelligi
1338 1132 1410 1172 Νί-

743 1203 838 1240 grae,
861 1203 955 1242 quos
975 1203 1079 1227 nunc
1095 1198 1254 1239 vocant,
1275 1192 1412 1242 Aegy-

744 1249 800 1299 pti
821 1248 968 1284 accolas
998 1246 1046 1284 ad
1065 1247 1269 1284 meridiem
1299 1249 1412 1300 eique

745 1305 940 1353 finitimos,
981 1317 1076 1356 quos
1116 1302 1221 1342 haud
1251 1306 1328 1342 scio
1362 1317 1412 1341 an

741 1362 823 1413 ipse
835 1361 973 1398 viderit
992 1360 1169 1398 historiae
1180 1368 1299 1413 pater,
1321 1374 1413 1398 cum

743 1420 784 1455 iu
813 1420 993 1471 Aegypto
1027 1426 1253 1457 versaretur.
1323 1417 1412 1456 Vid.

744 1478 910 1514 Heeren.
928 1475 1059 1514 Ideen.
1080 1477 1127 1524 II,
1152 1479 1172 1516 1
1205 1488 1294 1527 pag.
1317 1478 1412 1516 317.

744 1534 802 1570 Ac
837 1546 951 1584 supra
978 1534 1057 1570 iam
1084 1532 1251 1570 indicavi
1280 1531 1328 1569 ad
1348 1532 1411 1579 IV,

750 1592 830 1630 197
859 1589 1046 1628 Herodoti
1080 1588 1289 1641 Aethiopes
1308 1602 1414 1627 nunc

749 1645 948 1696 Nigrorum
966 1647 1127 1684 nomine
1142 1647 1314 1685 vocitari.
1364 1646 1415 1683 A-

747 1705 872 1742 siatici
882 1705 1078 1756 Aethiopes,
1101 1706 1168 1756 qui
1187 1703 1291 1741 Indis
1302 1703 1416 1740 simili

748 1760 868 1799 modo
898 1770 985 1800 sunt
1021 1764 1157 1798 armati
1199 1760 1415 1812 iisdemque

751 1820 901 1856 accensi
928 1821 968 1855 in
997 1819 1203 1856 Persarum
1233 1819 1414 1864 exercitu,

749 1876 815 1913 vix
845 1876 908 1912 alii
923 1882 1035 1912 erunt
1054 1882 1168 1927 atque
1189 1874 1309 1911 Indici
1329 1886 1416 1910 ma-

748 1932 797 1968 ris
829 1933 1001 1980 accolae,
1031 1944 1140 1969 oram
1168 1930 1300 1968 Indiae
1321 1943 1416 1967 con-

749 1990 956 2025 terminam
976 1987 1190 2026 habitantes
1224 1988 1417 2026 Gedrosiae

748 2052 786 2082 et
821 2046 1036 2083 Carmaniae
1052 2075 1062 2093 ,
1100 2053 1143 2082 ut
1169 2046 1268 2081 bene
1288 2044 1417 2082 statuit

747 2104 913 2140 Heeren.
943 2102 1074 2140 Ideen.
1109 2110 1180 2139 etc.
1209 2104 1306 2149 11‚2
1326 2114 1416 2152 pag.

749 2161 844 2199 291.
903 2158 1006 2197 Add.
1033 2165 1132 2197 nott.
1161 2158 1210 2196 ad
1230 2158 1417 2195 Herodot-

748 2218 815 2263 111,
834 2215 901 2257 94.
960 2217 1010 2252 Hi
1030 2217 1145 2267 igitur
1165 2213 1366 2269 ἰθύτριχες
1386 2228 1415 2253 s.

752 2288 801 2313 ευ
788 2268 986 2324 ’θύτριχες
998 2271 1060 2324 (ut
1071 2271 1186 2310 habet
1195 2272 1417 2311 Eusthatius

749 2328 846 2367 haec
859 2331 978 2368 citans
989 2329 1038 2367 ad
1051 2329 1216 2382 Odyss.1
1235 2331 1417 2382 p 1386,

754 2390 804 2428 17
834 2400 864 2425 S.
897 2389 961 2435 13,
992 2385 1076 2439 24)
1114 2389 1140 2425 i.
1162 2400 1195 2424 e.
1215 2393 1361 2424 rectam
1382 2392 1419 2423 et

750 2445 978 2511 promissam
999 2445 1142 2482 alentes
1154 2457 1320 2491 comam,
1343 2442 1419 2494 quit

748 2501 830 2553 ipsa
850 2503 1022 2538 maxime
1043 2500 1227 2539 differunt
1243 2502 1290 2539 ab
1302 2500 1418 2537 Afris.

753 2581 802 2586 —-
835 2557 898 2596 Ad
932 2571 1045 2596 voces
1083 2554 1301 2598 οὐλότατον
1334 2557 1396 2608 τρί
1382 2578 1418 2595 -

749 2630 861 2666 χωμα
897 2614 1029 2666 έχουσι
1057 2630 1222 2654 παντων
1252 2608 1418 2664 ἀνθρώ-

753 2687 842 2711 πων
871 2673 972 2710 conf.
1001 2671 1138 2712 Mattli.
1168 2673 1236 2709 Gr.
1276 2672 1342 2708 Gr.
1379 2670 1416 2714 ξ.

754 2727 836 2771 459
866 2737 946 2770 not.
985 2742 1069 2780 pag.
1102 2728 1198 2770 857.
1230 2727 1300 2764 Cr.
1322 2738 1418 2763 con-

751 2785 840 2822 ferri
861 2787 942 2824 vult
963 2786 1097 2837 Odyss.
1117 2785 1227 2831 XIX,
1241 2782 1322 2824 246
1343 2783 1418 2819 lbi·-

752 2855 827 2894 que
855 2841 1029 2879 Eustath.
1064 2855 1101 2892 p
1131 2839 1235 2888 694³,
1258 2841 1311 2880 29
1332 2838 1416 2892 (qui

753 2911 802 2936 ex
831 2898 1027 2936 Herodoto
1054 2895 1184 2935 laudat
1204 2892 1417 2949 ου’λόθριξ)
