1870 3249
370 256 1029 304 T'ERPSICHORE.
1089 269 1133 304 V.

1303 273 1384 313 161

123 363 204 420 τήν
240 365 286 408 δὲ
329 365 491 423 ἐσθῆτα
530 369 794 426 μετέβαλλον
838 372 1004 417 αὐτέων
1042 376 1084 426 ἐς
1122 376 1203 433 τὴν
1241 378 1382 423 Ἰάδα·

124 431 311 486 ἐφόρεον
340 436 422 489 γὰρ
458 435 510 493 δὴ
540 436 625 492 πρὸ
656 442 736 482 τοῦ
767 441 814 482 αἱ
841 444 930 483 τῶν
955 439 1206 500 Ἀθηναίων
1233 453 1380 503 γυναῖ-

66 614 87 637 e
105 603 324 641 Florentino
345 619 433 643 cum
447 606 666 660 Schweigh.
685 619 722 648 et

65 658 180 699 Gaisf.
201 660 257 697 bis
279 661 381 699 edidi
402 663 638 715 μετέβαλλον
650 681 719 718 pro

63 713 299 766 μετέβαλον,
334 720 438 771 quod
467 725 590 759 tenuit
618 725 720 761 Mat-

61 769 174 810 thiae.
235 775 299 810 Tu
352 777 517 814 celerem
565 779 720 818 adverte

61 829 238 866 orationis
257 834 457 870 transitum
468 848 517 871 ex
535 836 720 875 indirecta

59 885 100 920 in
130 885 314 924 directam
341 893 579 930 orationem:
611 891 717 948 ἄλλῳ

59 938 131 992 μὲν
157 940 207 994 δή
231 939 306 983 ου’ν,
327 945 496 997 ἔχειν-
516 946 590 999 τήν
612 949 655 989 δὲ
678 952 718 990 ἐ-

58 1000 190 1048 σθῆτα
230 1001 480 1052 μετέβαλλον.
552 1007 627 1044 Pro
666 1010 718 1062 τῇ

58 1057 275 1111 Κορινθίῃ,
295 1059 400 1110 quod
428 1062 602 1114 plerique
630 1064 716 1101 libri

54 1117 205 1160 tenent,
275 1115 417 1153 Aldina
462 1121 713 1170 Κορινθίων.

54 1167 171 1221 Seqq.
193 1171 282 1207 citat
299 1173 472 1212 Eustath.
487 1175 535 1212 ad
554 1177 598 1213 Il.
619 1190 708 1228 pag.

45 1224 147 1278 ³567,
187 1229 240 1267 37
268 1241 298 1265 S·
319 1229 414 1278 431,
434 1230 460 1271 4
483 1239 519 1268 et
539 1232 633 1281 456,
659 1237 710 1274 10

49 1294 80 1321 ε.
101 1283 195 1330 347,
227 1286 266 1324 9.
321 1287 405 1323 Iam
426 1287 474 1325 ad
498 1291 612 1326 totius
634 1291 711 1328 loci

51 1347 321 1388 argumentum
349 1345 486 1382 melius
524 1348 709 1398 perspici—

50 1394 193 1432 endum
212 1397 306 1436 haec
322 1402 444 1437 teneri
463 1403 592 1440 velim.
621 1406 708 1441 Du·-

47 1451 138 1501 plex
164 1454 398 1494 Graecarum
417 1460 623 1496 mulierum
644 1461 706 1498 di-

47 1510 186 1559 stingui
207 1510 319 1550 debet
331 1516 613 1565 vestimentum,
623 1519 706 1555 Do-

47 1565 169 1603 ricum
207 1575 322 1621 atque
367 1573 565 1622 Ionicum,
609 1574 706 1612 illud

45 1624 234 1675 antiquius
250 1625 424 1680 adeoque
442 1643 565 1667 unum
577 1633 706 1668 omni-

44 1678 113 1715 bus
146 1682 239 1717 olim
270 1684 422 1722 Graecis
452 1688 615 1725 Doribus
637 1702 705 1725 ae—

44 1747 119 1787 que
158 1745 272 1790 atque
310 1742 464 1780 Ionibus
506 1747 702 1794 usitatum,

41 1789 116 1829 hoc
137 1807 186 1830 ex
201 1796 304 1844 Asia,
326 1799 393 1836 ubi
410 1801 521 1838 Iones
532 1804 704 1853 primum

43 1860 309 1901 assumserunt,
341 1856 380 1891 iu
397 1858 596 1908 Europam
611 1859 705 1897 inde·

44 1902 92 1940 ad
116 1906 268 1944 Ionicae
305 1913 428 1962 stirpis
462 1922 594 1963 gentes
622 1923 702 1952 tra-

44 1958 214 2000 ductum.
272 1966 372 2003 Illud
403 1981 452 2004 ex
478 1971 566 2007 lana
585 1984 700 2021 para-

41 2022 123 2053 tum
156 2026 192 2055 et
221 2021 377 2071 quidem
397 2038 484 2061 11110
515 2028 698 2078 3111133-

39 2081 171 2111 mento
191 2089 262 2114 nec
292 2079 460 2129 pluribus
489 2096 510 2118 e
530 2086 698 2134 partibus

39 2138 264 2180 consutum,
312 2137 393 2172 sine
434 2142 616 2188 manicis,
654 2143 696 2178 iu

36 2184 204 2225 humeris
227 2197 375 2229 tantum
401 2207 557 2248 unoque
577 2198 695 2234 latere

37 2255 258 2283 connexum
274 2247 393 2286 >fibula
405 2280 415 2297 ,
436 2253 554 2290 altero
575 2254 692 2292 latere

36 2308 207 2350 aper-trun
229 2303 359 2353 (unde
381 2308 532 2358 σχιστός
555 2308 691 2363 χιτών)
710 2332 712 2334 ·

33 2356 84 2392 ila
106 2365 252 2408 tamen,
282 2369 324 2398 ut
343 2362 479 2402 fibulis¹
497 2380 527 2404 s.
549 2368 692 2405 acubus

32 2415 277 2463 probabiliter
306 2423 512 2473 constringi
532 2432 689 2475 sposset,

33 2483 81 2505 ne
109 2473 188 2508 scil.
219 2474 340 2512 nudas
370 2490 426 2515 se<
448 2479 581 2518 danent
599 2494 691 2518 mu*-

32 2526 162 2574 lieres,
210 2529 410 2583 Idemque.
436 2537 554 2574 etiam
593 2539 690 2576 solvi

30 2591 175 2633 posset,
196 2587 227 2623 si
246 2588 397 2626 liberior
415 2596 580 2644 corporis
600 2608 690 2632 mo-

31 2645 87 2676 tus
120 2640 190 2690 (ut
218 2657 254 2680 v.
277 2658 310 2680 c.
338 2646 495 2686 inludis
510 2680 519 2697 ,
550 2652 686 2703 quibus

33 2703 69 2732 et
107 2698 206 2748 ipsas
248 2702 426 2741 mulieres
474 2707 686 2745 interfuisse

30 2754 233 2805 novimus)
264 2755 338 2795 hoc
362 2762 590 2812 requireret,
620 2765 687 2801 ubi

31 2814 187 2862 utraque
214 2813 351 2851 lacinia
371 2818 416 2854 ab
447 2826 608 2871 utroque
628 2822 687 2857 la-

30 2871 106 2901 tere
127 2870 390 2920 explicaretur,
411 2874 686 2928 inferioresque

84 2924 304 2964 Her-onor.
325 2930 391 2966 111.

779 615 945 664 corporis
966 624 1101 665 partes,
1124 625 1165 655 ut
1184 619 1314 671 pedes,
1331 635 1440 660 crura

778 679 1014 720 apparerent.
1087 675 1195 712 Unde
1237 692 1442 730 φαινομη-

778 727 891 775 ρίδας
911 729 1089 767 mulieres
1101 732 1306 783 spartanas
1325 743 1440 786 poeta

777 782 873 819 dixit
902 785 1052 836 Ibycus.
1116 792 1174 826 Ac
1209 791 1439 844 plerumque

776 852 826 876 ne
844 853 985 878 zonam
1006 843 1163 895 quidem
1179 845 1268 884 huic
1280 851 1437 886 amictui

774 896 873 933 infra
895 906 1027 949 pectus
1063 901 1268 942 addebant.
1337 907 1435 943 Tale

775 961 905 990 autem
941 958 1213 996 vestimentum
1246 963 1435 1000 muliebre

773 1010 897 1047 fibulis
910 1010 1131 1051 adstrictum
1142 1025 1301 1054 vocatur
1312 1020 1435 1056 Grae—

772 1067 823 1103 cis
852 1070 1088 1122 περονητρὶς
1118 1079 1155 1110 et
1192 1073 1435 1127 καταπτυχὲς

771 1122 1024 1176 ἐμπερόναμα
1065 1130 1134 1176 (ut
1171 1139 1306 1168 monet
1339 1133 1433 1170 val-

767 1178 880 1217 cken.
914 1182 962 1218 ad
981 1182 1021 1224 h.
1041 1184 1066 1222 1.
1104 1193 1141 1223 et
1161 1188 1233 1223 alia
1255 1189 1373 1227 citans
1395 1198 1433 1228 et

765 1235 974 1287 Spanhem.
1024 1240 1073 1277 ad
1122 1243 1343 1284 Callimach.
1390 1247 1432 1284 in

763 1294 892 1344 Apoll.
914 1296 986 1346 32)
1019 1299 1100 1335 sive
1129 1303 1330 1339 communi
1359 1316 1431 1355 ap-

762 1351 967 1400 pellatione
979 1352 1100 1404 χιτών
1115 1364 1232 1409 atque
1245 1355 1404 1410 ἱμάτιον
1418 1374 1429 1409 ;

761 1407 857 1444 illud
877 1411 1017 1447 rectius
1030 1440 1040 1459 ,
1070 1419 1114 1449 ut
1130 1414 1212 1465 ipsa
1244 1418 1333 1453 artis
1354 1416 1430 1454 do-

764 1472 851 1502 cent
887 1477 1162 1518 monumenta3
1222 1470 1298 1509 hoc
1336 1473 1429 1511 inde

762 1521 918 1559 fortasse
938 1525 1100 1563 invaluit
1119 1541 1262 1565 nomen
1280 1559 1289 1577 ‚
1322 1531 1428 1582 quod

760 1579 791 1614 si
812 1592 902 1615 cum
920 1581 1062 1618 Ionum
1080 1582 1234 1622 chitone
1266 1599 1427 1638 compa-

761 1643 928 1684 raretur,
959 1651 1049 1675 sane
1076 1637 1236 1691 ἱμάτιον
1265 1656 1345 1680 esse
1365 1645 1426 1682 vi-

762 1691 914 1730 deretur
943 1707 987 1732 ac
1016 1709 1148 1734 revera
1168 1700 1220 1736 sic
1241 1701 1425 1752 appellari

759 1757 897 1799 posset.
954 1751 1096 1791 Adhuc
1124 1756 1165 1792 in
1192 1759 1304 1794 variis
1334 1771 1425 1796 mo—

758 1810 973 1856 numentis,
1002 1822 1110 1861 quae
1130 1819 1302 1850 nostram
1321 1816 1424 1851 tule-

758 1870 849 1899 runt
897 1873 1062 1903 aetatem
1075 1897 1084 1915 ‚
1132 1871 1421 1920 conspiciuntur

757 1921 936 1958 mulieres
954 1923 1117 1960 Doricae
1140 1923 1214 1962 hac
1234 1933 1339 1964 veste
1356 1929 1422 1964 in-

758 1974 872 2012 dutae
892 1977 1067 2030 adeoque
1084 1982 1189 2030 ipsae
1216 1983 1322 2019 Deae
1336 2013 1346 2032 ‚
1376 1991 1420 2022 ut

755 2032 890 2080 Diana,
913 2035 1031 2082 aliae3
1071 2039 1164 2088 quin
1186 2051 1230 2075 ea
1249 2041 1330 2091 ipsa
1348 2055 1419 2078 ve-

753 2096 809 2124 ste
819 2088 1068 2129 Athenienses
1085 2095 1178 2130 olim
1193 2109 1284 2133 usae
1302 2097 1417 2135 fuisse

753 2143 952 2195 dicuutur,
983 2149 1105 2187 donec
1131 2150 1289 2190 Ionicum
1309 2167 1417 2192 assu-

750 2211 900 2240 merent
938 2213 1081 2254 vestem
1094 2237 1104 2255 ,
1150 2221 1250 2260 quae
1294 2213 1414 2263 qualis

748 2258 873 2308 fuerit,
895 2274 944 2297 ex
958 2264 1045 2300 artis
1065 2269 1326 2305 monumentis
1346 2281 1414 2306 ae-

749 2328 825 2367 que
843 2321 1022 2368 cognosci
1042 2328 1178 2371 potest,
1211 2337 1232 2360 e
1253 2323 1412 2363 dearum

747 2373 968 2423 simulacris,
982 2377 1064 2414 aliis
1074 2378 1113 2414 id
1128 2391 1262 2429 genus.
1289 2383 1412 2419 Nam-

749 2443 824 2481 que
835 2433 1024 2469 manicata
1036 2437 1295 2475 amiciebatur.
1311 2440 1409 2475 Lin-

747 2493 806 2523 tea
827 2495 908 2525 erat
927 2492 1060 2527 tunica
1075 2521 1084 2539 ‚
1124 2499 1204 2530 tota
1234 2503 1405 2545 consuta,

744 2543 783 2579 in
807 2550 882 2595 qua'
902 2546 1027 2584 fibulis
1046 2549 1298 2599 nufluslocus,
1318 2565 1407 2590 ma-

744 2601 839 2637 nicis
865 2602 1046 2640 instructa
1077 2606 1207 2653 (unde
1225 2610 1406 2660 χειριδω-

744 2653 811 2702 τός
830 2656 997 2711 χιτών),·-
1009 2661 1126 2712 longa
1145 2664 1195 2700 ad
1213 2665 1329 2715 pedes
1344 2672 1405 2702 ta-

742 2713 876 2765 losque
897 2729 1017 2768 usque
1039 2717 1202 2756 deducta
1222 2728 1258 2758 et
1278 2728 1403 2759 totum

743 2781 880 2820 corpus
907 2774 1112 2824 obtegens,
1140 2775 1231 2813 hinc
1251 2778 1403 2816 sinuosa

744 2833 781 2861 et
820 2830 1059 2879 complicata.
1126 2833 1232 2876 Quae
1271 2836 1401 2872 omnia

743 2883 983 2922 orientalitun
1003 2885 1207 2925 hominum
1232 2892 1402 2930 referunt

1073 2947 1118 2983 11
