1834 3258
422 246 887 285 POLYMNIA.
950 246 1050 284 VII.

1279 248 1362 288 607

101 373 146 402 τε
177 355 200 401 ὁ
233 354 405 411 Πέρσης
432 358 548 399 τοῖσι
575 354 842 401 Ἀκανθίοισι
870 360 1070 410 προεῖπε,
1101 354 1176 399 καὶ
1197 355 1360 412 ἐδωρή-
1372 362 1418 398 95

101 423 206 469 σατό
236 436 371 479 σφεας
400 423 549 479 ἐσθῆτι
577 426 773 481 Μηδικῇ,
803 424 970 468 ἐπαίνεέ
999 441 1064 475 τε,
1115 423 1254 479 ὁρέων
1283 422 1361 468 αὐ-

97 492 201 543 τούς
241 490 503 548 προθύμους
533 490 684 543 ἐόντας
708 492 750 544 ἐς
779 492 857 536 τὸν
885 493 1098 549 πόλεμον,
1129 493 1204 536 καὶ
1229 491 1278 536 vd
1317 491 1361 535 ὅ-

1 583 31 630 7
96 575 241 615 ρυγμα
279 557 470 604 ἁκούων.
533 559 604 603 Ἐν
658 560 853 618 Ἀκάνθῳ
896 561 942 604 δὲ
983 560 1133 611 ἐόντος
1172 560 1355 614 Ξέρξεω,

94 625 321 682 συνήνεικε
363 628 451 672 ὑπὸ
493 629 662 673 νούσου
711 627 954 672 ἀποθανεῖν
1006 628 1084 672 τόν
1121 628 1359 672 ἐπεστεῶτα

91 699 166 751 τῆς
187 693 400 753 διώρυχος
427 695 702 753 Ἀρταχαίην,
734 696 918 754 δόκιμον
946 695 1074 740 ἐόντα
1102 697 1222 750 παρὰ
1252 697 1354 750 Ξέρ-

91 764 166 821 ξῃ,
215 765 289 808 καὶ
325 764 455 821 γένος
489 763 805 824 Ἀχαιμενίδην,
854 764 1038 822 μεγάθεΐ
1075 780 1119 808 τε
1148 764 1382 820 μέγιστον1

32 990 104 1020 stat
124 982 149 1024 ὅ
172 982 340 1037 Ξέρξηςτ,
370 998 468 1037 quae
485 986 620 1024 eadem
635 987 693 1023 le-

32 1042 165 1078 ctionis
184 1043 343 1079 varietas
367 1042 449 1091 VII,
474 1046 566 1085 133.

87 1130 154 1170 καὶ
178 1128 402 1183 ἐδωρήσατό
422 1144 546 1182 σφεας
571 1132 691 1185 ἐσθῆ-

31 1203 68 1226 τι
88 1188 286 1241 Μηδικῇ]
311 1189 421 1232 Conf.
440 1190 538 1238 Vm,
559 1194 637 1232 120
655 1198 691 1228 et

32 1254 128 1296 quae
154 1244 332 1296 adscripsi
363 1246 411 1283 ad
438 1248 503 1295 ΠΙ,
535 1247 600 1295 84,
624 1249 692 1285 ubi

31 1302 146 1338 etiam
175 1300 222 1339 de
244 1301 393 1340 Medica
413 1307 527 1353 veste,
550 1317 648 1356 quae
668 1318 690 1342 a

29 1371 118 1409 rege
138 1359 295 1410 singulis
319 1361 406 1397 viris
426 1361 524 1398 bene
545 1360 592 1398 de
607 1362 690 1413 ipso

28 1417 240 1466 promeritis
260 1429 381 1469 aeque
397 1424 511 1470 atque
526 1419 690 1456 civitati-

28 1473 99 1510 bus
126 1473 166 1509 in
189 1471 379 1510 honorem
410 1474 568 1512 concedi
588 1476 689 1513 sole-

27 1529 110 1574 bat,
132 1531 174 1567 C.
185 1532 248 1567 Fr.
260 1532 471 1570 Hermann.
492 1533 531 1569 in
544 1531 689 1570 Schul-

27 1587 113 1623 zeit.
145 1589 253 1628 1830
271 1600 331 1625 nr.
350 1591 401 1629 63
430 1603 467 1640 p.
493 1590 574 1630 510
604 1597 684 1630 not.

27 1645 77 1684 31
127 1650 164 1680 et
205 1642 254 1680 ad
290 1646 449 1683 Lucian.
483 1647 541 1682 De
590 1660 686 1684 con-

24 1700 132 1739 scrib.
155 1699 284 1738 histor.
305 1715 344 1753 p.
366 1704 449 1743 239
469 1716 550 1755 seq.
587 1705 685 1741 Per-

23 1768 151 1794 sarum
170 1770 261 1795 vero
281 1771 388 1809 reges
410 1760 596 1797 beneficia
617 1774 684 1798 ac-

24 1821 133 1864 cepta
142 1815 355 1853 luculenter
369 1819 604 1854 remunerari
618 1831 684 1855 so-

21 1869 107 1908 litos
119 1885 198 1908 esse
217 1873 432 1910 notavimus
453 1873 501 1910 ad
510 1876 576 1922 ΙΠ,
592 1874 682 1916 140.

23 1925 98 1972 Qui
126 1927 243 1964 iidem
258 1936 301 1966 ut
321 1942 411 1965 cum
431 1931 588 1980 singulis
608 1929 682 1968 ho-

22 1984 189 2021 minibus
224 1983 301 2034 (cf.
328 1986 409 2033 Vn,
430 1987 513 2036 29)
543 1988 593 2024 ita
625 1995 683 2024 et-

21 2041 100 2077 iam
119 2054 210 2077 cum
239 2042 450 2079 civitatibus
476 2041 684 2094 hospitium

21 2098 252 2134 contraxisse
301 2097 492 2138 dicuntur.
570 2101 681 2140 conf.

20 2153 187 2192 Brisson.
207 2156 265 2191 De
284 2168 365 2206 reg.
393 2157 500 2194 Pers.
518 2158 681 2209 princip.

20 2211 50 2259 1,
75 2213 168 2252 161.
197 2212 342 2262 Insigni
359 2211 589 2251 documento
601 2215 681 2265 ipse

21 2273 76 2305 est
104 2267 320 2306 Herodotus
350 2269 450 2316 VIII,
471 2273 574 2320 120,
601 2284 678 2324 quo

23 2331 174 2362 auctore
196 2327 345 2363 Xerxes
365 2326 564 2365 Abderitas
586 2342 677 2365 mu—

4 2375 5 2378 *
20 2382 170 2419 neribus
199 2395 337 2420 ornans
359 2392 554 2422 enarratur
568 2386 679 2423 item-

20 2449 93 2490 que
113 2439 260 2490 ξεινίην
287 2451 359 2489 σφι
381 2440 629 2493 συνθέμενος
649 2445 675 2482 i.

21 2505 54 2532 e.
78 2494 263 2546 hospitium
292 2508 369 2534 cum
391 2497 468 2535 illis
490 2504 621 2550 pactus
645 2514 675 2537 s-

21 2552 230 2590 contrahens.

71 2640 140 2682 καὶ
162 2638 208 2681 τό
236 2638 391 2694 ὄρυγμα
427 2639 617 2694 ἁκούων]
648 2646 674 2683 ἰ.

21 2706 52 2735 e.
68 2697 226 2748 seusam,
257 2711 375 2751 quam
403 2713 472 2750 per
491 2698 675 2739 isthmum

20 2762 85 2801 rex
96 2753 183 2792 duci
191 2756 357 2804 iusserat,
374 2756 585 2794 absolutam
595 2771 674 2795 esse

18 2806 292 2856 Acanthiorum
349 2813 465 2864 operit
511 2814 674 2852 audiens.

21 2861 90 2903 Ubi
118 2869 184 2907 vix
211 2881 307 2921 opus
342 2869 432 2907 addi
459 2866 539 2922 ἤδη
561 2867 673 2923 γενό-

748 1000 890 1037 μενον,
923 985 1027 1038 quod
1042 987 1082 1023 in
1097 992 1269 1022 mentem
1295 1000 1412 1024 vene-

747 1050 805 1080 rat
822 1042 1026 1083 LarcherO.
1082 1044 1265 1081 Acanthus
1279 1045 1368 1082 urbs
1390 1057 1411 1081 a

749 1100 851 1137 Sane
883 1099 1044 1152 oppido,
1084 1101 1151 1137 ubi
1184 1101 1306 1139 fossae
1335 1103 1412 1138 ini—-

746 1158 844 1193 tium
861 1155 910 1206 (V
913 1160 959 1206 Π,
991 1159 1077 1209 22),
1107 1171 1188 1194 non
1213 1159 1327 1211 longe
1349 1158 1410 1196 di-

746 1215 880 1252 stabat.

951 1338 1043 1391 cap.
1066 1338 1221 1378 CXVII.

799 1447 1068 1504 Ἀρταχαίην]
1115 1454 1232 1506 Apud
1269 1456 1406 1495 Tzetz.

745 1507 843 1546 Chil.
863 1511 892 1556 Ι,
914 1512 995 1550 918
1011 1506 1251 1563 Ἀρταχαῖον
1273 1521 1406 1552 exstat.

742 1565 830 1604 Vid.
864 1566 1008 1604 Herod.
1044 1567 1124 1615 vn,
1157 1573 1223 1610 22.
1261 1569 1406 1607 Vocem

742 1619 906 1673 δόκιμον
940 1622 977 1663 h.
1014 1625 1040 1660 l.
1062 1632 1105 1661 ut
1123 1627 1154 1673 Ι,
1179 1625 1271 1667 152.
1304 1627 1406 1674 VIII,

740 1682 793 1720 73
820 1680 993 1718 illustrem
1023 1681 1132 1719 reddi
1152 1683 1234 1721 vult
1259 1685 1404 1723 Blomf.

739 1737 904 1774 Glossar.
933 1737 981 1774 ad
1001 1737 1181 1791 Aeschyl.
1209 1741 1312 1778 Pers.
1334 1744 1403 1783 89.

738 1793 932 1846 Equidem
951 1796 1084 1831 malim
1101 1800 1304 1847 spectatum,
1312 1811 1402 1849 pro-

739 1851 859 1888 batum
887 1850 1055 1904 indeque
1074 1853 1290 1894 honoratum.
1336 1855 1400 1893 Ad

738 1907 974 1944 locutionem
1012 1905 1187 1960 μεγάθεϊ
1219 1909 1402 1962 μέγιστον

739 1964 841 2001 conf.
863 1978 962 2015 quae
978 1964 1156 2017 adscripsi
1177 1966 1222 2004 ad
1237 1967 1318 2016 VH,
1331 1971 1400 2010 20.

740 2022 798 2056 De
831 2022 948 2058 cubito
986 2024 1083 2070 regio
1121 2022 1199 2060 vid.
1240 2026 1270 2073 Ι,
1305 2028 1399 2068 178.

741 2077 922 2115 Observat
952 2085 1081 2115 autem
1109 2079 1158 2117 ad
1186 2079 1225 2120 h.
1256 2083 1282 2118 l.
1306 2081 1400 2119 Val-

739 2132 916 2174 ckenaer.
964 2143 1128 2187 quatuor
1183 2139 1398 2177 cubitorum

737 2197 921 2228 staturam
940 2193 1080 2230 iustam
1110 2192 1274 2233 hominis
1305 2210 1397 2234 cen-

736 2249 853 2285 suisse
886 2250 1071 2297 Graecos,
1091 2257 1186 2288 teste
1201 2253 1397 2304 Aristoph.

735 2306 833 2342 Ran.
856 2306 975 2355 1046,
996 2307 1166 2360 itemque
1180 2309 1396 2348 Casaubon.

735 2360 784 2399 ad
800 2362 961 2404 sueton.
982 2365 1113 2402 Tiber.
1135 2368 1202 2412 68,
1233 2368 1298 2419 qui
1336 2369 1396 2404 iu-

733 2425 832 2456 stam
862 2426 1046 2457 staturam
1071 2435 1092 2458 e
1112 2429 1285 2460 veterum
1305 2438 1396 2462 sen-

732 2477 851 2513 tentia
867 2477 965 2514 intra
979 2484 1128 2528 septem
1146 2479 1263 2530 pedes
1283 2481 1396 2519 fuisse

732 2533 880 2584 probat,
906 2541 950 2571 ut
969 2534 1132 2572 modum
1151 2549 1242 2574 sane
1262 2539 1395 2588 vulga-

732 2603 814 2626 rem
843 2589 1072 2629 excederent
1106 2591 1391 2644 πενταπήχειςε

732 2645 779 2683 de
801 2648 936 2699 quibus
958 2647 1207 2690 Valckenaer.
1229 2651 1393 2687 conferri

730 2704 812 2740 vult
847 2704 968 2742 Olear.
1010 2706 1049 2741 in
1096 2705 1274 2743 Philostr.
1317 2705 1390 2747 Vit,

729 2760 857 2811 Apoll.
875 2762 923 2808 ΙΙ,
954 2760 993 2801 4.
1015 2762 1207 2798 Maximae
1227 2769 1391 2800 staturae

729 2818 905 2867 exempla
926 2815 1029 2853 idem
1050 2816 1158 2854 affert
1178 2832 1199 2855 e
1227 2820 1390 2858 Pausan.

726 2874 756 2921 l,
778 2874 832 2915 35
853 2874 891 2919 §·
923 2873 1193 2922 5etv1‚5§.
1227 2878 1264 2916 1.

1412 557 1541 587 Acanthi
1566 557 1692 587 moritur

1416 593 1603 620 Artachaees
1621 601 1674 620 no-

1414 627 1493 667 bilis·
1506 627 1615 661 Persa,

1416 669 1547 701 onmium
1566 668 1672 696 proce-

1415 702 1552 722 rismmus
1572 702 1608 721 ac
1616 702 1691 721 voce

1415 732 1584 755 stentorea.
1604 728 1688 755 Mor-

1414 766 1499 789 tuum
1519 761 1658 790 Acanthii

1413 799 1447 823 ut
1473 795 1597 825 heroem
1615 804 1663 824 co-

1414 830 1492 858 lunt.
