1806 3181
110 447 217 475 obiter
235 446 272 473 de
301 444 382 472 Gad-

110 491 167 514 lno,
188 480 249 507 Coo
260 501 268 515 ,
282 478 382 518 *hon-li-

110 525 148 543 ne
165 517 255 549 longe
281 514 382 539 1118119-

110 550 196 582 «nna,
217 547 298 574 cuius
309 554 381 579 ope-

435 134 518 174 692

833 128 1298 166 HERODOTI

440 243 578 298 βαρος
606 238 732 292 νικᾷ,
763 236 816 280 τά
842 253 888 281 τε
915 236 1114 293 χρήματα
1145 236 1265 296 αὐτῷ
1299 235 1485 288 διδόναι,
1515 237 1590 280 καὶ
1616 240 1700 294 γῆν

439 324 482 352 τε
523 307 596 350 καὶ
633 302 751 360 ὕδωρ
792 308 880 348 τῶν
925 305 1043 360 ἄρχει
1073 304 1096 348 ὁ
1129 306 1295 349 Γέλων·
1328 305 1383 362 ἢν
1413 305 1458 349 δὲ
1487 304 1701 360 οῑἝἎλη-

280 380 379 425 164
436 392 528 427 νες,
557 372 711 419 ’ὀπίσω
753 371 948 429 ἀπάγειν.
1000 371 1048 415 Ὁ
1080 373 1126 416 δὲ
1159 373 1339 429 Κάδμος
1369 367 1522 425 οὗτος,
1551 372 1699 430 πρότε-
1712 379 1756 414 10

441 459 523 497 ρον
560 440 731 485 τούτων
768 441 1117 498 παραδεξάμενος
1153 440 1271 496 παρὰ
1310 440 1475 496 πατρὸς
1512 440 1591 497 τήν
1628 457 1702 484 τυ-

439 510 627 565 ραννίδα
656 508 797 553 Κώων
827 504 877 553 εὗ
907 511 1157 566 βεβηκυῖαν,
1188 508 1298 552 ἑκών
1328 526 1371 553 τε
1395 507 1507 553 εἶναι
1528 508 1602 552 καὶ
1621 509 1701 551 δει-

1762 495 1802 536 Q

109 571 306 610 {40181011511
330 579 384 607 ³¹¹⁰
441 580 526 621 νοῦ
554 575 750 629 ἐπιόντος
771 575 967 631 οὐδενός,
995 576 1102 621 ἀλλὰ
1133 575 1217 621 ἀπὸ
1241 577 1531 633 δικαιοσύνης,
1561 575 1604 627 ἐς
1630 575 1700 632 με’-

110 616 231 652 negotio
244 622 313 642 usus
326 616 381 641 est.

386 754 461 792 bris
501 753 627 791 invitis
663 751 703 790 id
734 753 903 804 recipere
923 753 1043 793 nolui.

385 810 449 848 Ad
483 812 560 862 γῆν
593 824 633 849 τε
660 807 728 848 καὶ
757 806 866 861 ὕδωρ
889 807 1046 849 διδόναι

389 867 474 917 (ubi
493 867 656 904 verbum
673 862 829 906 διδόναι
853 868 968 903 etiam
981 880 1047 903 ac-

390 925 515 975 cipere
551 924 639 960 licet
677 923 846 972 offerendi
871 923 1046 974 notione)

393 980 496 1018 conf·
517 981 630 1017 allata
651 979 700 1017 ad
715 981 760 1028 V,
785 983 849 1021 17.

579 1081 670 1133 cap.
694 1081 860 1120 CLXIV.

443 1158 490 1199 Ὁ
516 1157 557 1199 δὲ
580 1155 747 1209 Κάδμος
789 1153 930 1207 οὗτος]
969 1161 1052 1196 Iam

389 1229 503 1267 supra
523 1214 636 1253 huius
661 1216 793 1254 Cadmi
821 1217 965 1252 mentio
986 1217 1049 1263 VI,

391 1276 457 1314 23.
480 1271 546 1320 24,
579 1285 696 1325 quem
716 1273 795 1309 eius
817 1273 974 1323 Scythae
1001 1273 1049 1309 fi-

391 1330 491 1366 lium
509 1327 645 1366 haberi
678 1330 825 1377 volunt,
857 1331 923 1382 qui
944 1331 1052 1365 Zan-

393 1386 590 1422 claeorum
610 1398 679 1422 rex
699 1398 720 1421 a
740 1387 854 1422 Dario
876 1387 1051 1423 omnium

394 1449 449 1479 est
470 1441 622 1479 habitus
642 1442 880 1479 iustissimus.
940 1441 1051 1488 Quod

393 1512 516 1550 quum
544 1500 612 1537 vix
642 1499 805 1549 patiatur
833 1506 1052 1550 temporum

393 1556 487 1591 ratio
503 1585 512 1603 ,
557 1561 736 1606 patruum
765 1554 900 1591 Cadmi
941 1555 1051 1592 fuisse

393 1612 503 1648 illum
525 1612 678 1648 coniicit
709 1609 895 1649 Valckeu.
917 1624 1051 1663 quum,

392 1669 466 1705 nisi
487 1667 625 1705 eadem
660 1680 708 1703 ex
739 1667 884 1704 familia
909 1668 1051 1716 fuisset,

393 1726 537 1761 mirum
555 1737 669 1772 sane,
701 1723 805 1775 quod
826 1723 992 1762 Cadmus
1012 1726 1052 1760 in

393 1782 568 1819 Siciliam
619 1781 790 1817 Zanclen
838 1780 1052 1818 habitatum

394 1838 635 1886 concesserit,
658 1850 775 1889 quam
786 1836 947 1890 Scythes
960 1839 1053 1874 olim

394 1895 557 1945 imperio
605 1901 791 1931 tenuerat.
879 1895 1055 1940 Quocum

396 1951 543 1988 Cadmo
604 1951 820 2003 Samiisque
870 1950 1052 2002 Epichar-

396 2021 527 2055 mum,
565 2014 720 2058 poetam
750 2009 1054 2056 celeberrimum,

401 2077 450 2101 ex
471 2065 640 2100 Coorum
669 2065 793 2100 insula
821 2066 861 2100 in
883 2065 1055 2102 Siciliam

397 2121 543 2158 venisse
569 2121 639 2156 sub
672 2121 824 2171 Olymp.
854 2124 908 2161 72
941 2121 1054 2158 tradit

398 2175 537 2214 suidas
564 2189 593 2213 s.
614 2189 650 2212 v.
670 2177 845 2226 Ip.842.
867 2177 939 2222 Qui
955 2177 1060 2214 idem

400 2234 467 2270 ubi
488 2232 654 2269 Zanclae
684 2233 852 2282 primum
882 2246 1060 2271 commo-

401 2296 502 2327 ratus
523 2295 615 2335 erat,
635 2289 790 2338 Megara
810 2286 898 2325 hinc
911 2303 951 2326 se
963 2304 1059 2326 con—

400 2347 486 2383 tulit
514 2346 644 2397 ibique
673 2357 762 2381 cum
803 2343 947 2382 Cadmo
985 2360 1058 2383 un-

403 2401 530 2439 decim
549 2401 670 2438 ferme
691 2413 810 2437 annos
825 2399 887 2452 (ab
901 2403 1056 2453 Olymp-

403 2461 468 2506 73,
491 2461 515 2499 3
532 2471 651 2510 usque
673 2456 720 2494 ad
749 2458 899 2509 Olymp.
921 2462 986 2506 73,
1009 2459 1054 2509 2)

403 2515 634 2565 permansit,
663 2527 784 2566 usque
812 2513 905 2551 dum
924 2516 1055 2565 Mega-

403 2572 450 2608 ris
478 2584 500 2607 a
534 2572 680 2608 Gelone
714 2571 830 2622 captis
851 2572 1056 2622 Syracusas

403 2626 538 2664 cedere
577 2634 801 2678 cogeretur,
843 2641 941 2665 uuus
975 2629 1052 2667 scil.

401 2686 482 2722 τῶν
502 2682 678 2734 παχέων,
721 2697 815 2737 quos
850 2685 1056 2736 Syracusas

401 2739 613 2778 transduxit
642 2741 761 2790 Gelo,
809 2748 852 2779 ut
894 2742 1056 2793 legimus

1103 754 1185 801 VII,
1208 753 1299 794 156.
1320 750 1406 789 vid.
1428 752 1582 804 Grysar,
1600 752 1658 788 De
1678 751 1761 787 Do-

1104 812 1232 846 rienss.
1274 808 1449 847 comoed.
1492 823 1529 860 p.
1574 811 1652 849 138
1681 820 1762 858 seq.
1791 850 1794 851 ⁷

1109 864 1371 906 141.146.—
1390 867 1485 903 Mox
1503 860 1657 904 τούτων
1671 862 1762 901 dedi
1784 852 1806 883 '²‘-

1105 936 1173 974 pro
1194 920 1379 961 τουτέων.

1166 983 1470 1041 εὖβεβηκυῖαν]
1514 990 1540 1027 i.
1562 1002 1596 1026 e.
1625 983 1762 1027 εὐστα-

1109 1049 1169 1097 θῆ
1196 1047 1277 1084 bene
1305 1047 1512 1083 stabilitam.
1568 1047 1762 1096 Frequens

1107 1104 1248 1140 locutio
1276 1101 1323 1139 de
1343 1105 1399 1150 iis,
1421 1115 1510 1152 quae
1519 1103 1628 1153 firmo
1653 1105 1764 1138 certo-

1109 1173 1172 1210 que
1194 1161 1299 1209 quasi
1317 1159 1439 1208 gradu
1459 1161 1547 1196 nixa
1566 1159 1764 1195 consistunt

1109 1217 1169 1265 (ut
1190 1215 1465 1252 Hemsterhusii
1483 1222 1568 1252 utar
1582 1214 1704 1252 verbis
1715 1213 1764 1250 acl

1106 1274 1266 1312 Lucian.
1279 1273 1377 1311 Dial.
1390 1273 1505 1309 Deor.
1519 1271 1584 1318 25,
1596 1274 1622 1312 2
1632 1285 1670 1322 Ρ.
1682 1272 1764 1311 328

1106 1331 1156 1368 T.
1181 1331 1217 1365 II
1236 1327 1343 1379 Bip.)
1359 1358 1369 1376 ,
1402 1342 1500 1381 quae
1528 1329 1644 1379 igitur
1666 1328 1765 1364 bene

1108 1386 1311 1423 constituta
1329 1392 1428 1433 sunt,
1471 1399 1568 1437 quae.
1595 1385 1766 1420 maxime

1107 1442 1257 1490 florent,
1270 1442 1484 1479 firmissimo
1496 1455 1539 1479 ac
1550 1442 1766 1478 felicissimo

1108 1501 1249 1536 suntin
1261 1506 1370 1547 statu,
1392 1506 1435 1536 ut
1455 1498 1557 1550 apud
1575 1498 1766 1546 Paus.111‚

1109 1559 1134 1596 7
1157 1557 1192 1600 ξ.
1218 1558 1268 1595 10
1298 1555 1315 1604 (
1328 1557 1394 1592 ubi
1413 1569 1493 1593 11011
1521 1556 1622 1605 fugit
1641 1556 1766 1591 Hero-

1109 1610 1189 1648 doti
1217 1612 1321 1648 locus
1342 1611 1547 1659 editorem,
1578 1612 1652 1648 alia
1667 1623 1767 1662 quo-

1109 1681 1185 1719 que
1206 1667 1441 1715 afferentem,
1471 1682 1509 1719 p.
1534 1670 1584 1709 18
1606 1666 1766 1717 Siebel.)

1108 1723 1326 1762 Philostrat.
1346 1726 1390 1765 V.
1413 1726 1540 1776 Apoll.
1554 1725 1618 1772 IV,
1635 1726 1672 1773 8,
1695 1724 1768 1761 ali-

1110 1782 1161 1818 bi.
1183 1804 1234 1808 —-
1266 1780 1328 1818 Ad
1348 1795 1509 1834 sequens
1531 1778 1658 1820 ἑκών
1690 1795 1707 1819 ε
1721 1776 1767 1819 ἶ-

1113 1853 1203 1877 ναι
1233 1839 1334 1875 conf.
1369 1836 1502 1876 Mauh.
1531 1839 1598 1875 Gr.
1631 1838 1696 1874 Gr.
1728 1837 1767 1883 §-

1113 1893 1195 1935 545
1209 1907 1297 1944 pag.
1316 1897 1432 1935 1070.
1455 1895 1592 1945 Attigit
1613 1906 1768 1946 quoque

1112 1950 1286 1988 Thomas
1308 1952 1457 2002 Magist.
1472 1966 1510 2003 p.
1532 1953 1626 1992 291.
1666 1951 1767 1996 Quin

1113 2009 1227 2044 etiam
1240 2005 1397 2055 ἑκόντες
1409 2005 1510 2048 εἶναι
1521 2010 1657 2045 Noster
1666 2008 1769 2055 VIII,

1112 2066 1179 2104 30.
1200 2065 1268 2112 IX,
1290 2067 1316 2105 7
1347 2067 1383 2110 §.
1405 2065 1443 2107 4.
1473 2065 1541 2103 Cr.
1561 2065 1700 2101 excitat
1719 2064 1767 2100 G.

1111 2122 1325 2162 Hermann,
1346 2123 1403 2158 De
1431 2122 1565 2172 Ellipsi
1596 2127 1633 2157 et
1651 2120 1769 2156 Pleo-

1115 2190 1249 2214 nasmo
1267 2178 1307 2213 in
1327 2178 1421 2227 ling.
1443 2179 1510 2218 Gr.
1525 2176 1712 2215 inWolfii
1732 2182 1769 2213 et

1114 2235 1337 2270 Buttmann.
1372 2235 1471 2271 Mus.
1502 2231 1614 2270 Stud.
1635 2233 1769 2285 Autiq.

1113 2290 1198 2326 Vol.
1219 2291 1236 2324 Ι
1256 2302 1343 2339 pag.
1364 2292 1459 2330 210.
1517 2291 1583 2327 Tu
1614 2288 1702 2327 add.
1725 2290 1769 2327 0.
1784 2288 1791 2292 ”

1113 2344 1305 2382 Eichhoff.
1327 2347 1365 2381 in
1386 2347 1590 2397 scriptione
1621 2345 1669 2383 ad
1685 2347 1766 2394 VII,

1114 2401 1168 2442 52
1188 2401 1337 2439 laudata
1358 2416 1397 2453 p.
1421 2402 1487 2444 45.
1518 2424 1574 2431 —-
1612 2404 1658 2439 Iu
1676 2415 1769 2454 pro-

1109 2459 1392 2496 ximisKoeuius
1401 2472 1470 2510 pro
1485 2455 1660 2507 ἐπιόντος
1671 2472 1769 2497 con-

1112 2515 1200 2552 iecit
1219 2512 1416 2562 ἐπεόντος.

1170 2568 1250 2610 ἀπό
1260 2568 1534 2622 δικαιοσύνης]
1544 2569 1765 2610 VidMatth.

1113 2628 1176 2665 Gr.
1201 2629 1266 2665 Gr.
1289 2630 1325 2674 ξ.
1347 2629 1428 2670 573
1449 2641 1536 2679 pag.
1562 2630 1678 2669 1131.
1701 2625 1764 2663 Ad

1112 2685 1234 2735 ipsam
1252 2686 1490 2733 seutentiam,
1512 2683 1559 2721 ad
1572 2696 1687 2735 quam
1708 2689 1767 2719 et-

1114 2743 1192 2778 iam
1212 2741 1356 2779 attendi
1378 2742 1483 2778 iubet
1510 2739 1766 2778 Hoffmeister.
