1834 3258
416 247 1054 286 POLYMNIA.V11.
1283 250 1369 290 529

1424 350 1576 390 Soiennia
1594 355 1700 392 ‘trann-

1424 390 1497 446 Ιῐῐίἓηὶ
1516 395 1569 413 aus
1574 395 1676 422 plcan-

0 366 41 412 ,4
112 357 284 413 Ταύτην
311 356 390 413 μὲν
417 355 498 412 τὴν
518 354 681 413 ἡμέρην
695 357 1076 411 παρασκευάζοντο
1101 358 1143 410 ἐς
1162 358 1242 416 τὴν
1260 360 1365 411 „6002-

103 429 244 483 βασιν.
300 428 354 481 τῇ
394 425 439 467 δὲ
469 423 674 479 ὑστεραίῃ
705 423 918 479 ἀνέμενον
959 426 1036 470 τὸν
1075 426 1224 484 ἥλιον,
1263 428 1392 472 ἐθέ-1

102 498 250 543 nome
288 492 460 536 ἰδέσθαι
491 489 745 548 ἀνίσχοντα,
790 493 1047 549 θυμιήματά
1089 511 1134 538 τε
1173 500 1360 540 παντοῖοι
1417 507 1500 549 536

102 562 170 606 ἐπὶ
217 563 306 604 τῶν
351 560 581 617 γε’φυρέων
616 562 939 616 καταγίζοντες,

0 812 2 818 ,
46 769 188 809 davest.
203 771 261 808 III
279 782 368 822 pag.
390 768 456 810 24.
516 770 590 815 Qui
610 784 702 808 sane

43 829 203 866 maximi
231 827 334 879 apud
363 827 496 864 Persas
516 826 704 865 habentur

42 886 145 936 genii
163 887 242 923 sive
255 885 318 933 dii,
339 884 491 935 reliquis
511 887 632 934 geniis
641 887 704 921 in-

42 942 242 979 ferioribus
272 942 380 994 quasi
409 942 601 991 praefecti,
640 949 703 978 to-

41 999 115 1037 tius
143 1000 242 1036 orbis
269 1006 454 1035 terrarum
483 1011 615 1035 curam
640 999 704 1034 in-

41 1062 100 1092 ter
137 1069 178 1093 se
219 1054 378 1093 divisam
406 1055 546 1102 sortiti,
579 1057 632 1092 ita
660 1062 704 1092 ut

42 1113 171 1150 omnia
189 1113 229 1148 in
249 1112 355 1149 terris
366 1111 412 1147 ab
433 1112 521 1161 ipsis
541 1113 622 1162 regi
643 1118 703 1148 at-

42 1182 116 1222 que
160 1169 338 1206 constitui
384 1174 577 1218 putentur.
643 1170 701 1205 De

42 1227 177 1277 quibus
195 1227 318 1262 multa
336 1223 494 1262 Rhode:
526 1226 597 1261 Die
618 1223 704 1262 hei-

10 1324 17 1329 „
40 1283 116 1333 lige
137 1283 238 1333 Sage
268 1281 333 1320 des
358 1280 592 1321 Zendvolks.
614 1295 704 1333 pag.

42 1338 123 1380 315
162 1352 270 1391 seqq.
336 1338 573 1384 Quibuscum
612 1352 703 1376 sane

41 1397 279 1433 conveniunt
327 1408 454 1432 sacrae
498 1397 704 1447 scripturae

41 1453 251 1502 archangeli
260 1452 346 1489 ‘sive
379 1454 497 1505 tia-gip,
537 1453 603 1504 qui
643 1452 705 1490 dei

39 1510 144 1547 iussu
167 1509 317 1560 singula
354 1521 473 1559 regna
496 1516 705 1562 gentesque

40 1567 162 1603 sortiti
189 1571 368 1603 tueantur
400 1578 610 1618 earumque
646 1580 705 1604 res

41 1635 172 1659 coram
202 1622 275 1659 deo
303 1629 509 1672 peragant,
541 1624 606 1675 qui
625 1624 705 1674 ipse

40 1677 131 1716 hinc
177 1686 335 1716 vocatur
376 1680 582 1731 magr—atq
613 1681 638 1719 i.
672 1694 705 1718 e.

39 1737 236 1787 principum
251 1749 280 1773 s.
297 1736 595 1784 Archangelorum
603 1740 706 1788 prin-

43 1805 120 1844 ceps
140 1792 242 1844 apud
261 1793 412 1829 Daniel.
435 1794 609 1842 V111‚25.
639 1796 705 1831 Tu

42 1849 121 1887 vid.
141 1849 286 1887 ibidem
304 1850 356 1897 X,
381 1852 446 1889 13.
472 1852 637 1900 21.X11,
667 1854 704 1891 1.

41 1907 177 1958 quue
209 1907 325 1943 etiam
343 1906 409 1941 illa
435 1908 624 1957 pertinere
646 1907 708 1944 di-

42 1963 140 2000 citur
189 1962 421 1999 Iudaeorum
479 1965 705 2014 superstitio,

43 2019 129 2071 qua,
143 2032 233 2055 cum
251 2019 490 2069 septuaginta
508 2027 629 2057 terrae
649 2028 707 2058 to-

40 2077 115 2113 tius
126 2077 298 2113 nationes
307 2077 534 2126 statuissent,
550 2084 705 2128 septua-

41 2133 147 2183 ginta
168 2145 320 2184 quoque
342 2133 516 2182 angelos,
540 2135 605 2186 qui
625 2135 706 2171 sin-

41 2189 121 2240 guli
146 2190 302 2240 singulis
340 2190 556 2227 nationibus
591 2204 705 2242 prae-

42 2252 176 2295 essent,
209 2252 435 2283 statuerunt.
495 2248 605 2288 Conf.
629 2250 702 2285 Ge-

40 2315 121 2340 nes.
150 2303 220 2353 XI,
241 2305 281 2344 7.
301 2301 403 2340 Phil.
434 2303 534 2355 Opp.
557 2306 593 2341 H
612 2318 701 2357 pag.

246 2449 340 2501 Cap.
371 2451 470 2489 LIV.

97 2521 290 2577 οἷνὲμενον
322 2525 393 2568 τόν
422 2525 564 2580 ἥλιον]
619 2532 703 2568 Ex-

42 2585 320 2633 spectasseillos
332 2586 413 2621 vult
434 2585 652 2624 Kleuker.l.
674 2589 701 2625 l.

42 2640 127 2677 solis
148 2647 273 2677 ortum
294 2648 335 2677 ut
364 2642 625 2692 proficiscendi
653 2645 706 2681 si-

43 2706 176 2745 gnum,
198 2699 338 2749 quippe
361 2699 496 2749 quibus
517 2701 595 2736 sole
607 2699 704 2737 duce

44 2751 271 2805 signumque
333 2753 446 2791 dante
501 2758 705 2807 progressis

46 2810 174 2846 omnia
206 2811 330 2847 forent
368 2824 558 2862 prospera.
632 2814 706 2858 Qui

29 2862 159 2914 idem,
179 2867 244 2904 ubi
266 2866 455 2904 advocem
469 2864 706 2920 θυμιήματα

101 2923 323 2964 Hmmnor.
345 2925 413 2963 111.

1009 562 1084 606 καὶ
1126 567 1365 622 μυρσίνῃσι

761 776 937 818 annotat,
989 770 1091 822 apud
1131 773 1263 810 Persas
1310 771 1422 811 thura

761 829 927 880 aliasque
941 828 1127 866 eiusmodi
1139 843 1196 867 res
1211 831 1424 867 maximam

759 897 954 922 sacrorum
993 888 1228 924 constituisse
1262 895 1423 937 partem,

759 943 987 979 sacrificium
1016 942 1120 994 quod
1148 942 1188 980 h.
1209 944 1233 980 l.
1255 957 1426 981 comme-

760 1007 953 1046 moratur,
992 1000 1090 1035 mari
1118 1000 1232 1037 fuisse
1253 1002 1425 1038 oblatum

758 1057 887 1092 statuit
906 1056 984 1092 sive
1003 1057 1128 1106 potius
1157 1070 1291 1109 aquae,
1326 1071 1425 1110 quae

758 1120 843 1162 post
878 1113 1010 1162 ignem
1037 1115 1206 1150 maxime
1236 1115 1372 1151 colitur
1403 1127 1425 1151 a

760 1170 883 1205 Persis
910 1170 1009 1205 inter
1047 1183 1177 1206 rerum
1224 1172 1424 1209 elementa.

759 1226 891 1275 Bring.
913 1226 955 1261 in
982 1227 1251 1264 Dissertatione
1273 1227 1322 1264 ad
1342 1229 1423 1275 Vll,

762 1282 814 1323 35
843 1281 997 1319 laudata
1016 1296 1105 1334 pag.
1128 1286 1181 1324 37
1214 1283 1261 1320 de
1283 1284 1426 1335 duplici

760 1338 823 1376 hic
854 1340 915 1390 agi
938 1346 1047 1390 putat
1066 1340 1260 1388 sacrificio,
1283 1348 1325 1378 ut
1339 1348 1427 1378 ante

764 1403 892 1433 ortum
922 1396 1009 1433 solis
1044 1396 1222 1435 odoribus
1244 1405 1280 1434 et
1300 1405 1427 1449 myrto

761 1454 1054 1504 Hellespontum
1101 1454 1173 1490 sibi
1218 1456 1428 1505 propitium

761 1509 921 1546 reddere
935 1539 944 1557 ,
977 1517 1063 1560 post
1080 1511 1167 1547 solis
1187 1525 1277 1548 vero
1299 1519 1428 1549 ortum

760 1567 943 1603 libatione
963 1565 1067 1603 hunc
1088 1568 1185 1604 coeli
1204 1581 1338 1619 regem
1357 1583 1429 1606 ve—

761 1624 886 1659 nerari
906 1624 1069 1661 voluerit
1088 1625 1262 1673 Xerxe53
1294 1627 1361 1678 qui
1380 1627 1426 1662 li-

762 1681 916 1717 batione
955 1693 1046 1717 cum
1083 1683 1258 1731 precibus
1308 1682 1427 1727 facta,

761 1736 954 1788 phialam,
986 1744 1173 1774 craterem
1202 1752 1362 1775 aureum
1391 1746 1428 1776 et

761 1793 933 1844 gladium
953 1795 1151 1832 Persicum
1164 1797 1263 1832 mari
1282 1794 1426 1833 donare

762 1851 924 1888 voluisse
943 1850 1130 1889 videatur.

821 1965 1035 2019 μυρσίνῃσι
1080 1961 1313 2016 στορνύντες
1353 1962 1428 2016 τήν

762 2017 885 2070 ὁδὸν]
917 2024 1003 2058 Duo
1032 2021 1144 2059 codd.
1161 2023 1345 2075 μυρσίνῃ.
1369 2023 1427 2062 Cf.

763 2078 862 2125 VIII,
900 2080 965 2126 99,
1006 2079 1076 2115 ubi
1107 2078 1244 2116 eadem
1272 2080 1429 2117 locutio.

761 2135 840 2171 Nec
860 2136 982 2185 magis
993 2134 1257 2185 recipiendum
1269 2148 1428 2186 στορεν-

759 2187 903 2238 νύντες
924 2205 973 2228 ex
992 2191 1155 2229 Aldinae
1166 2197 1362 2243 margine,
1378 2193 1428 2231 cf.

761 2248 994 2285 Strabonem
1022 2250 1113 2286 XIV
1141 2263 1180 2300 p.
1217 2250 1297 2290 646
1329 2263 1359 2287 S.
1388 2264 1428 2301 p.

761 2304 842 2345 956
853 2305 895 2342 C.
910 2307 969 2341 De
981 2306 1063 2356 ipso
1077 2313 1206 2342 autem
1217 2319 1337 2354 more,
1351 2319 1427 2358 quo

760 2362 838 2398 vias
867 2362 1022 2400 floribus
1051 2362 1294 2415 odoratisque
1314 2365 1430 2400 ramis

761 2425 1001 2456 consternere
1030 2419 1103 2456 fuit
1130 2420 1298 2467 solitum,
1319 2421 1430 2471 plura

758 2476 982 2527 interpretes
1003 2475 1051 2513 ad
1067 2475 1204 2513 Matth.
1225 2477 1333 2523 XXI,
1356 2479 1380 2518 8
1407 2490 1429 2513 a

759 2533 1019 2583 Wesselingio
1042 2534 1216 2580 excitati,
1250 2531 1428 2580 addente,

762 2590 901 2626 Xerxis
931 2589 1101 2641 phialam
1134 2597 1172 2626 et
1199 2602 1286 2627 vasa
1315 2602 1428 2625 aurea

761 2646 801 2681 in
821 2659 927 2683 mare
948 2647 1176 2698 proiicientis
1206 2647 1429 2696 exemplum

761 2710 893 2752 postea
931 2710 1106 2741 secutum
1137 2715 1216 2740 esse
1255 2703 1429 2738 Alexan-

764 2757 877 2796 drum.
916 2761 1122 2810 Magnum,
1143 2766 1238 2795 teste
1269 2757 1426 2797 Diodor.

762 2816 894 2863 XVII,
930 2816 1006 2856 104
1038 2823 1075 2852 et
1113 2815 1265 2851 Arrian.
1305 2814 1428 2857 Anab.

763 2872 826 2918 VI,
852 2874 902 2912 19
924 2873 960 2917 ξ.
983 2874 1047 2911 11.
1107 2872 1213 2916 Quae
1237 2870 1429 2909 Herodoto
