1851 3181
110 327 180 365 euni
195 336 309 364 Medea
327 336 363 362 Α-

111 372 212 399 thenis
230 371 303 398 illuc
329 377 384 397 ve-

110 406 216 433 nisset.
253 403 344 432 Cissii

112 439 249 475 Hyrcani

446 226 530 267 544

845 219 1382 276 ΗΕΒουοΤι,

441 332 605 389 ταύτην
633 329 883 386 ἐσταλμένοι
913 328 1242 384 ἐστρατεύοντο·
1273 326 1454 384 Μηδικὴ
1484 327 1570 384 γάρ
1599 327 1708 385 αὕτη

446 399 473 458 ἡ
506 398 637 454 σκευή
675 397 790 446 ἐστι,
828 398 902 442 καὶ
932 396 986 441 οὐ
1027 396 1234 453 Περσική.
1293 398 1337 440 οἱ
1373 396 1419 440 δὲ
1449 398 1598 451 Μῆδοι
1627 395 1708 450 ἄρ-

442 483 574 524 χοντα
616 463 694 521 μὲν
725 465 982 520 παρείχοντο
1031 463 1273 521 Τιγράνην,
1315 463 1455 518 ἄνδρα
1482 462 1711 520 Ἀχαιμενί-

416 538 545 590 Ξδην.
592 532 818 576 ἐκαλέοντο
851 531 897 575 δὲ
925 530 1060 575 πάλαι
1089 531 1199 586 πρὸς
1228 532 1404 575 πάντων
1423 532 1581 585 ”Αριοι·
1613 530 1708 575 ἀπι-

444 600 630 656 κομένης
669 599 715 642 δὲ
759 601 955 655 Μηδείης
992 603 1068 656 τῆς
1110 601 1321 656 Κολχίδος
1358 599 1399 651 ἐξ
1428 598 1645 656 Ἀθηνέων
1669 599 1768 651 ἐς15

445 667 549 719 τοὺς
575 667 744 722 Ἀρίους
771 666 968 719 τούτους,
998 667 1232 724 μετέβαλον
1253 668 1325 712 καὶ
1351 661 1474 710 οὗτοι
1502 667 1551 710 τὸ
1582 667 1712 711 οὔνο-

419 742 526 791 3μα.
560 732 685 778 αὐτοὶ
716 734 762 778 δὲ
789 735 887 788 περὶ
907 734 1055 790 σφέων
1085 731 1169 780 ὦδε
1198 736 1370 792 λέγουσι
1399 737 1563 791 Μῆδοι.
1607 736 1714 778 Κίσ-

450 814 536 846 σιοι
569 801 614 846 δὲ
644 801 978 858 στρατευόμενοι
1017 804 1070 848 τὰ
1099 805 1178 860 μὲν
1209 803 1317 847 ἄλλα
1354 802 1463 847 κατά
1493 819 1572 860 περ
1604 803 1713 859 Πέρ-

450 882 521 915 σαι
542 871 818 916 ἐσκευαδατο·
850 870 946 915 ἀντὶ
967 872 1012 916 δὲ
1032 876 1121 916 τῶν
1139 874 1288 927 πίλων,
1301 871 1570 929 μιτρηφόροι
1587 873 1713 929 ησαν.

395 1075 504 1116 affert
532 1077 699 1118 Fischer.
730 1078 779 1117 ad
810 1081 974 1118 Weller.
1001 1081 1056 1117 ΠΙ

393 1146 484 1186 pag.
508 1138 604 1177 261.

441 1190 601 1245 ’Ἀριοι]
633 1193 694 1230 Ab
714 1191 818 1230 hisce
839 1193 938 1230 Arz'z's
958 1193 1056 1230 bene

397 1248 656 1300 distinguendi
677 1257 787 1287 erunt
806 1251 832 1286 ii
842 1251 934 1297 Arii,
957 1263 1057 1302 quo-

395 1321 485 1345 rum
503 1308 647 1343 mentio
669 1307 710 1344 fit
729 1308 794 1354 III,
817 1309 883 1347 93.
906 1308 985 1354 VII,
1003 1309 1056 1348 66

398 1372 435 1402 et
446 1364 492 1401 de
502 1363 636 1415 quibus
646 1365 753 1414 plura
764 1364 887 1400 attulit
905 1365 1060 1400 Freins-

396 1420 501 1458 hem.
524 1418 572 1456 ad
593 1420 697 1457 Curt.
718 1421 800 1468 VII,
822 1424 862 1468 2,
885 1423 959 1469 38,
987 1418 1060 1456 ha-

397 1478 571 1515 bitabant
602 1478 704 1513 enim
730 1478 771 1514 in
805 1483 924 1525 terra,
961 1489 1059 1529 quae

397 1548 502 1572 nunc
551 1534 597 1570 ab
635 1535 730 1571 urbe
784 1535 934 1584 capitali
943 1546 1061 1571 voca-

398 1598 461 1629 tur
484 1589 624 1637 Herat,
683 1603 858 1642 quaeque
891 1597 945 1627 est
974 1603 1061 1640 pars

399 1654 523 1685 terrae
552 1645 765 1695 Chorasan,
805 1647 1061 1697 complectens

401 1704 516 1742 simul
548 1710 672 1754 partes
706 1704 871 1754 regionis
893 1705 1062 1739 Kerman

400 1767 439 1798 et
458 1758 650 1798 Sehistan.
707 1762 766 1797 Ita
801 1761 930 1797 statuit
958 1761 1063 1796 Hee-

399 1830 482 1856 ren.
507 1815 564 1853 Id.
585 1818 614 1864 I,
639 1819 658 1857 1
681 1830 769 1868 pag.
791 1819 869 1857 311
893 1829 972 1868 seq.
1011 1817 1063 1853 At

402 1874 465 1911 alii
475 1879 561 1911 sunt
572 1874 664 1921 Arii,
687 1875 754 1926 qui
775 1874 980 1925 antiquitus
992 1885 1064 1910 vo·-

403 1931 587 1968 cabantur
615 1943 728 1968 sensu
760 1931 906 1978 latiori,
947 1937 1063 1982 quot-

403 1994 496 2039 quot
516 1994 657 2024 terram
677 1989 835 2024 Erman.
857 2000 886 2026 s.
917 1987 1065 2023 Arman

404 2042 526 2096 (unde
546 2056 700 2095 quoque
720 2046 904 2081 Ermanes
924 2057 951 2081 s.
967 2045 1066 2080 Ger-

403 2100 527 2150 mani)
554 2101 647 2137 olim
666 2101 867 2138 incoluisse
892 2100 1067 2137 feruntur

404 2155 537 2194 sedem
564 2156 768 2193 Medorum
798 2170 841 2194 ac
863 2159 1066 2194 Persarum

404 2213 638 2264 primitivam
657 2215 857 2265 omnisque
872 2215 970 2251 vitae
987 2215 1068 2250 cul-

405 2270 508 2306 tioris
530 2276 567 2306 et
586 2270 778 2319 religionis
796 2283 1067 2321 sacrorumque

406 2333 618 2378 parentem.
677 2326 818 2363 Erman
857 2327 1068 2377 appellatur

406 2383 704 2419 vetustissimum
753 2381 848 2419 illud
886 2384 1068 2419 Ariorum

404 2452 568 2490 regnum
587 2441 627 2476 in
648 2440 815 2476 carmine
837 2438 1068 2476 Schahnah-

406 2494 520 2544 meh3
551 2497 590 2532 in
612 2497 714 2533 libris
739 2495 915 2532 Zendicis
940 2502 994 2532 est
1013 2497 1068 2532 illi

405 2565 549 2589 nomeu
572 2551 694 2590 Irman
714 2566 743 2590 s.
758 2551 858 2590 Iram.
877 2550 1004 2592 Vid.1.
1021 2552 1068 2589 de

407 2611 605 2646 Hammer.
624 2611 662 2646 in
675 2610 827 2648 Annall.
842 2610 1065 2648 Viennenss.

407 2668 463 2702 IX
475 2680 513 2716 p.
528 2670 579 2707 33
600 2667 685 2704 coll.
707 2668 836 2704 Ritter.
848 2664 967 2702 Erdk.
984 2667 1065 2716 llp.

407 2725 456 2762 21
473 2736 529 2774 sq.
542 2722 855 2774 Vorhall.p.303.
872 2723 1067 2773 Anquetil.

408 2779 446 2813 in
477 2779 594 2818 Mem.
633 2779 680 2817 de
712 2779 858 2816 l’Acad.
882 2778 918 2817 d.
948 2780 1066 2816 lnscr.

409 2835 543 2871 XXXI
563 2850 601 2886 p.
624 2839 726 2885 376,
750 2837 815 2890 qni
836 2835 984 2873 dudum
1004 2849 1067 2872 re-

1114 1087 1172 1118 cte
1193 1081 1431 1119 intellexerat
1439 1080 1542 1119 Arios
1561 1080 1702 1117 incolas
1711 1092 1775 1116 re-

1114 1140 1236 1188 gionis
1256 1137 1359 1176 Iran.
1398 1138 1562 1175 Bohlen.
1591 1139 1649 1173 De
1679 1137 1773 1186 orig.

1113 1196 1207 1245 ling.
1246 1195 1405 1234 Zendic.
1443 1208 1532 1246 pag.
1573 1194 1640 1235 51.
1673 1194 1775 1230 Arios

1113 1252 1381 1302 interpretatur
1401 1250 1624 1297 venerandos,
1654 1250 1777 1301 quiin

1113 1310 1285 1356 Bactria,
1332 1310 1399 1346 ubi
1422 1310 1626 1345 Persarum
1655 1306 1776 1357 origo,

1114 1364 1331 1402 habitarint.

1172 1417 1417 1471 ἀπικομένης
1439 1417 1481 1459 δὲ
1502 1418 1689 1470 Μηδείης
1706 1419 1779 1468 τῆς

1118 1481 1156 1517 Κ
1182 1479 1331 1529 λχίδος]
1369 1479 1468 1514 Citat
1487 1476 1583 1514 haec
1602 1473 1780 1512 Eustath.

1117 1535 1164 1572 ad
1185 1537 1341 1586 Dionys.
1366 1536 1488 1575 1097.
1543 1532 1781 1570 Eademtra-

1119 1592 1172 1629 dit
1192 1593 1305 1630 Paus.
1324 1593 1373 1638 II,
1397 1593 1421 1631 3
1446 1591 1483 1635 ξ.
1504 1593 1530 1631 7
1549 1590 1636 1627 coll.
1657 1589 1782 1640 Apol-

1117 1648 1238 1686 lodor.
1260 1662 1298 1699 p.
1318 1649 1396 1688 109
1417 1648 1545 1698 Heyn.
1567 1647 1783 1683 Coniuncta

1117 1712 1206 1743 sunt
1235 1704 1329 1741 haec
1361 1716 1451 1740 cum
1471 1701 1614 1740 Thesei
1632 1703 1781 1749 fabulis,

1119 1761 1168 1799 ad
1187 1761 1356 1798 siderum
1375 1761 1551 1808 rationes,
1573 1766 1616 1796 ut
1635 1759 1782 1806 volunt,

1119 1819 1341 1869 spectantia.
1400 1817 1518 1853 Plura
1548 1816 1725 1853 Creuzer.
1740 1815 1784 1851 in

1120 1875 1296 1943 Symbol.
1317 1873 1369 1911 IV
1387 1886 1476 1925 pag.
1500 1875 1575 1912 111
1598 1885 1706 1924 seqq.
1725 1892 1784 1899 -—-

1119 1934 1195 1969 Pro
1218 1931 1256 1979 ἐξ
1275 1926 1489 1981 Ἀθηνέων
1510 1928 1587 1966 duo
1608 1928 1721 1967 codd.
1743 1927 1784 1976 ἐξ·

1119 1985 1369 2040 Ἀθηναίων.
1399 1985 1484 2024 Vid.
1505 1991 1601 2023 nott.
1633 1984 1681 2023 ad
1700 1986 1782 2033 VII,

1123 2046 1190 2087 51.
1211 2067 1268 2072 —-
1323 2045 1368 2081 In
1396 2056 1503 2096 seqq.
1531 2037 1608 2081 ὦδε
1635 2048 1785 2094 praeter

1121 2115 1272 2139 morem
1292 2100 1340 2138 ad
1352 2099 1614 2137 antecedentia
1623 2105 1785 2151 spectat,

1122 2166 1164 2196 ut
1178 2159 1224 2206 V,
1246 2161 1284 2206 2,
1305 2158 1371 2194 ubi
1391 2156 1470 2194 vid.
1491 2163 1588 2194 nott.

1180 2215 1399 2254 Κίσσιοι
1447 2210 1516 2261 δὲ]
1566 2214 1624 2248 De
1660 2211 1786 2249 Cissiis

1124 2271 1288 2308 diximus
1311 2269 1359 2306 ad
1386 2270 1451 2318 III,
1481 2271 1548 2309 91.
1572 2270 1631 2304 De
1659 2269 1786 2305 forma

1123 2325 1363 2367 ἐσκευάδατο
1384 2325 1462 2366 vid.
1478 2323 1614 2363 Matth.
1635 2325 1702 2362 Gr.
1717 2325 1785 2377 Gr.

1124 2385 1161 2430 ξ.
1183 2382 1264 2424 204
1284 2395 1371 2434 pag.
1397 2384 1491 2423 377.

1181 2432 1566 2491 μιτρηφόροιῆσαν]
1597 2431 1719 2504 ἦσαν
1716 2435 1787 2475 de-

1125 2495 1163 2534 di
1182 2510 1250 2547 pro
1264 2497 1366 2546 vulg.
1380 2494 1487 2535 ε’.σαν
1508 2510 1550 2546 μ·
1562 2509 1615 2546 τρ
1628 2510 1652 2545 η
1665 2489 1787 2546 φόροι

1124 2560 1226 2590 recte
1246 2566 1350 2589 nunc
1367 2566 1387 2589 e
1407 2553 1578 2603 pluribus
1588 2552 1692 2588 libris
1703 2549 1787 2588 edi-

1124 2617 1207 2647 tum
1227 2623 1297 2661 pro
1315 2610 1408 2646 olim
1426 2609 1532 2659 vulg.
1553 2622 1628 2675 μιτ
1642 2622 1664 2660 ρ
1681 2602 1786 2656 οφό-

1126 2682 1202 2718 ροι.
1279 2666 1522 2703 Conveniunt
1575 2678 1668 2717 αγγε
1682 2665 1786 2711 λιη-

1124 2719 1266 2774 φόροι,
1298 2718 1529 2775 σειρηφόροι
1571 2716 1785 2768 (ΙΠ,102)

1126 2786 1162 2816 et
1191 2777 1470 2831 μιτρηφορέειν
1501 2775 1603 2828 apud
1633 2772 1784 2812 Arrian.

1124 2835 1208 2873 Ind.
1225 2839 1264 2884 7,
1287 2841 1443 2873 notante
1462 2832 1625 2871 Wessel.
1675 2831 1785 2866 Hanc
