1815 3181
57 355 91 382 ld
107 355 257 389 quomodo
274 355 331 381 Pa-

56 388 93 415 rii
111 388 255 415 effectum
279 389 329 415 de-

57 421 165 449 derint.

386 180 442 218 44
790 177 1248 215 HERODOTI

263 291 327 334 29
385 287 563 330 πάντων
578 284 793 340 Ἑλλήνων
813 287 981 328 εἴλοντο
1011 288 1055 328 οἱ
1077 286 1302 342 Μιλήσιοι.

391 355 436 398 δέ
468 367 602 410 σφεας
632 353 713 394 ὦδε
756 354 798 395 οἱ
828 352 1005 405 Πάριοι.

1362 288 1644 345 Κατήλλαξαν

1057 352 1115 404 ὥς
1155 352 1364 399 ἀπίκοντο
1396 354 1543 399 αὐτῶν
1573 356 1643 399 ἄν·

391 425 490 478 δρες
537 423 579 464 οἱ
619 420 788 474 ἄριστοι
831 420 873 472 ἐς
912 422 992 478 τήν
1027 424 1248 477 Μίλητον,
1291 423 1430 478 ὤρεον
1467 423 1550 479 γάρ
1592 423 1667 481 δή,

389 503 524 546 σφεας
551 491 702 539 δεινοῖς
724 490 1148 546 οἰκοφθορημένους,
1180 492 1349 545 ἔφασαν
1378 490 1524 536 αὐτῶν
1544 491 1647 546 βού-

359 563 545 601 Ξλεσθαι
574 558 807 607 διεξελθεῖν
843 557 922 612 τὴν
957 557 1116 614 χώρην.
1165 563 1386 610 ποιεῦντες
1424 561 1470 603 δὲ
1500 563 1704 612 ταῦτα,95

388 627 460 670 καὶ
483 623 708 676 διεξιόντες
731 628 876 668 πᾶσαν
898 624 977 681 τὴν
999 628 1232 682 Μιλησίην,
1265 626 1376 678 ὅκως
1395 627 1492 670 τινὰ
1514 629 1648 670 ἴδοιεν

387 696 434 738 ἐν
458 692 717 748 ἀνεστηκυίῃ
738 695 790 748 τῇ
810 692 928 750 χώρῃ
958 692 1097 748 ἀγρόν
1128 689 1176 737 εὖ
1207 694 1529 751 ἐξεργασμένον,
1551 693 1647 737 οἷπε-

384 762 607 819 γρᾳφέατο
652 761 700 804 τὸ
753 760 927 814 οὔνομα
978 765 1058 804 τοῦ
1103 761 1320 805 δεσπότεω
1367 767 1449 806 τοῦ
1490 762 1645 818 οἷγροῦ.

356 821 707 882 3διεξελοῖσᾶντες
737 828 782 872 δὲ
819 832 965 872 πᾶσαν
995 829 1076 886 τήν
1114 828 1282 886 χώρην,
1320 830 1393 873 καὶ
1434 832 1646 881 σπανίους

329 1042 379 1077 Τ.
400 1042 417 1075 Ι
436 1054 474 1090 p.
497 1039 551 1079 52
572 1039 690 1076 Gaisf.
747 1039 798 1075 Et
827 1037 914 1074 vide
943 1039 989 1075 sis

330 1103 459 1133 notata
479 1095 527 1132 ad
546 1097 609 1144 IV,
633 1098 708 1135 161
734 1096 819 1132 coll.
835 1095 879 1140 V,
896 1097 989 1135 106.

329 1153 479 1190 Eodem
506 1153 585 1189 fere
616 1165 729 1189 sensu
757 1153 801 1199 V,
835 1153 887 1191 29
921 1166 988 1189 κα-

333 1207 531 1260 ἰι-ἤλλαξαν
574 1216 610 1246 et
636 1209 681 1256 V,
713 1208 779 1249 95.
808 1208 871 1252 VI,
909 1210 987 1247 108

329 1268 415 1303 coll.
444 1268 524 1312 VII,
557 1265 650 1306 145.
682 1263 775 1304 154.
851 1264 987 1313 Auigit

327 1321 600 1360 Wachsmuth.
651 1321 801 1356 Hellen.
854 1321 983 1356 Alter-

327 1379 498 1417 thumsk.
518 1380 547 1425 I,
572 1381 590 1418 1
616 1391 703 1428 pag.
724 1380 819 1418 200.
833 1399 887 1404 —
908 1377 984 1412 Ar-

327 1438 489 1473 ticulum
508 1437 588 1474 τῶν
601 1442 688 1471 ante
704 1429 903 1483 Ἑλλήνων
914 1434 984 1469 ab—

326 1495 398 1530 ieci
429 1506 517 1530 cum
548 1489 769 1541 Schweigh.
800 1498 836 1527 et
868 1491 983 1527 Gaisf.

328 1551 375 1587 ob
392 1551 576 1587 librorum
596 1549 871 1585 auctoritatem.

524 1640 616 1690 Cap.
640 1639 788 1675 XXIX.

387 1713 521 1757 αὐτῶν
553 1715 694 1769 ἄνδρες
733 1717 775 1756 οἷ
803 1713 982 1768 ἄριστοι]

331 1772 463 1814 αὐτῶν
486 1783 522 1812 et
538 1774 599 1812 hic
622 1781 658 1811 et
679 1775 719 1810 in
740 1786 847 1824 seqq.
871 1785 987 1823 repo-

328 1834 386 1870 sui
416 1845 482 1882 pro
514 1829 679 1870 αὐτέων.
737 1832 927 1867 Dicuntur
946 1829 988 1868 οἱ

329 1886 494 1940 ἄριστοι,
513 1896 603 1926 noto
625 1887 777 1924 dIcendi
796 1899 878 1932 usu,
891 1887 982 1936 opta·-

327 1950 448 1993 mates‚
466 1947 640 1995 principes
652 1945 822 1990 civitatis,
842 1942 983 1979 iidem-

329 2016 403 2054 que
423 2004 573 2038 maxime
593 2001 735 2038 nobiles.
786 2001 891 2045 Quae
920 2013 984 2036 se-

329 2065 515 2110 quuntur:
547 2054 672 2108 ὥρεον
695 2054 769 2109 γάρ
791 2052 841 2106 δή
859 2068 983 2106 σφεας

328 2115 466 2159 δεινῶς
491 2111 884 2164 οἰκοφθορημένους,
932 2113 984 2148 ita

328 2173 478 2222 accipe:
528 2170 695 2208 videbant
727 2172 814 2206 enim
844 2169 983 2206 illorum

330 2241 382 2265 res
407 2230 553 2278 pessimo
578 2240 647 2264 esse
674 2229 785 2274 statu,
818 2239 848 2262 s.
874 2225 982 2275 plane

323 2285 496 2335 perditas,
514 2283 769 2334 pessumdatus.
810 2283 875 2318 Tu
893 2279 980 2318 vide

329 2341 376 2378 de
407 2342 523 2378 verbo
554 2340 817 2390 οἰκοφθορεῖν
836 2339 866 2385 Ι,
889 2339 982 2377 196.

330 2399 426 2444 VIII,
451 2396 633 2438 144.142
655 2403 690 2433 et
711 2408 807 2447 quae
829 2393 876 2431 ad
886 2394 982 2429 Plu-

329 2453 448 2491 tarch.
476 2452 662 2490 Alcibiad.
692 2466 730 2503 p.
755 2454 832 2493 189
857 2463 981 2487 anno-

330 2513 504 2548 invimus.

385 2567 428 2607 ἕν
480 2562 718 2618 ἆνεστηκυίῃ
755 2565 804 2617 τῇ
843 2557 981 2616 χώρῃ]

331 2624 463 2661 Adieci
484 2636 572 2660 culn
592 2629 748 2659 recentt.
771 2618 857 2656 edd.
870 2632 982 2669 prae-

329 2682 554 2731 positionem
585 2678 641 2727 ἐν,
679 2691 776 2730 quae
823 2676 923 2712 male
962 2688 983 2712 a

331 2737 513 2786 prioribus
571 2734 795 2772 editionibus
843 2733 982 2768 aberat.

332 2795 412 2844 {psa
433 2792 614 2830 Herodoti
635 2792 750 2830 verba
770 2789 984 2828 Gronovius

1046 1039 1312 1090 interpretatus
1342 1047 1423 1077 erat
1452 1041 1619 1077 acclivem
1648 1052 1702 1076 re-

1044 1097 1202 1143 gionem,
1231 1110 1307 1148 quo
1329 1110 1440 1133 sensu
1462 1096 1563 1147 apud
1592 1097 1628 1132 T
1632 1094 1701 1131 he-

1044 1153 1145 1189 mist.
1169 1153 1271 1190 Orat.
1292 1155 1405 1189 XXII
1426 1167 1463 1204 p.
1477 1155 1559 1193 280
1580 1149 1703 1198 τόπος

1043 1205 1204 1258 ’ὑψηλός
1223 1224 1263 1248 τε
1275 1209 1343 1249 καὶ
1354 1205 1594 1259 ἐνεστηκώς.
1622 1210 1700 1245 Nec

1044 1266 1152 1301 aliter
1173 1265 1219 1302 de
1240 1267 1397 1316 regione
1423 1267 1606 1316 superiori,
1628 1265 1701 1301 edi-

1043 1323 1146 1369 tiori,
1176 1321 1280 1359 unde
1306 1324 1346 1359 in
1366 1324 1501 1360 urbem
1521 1321 1611 1358 dein
1641 1322 1702 1358 de-

1042 1378 1258 1425 scenderunt,
1271 1377 1524 1430 (κατέβησαν,
1544 1379 1617 1415 nisi
1626 1376 1700 1415 hoc

1043 1436 1200 1472 omnino
1243 1437 1334 1472 erit:
1392 1436 1594 1479 redieruut,
1643 1448 1699 1472 re-

1040 1494 1156 1540 gressi
1172 1496 1254 1529 sunt
1279 1494 1318 1529 in
1339 1492 1466 1539 urbem,
1497 1499 1573 1538 aut,
1595 1490 1699 1542 quod

1041 1547 1199 1585 Heldius
1217 1550 1357 1596 statuit,
1386 1550 1544 1585 omnino
1565 1547 1614 1584 ad
1632 1561 1700 1585 ur·-

1041 1605 1131 1641 bem
1142 1606 1240 1641 mari
1260 1605 1497 1642 adiacentem
1516 1605 1698 1655 pertinet)

1042 1663 1187 1712 accepit
1218 1661 1459 1712 Schweigln,
1491 1660 1697 1698 accedente

1041 1720 1148 1765 Miot,
1180 1720 1245 1770 qui
1263 1720 1316 1756 ita
1343 1720 1486 1756 Gallice
1507 1717 1602 1754 haec
1623 1719 1700 1755 cir-

1042 1777 1298 1826 cumscripsit:
1361 1775 1478 1822 „dans
1511 1775 1549 1811 la
1579 1776 1698 1824 partie

1042 1833 1238 1882 superieure
1258 1834 1370 1868 moins
1390 1831 1552 1880 neglige'e
1577 1843 1640 1880 que
1660 1831 1697 1868 la

1033 1889 1196 1939 plaz'ne.“
1249 1887 1444 1940 Equidem
1463 1889 1525 1925 vel
1543 1894 1698 1938 propter

1037 1946 1153 1982 verba
1211 1946 1386 1996 proxime
1434 1942 1697 1981 antecedentia

1040 1997 1165 2053 αἵρεον
1204 1999 1277 2054 γάρ
1318 1998 1370 2052 δή
1400 2013 1524 2047 σφεας
1554 2001 1697 2047 δεινῶς

1042 2057 1432 2109 οἰκοφθορημένους,
1452 2058 1586 2094 malim
1605 2070 1695 2094 cuni

1041 2115 1298 2163 VVesselingio
1321 2142 1331 2160 ,
1400 2111 1592 2149 Larchero
1651 2126 1694 2150 ac

1041 2168 1276 2206 Sclmeidero
1298 2170 1355 2217 (in
1366 2170 1496 2206 Lexic.
1509 2170 1642 2206 Graec.
1665 2184 1694 2206 s.

1039 2227 1098 2274 v.)
1132 2227 1344 2275 intelligere
1364 2223 1496 2275 χώραν
1526 2221 1694 2264 &volara-

1037 2297 1119 2329 τον,
1148 2285 1321 2331 regionem
1344 2282 1548 2329 desolatam,
1578 2282 1692 2331 negle-

1039 2342 1131 2375 ctam
1163 2346 1199 2375 et
1219 2339 1402 2378 incultam.
1460 2340 1587 2390 Atque
1621 2338 1694 2376 hoc

1038 2397 1153 2431 etiam
1173 2396 1323 2445 probari
1357 2395 1467 2432 video
1488 2395 1625 2432 Heldio
1645 2395 1694 2432 ad

1037 2450 1230 2488 Plutarch.
1258 2452 1402 2489 Timol.
1435 2455 1451 2491 1
1486 2465 1574 2502 pag.
1611 2450 1692 2492 305

1037 2521 1143 2560 seqq.
1185 2510 1242 2544 De
1262 2510 1451 2545 locutione
1474 2505 1692 2547 ἀνάστατον

1037 2569 1189 2611 ποιεῖν,
1237 2565 1421 2617 γίνεσθαι
1451 2564 1614 2602 diximus
1644 2563 1692 2600 ad

1038 2623 1144 2668 1,76,
1163 2635 1265 2658 nunc
1276 2621 1363 2658 addi
1384 2623 1558 2659 volumus
1578 2619 1690 2657 Held.

1039 2679 1065 2714 l.
1098 2678 1122 2713 Ι.
1147 2691 1234 2728 pag.
1265 2677 1346 2719 304
1377 2692 1455 2730 seq.
1486 2679 1689 2728 Bergman.

1041 2741 1077 2770 et
1090 2735 1267 2771 Benseler
1281 2734 1329 2771 ad
1340 2736 1490 2772 Isocrat.
1503 2735 1690 2784 Areopag.

1042 2804 1078 2840 p.
1114 2794 1202 2838 116,
1243 2792 1308 2843 qui
1335 2792 1565 2829 locutionem
1593 2788 1690 2826 hanc

1719 850 1737 883 1
