1815 3181
407 179 491 218 114

407 285 474 332 ὁὲ,
526 282 825 338 τετραφύλους
872 283 1022 334 ἐόντας
1061 281 1343 339 Ἀθηναίους,

809 176 1273 212 HERODOTI

1391 283 1668 337 &sumemus

406 353 597 407 ἐποίησε·
646 356 732 393 τῶν
762 351 912 401 Ἴωνος
949 353 1142 401 παίδων,
1182 351 1413 401 Γελέοντος
1450 353 1523 393 καὶ
1553 352 1668 406 Αἰγι-

407 420 562 473 κόρεος
601 419 672 460 καὶ
700 417 916 473 Ἀργάδεω
945 419 1018 461 καὶ
1043 418 1283 474 ”Οπλητος,
1314 418 1561 470 ἀπαλλάξας
1591 417 1669 469 τὰς

406 488 674 542 ἐπωνυμίας·
706 485 946 541 ἐπιχωρίων
974 484 1020 529 δ’
1051 485 1208 541 ἑτέρων
1236 484 1393 542 ἡρώων
1420 485 1670 541 ἐπωνυμίας

405 555 613 608 ἐξευρών,
650 552 786 608 πάρεξ
808 555 1017 604 Αἴαντος·
1056 558 1215 598 τοῦτον
1246 554 1316 606 δὲ,
1356 553 1429 597 ἅτε
1469 553 1726 609 domimi-35

349 751 499 787 Platon.
510 746 682 799 Euthyd.
693 760 781 799 pag.
790 746 884 789 344.
904 747 1012 784 Idem

350 806 381 844 C
387 819 419 843 r.
442 805 516 842 huc
537 807 628 842 citat
638 803 1008 842 Pseudo-Plutarch.

347 865 404 900 De
424 863 582 912 malign.
604 861 788 898 Herodot.
808 874 896 912 pag.
916 863 1012 902 860.

350 942 401 948 «-
433 918 496 956 Ad
527 919 689 955 verbum
723 918 1014 970 προσεταιρίζε-

349 980 449 1015 σθαι
463 976 565 1012 conf.
585 977 650 1022 ΙΙΙ,
671 978 738 1016 70.

405 1028 678 1083 τετραφύλους
716 1026 856 1077 ἐόντας
891 1026 1012 1080 Ἀθη-

350 1089 513 1136 ναίους,
557 1084 808 1138 δεκαφύλους
828 1087 1010 1137 ἐποίησε]

348 1146 460 1182 Conf.
481 1145 579 1182 infra
598 1145 644 1191 V,
666 1147 717 1185 69
740 1151 777 1180 et
790 1173 799 1191 ,
831 1146 896 1196 qui
909 1142 1012 1180 huno

346 1203 477 1239 locum
487 1203 712 1252 respiciunt,
724 1202 889 1237 Pausan.
901 1200 958 1247 1‚5
975 1201 1014 1245 §.

351 1260 389 1297 1.
420 1257 552 1296 Schol.
574 1256 728 1295 Aristid.
750 1270 837 1308 pag.
851 1259 931 1298 110
953 1256 1014 1294 ed.

347 1315 557 1352 Frommel.
576 1316 684 1351 Bene
703 1314 923 1351 Aristoteles
934 1314 1016 1350 Po-

346 1371 461 1409 litice.
499 1372 577 1419 111,
625 1374 661 1411 1.
701 1371 774 1418 VI,
813 1373 840 1410 2
890 1370 929 1415 ξ.
963 1373 1010 1410 11

347 1428 363 1476 (
381 1427 595 1477 Schneid.)
635 1427 736 1464 hanc
784 1427 1013 1477 reipublicae

349 1486 629 1531 mutationem,
684 1495 784 1535 quae
821 1484 862 1519 in
902 1490 1012 1520 aucto

349 1539 555 1592 phylarum
575 1541 746 1578 consistit
766 1552 941 1586 numero,
964 1539 1012 1576 ad

350 1610 395 1634 ea
440 1597 575 1644 refert,
618 1598 756 1649 quibus
800 1597 1013 1647 respublica

349 1655 471 1704 magis
502 1651 551 1690 ad
583 1654 768 1705 populare
789 1652 1014 1690 detrudatur

349 1711 577 1760 imperium:
617 1711 681 1747 cui
707 1710 850 1747 scilicet
869 1722 1014 1746 conve-

350 1768 432 1805 niat
445 1796 454 1813 ‚
483 1774 527 1803 ut
545 1767 733 1818 prioribus
753 1767 895 1803 civium
915 1766 1014 1803 clas-

349 1824 451 1860 sibus
492 1824 622 1860 solutis
662 1836 796 1860 omnes
836 1824 1014 1859 omnium

350 1881 527 1929 gentium
558 1881 660 1916 cives
686 1892 805 1932 quam
842 1881 1013 1916 maxime

350 1937 749 1986 permisceanturmec
788 1942 870 1973 tam
909 1943 1012 1973 arcto

349 1993 504 2029 vinculo
545 1993 685 2043 singuli
729 2005 819 2029 cum
856 1994 1015 2042 singulis

354 2049 516 2099 amplius
557 2056 846 2086 connectantur.
915 2051 1014 2086 Nam

352 2103 503 2142 videtur
542 2107 674 2157 utique
715 2104 789 2142 hoc
828 2113 1015 2156 spectasse

354 2159 582 2208 Clisthenes,
623 2168 667 2198 ut
695 2163 802 2198 omni
831 2163 1016 2212 reipubli-

355 2230 421 2255 cae
443 2217 695 2268 descriptione
714 2225 860 2254 mutata
873 2247 882 2265 ,
914 2220 1016 2268 opti-

354 2276 516 2312 matium
544 2281 658 2325 atque
688 2275 876 2311 nobilium
903 2282 1015 2325 pote-

356 2338 430 2368 stas
461 2330 699 2381 frangeretur
722 2343 765 2367 ac
786 2332 906 2380 magis
929 2343 1017 2368 ma-

355 2388 489 2438 gisque
510 2386 815 2432 deminueretur,
844 2400 890 2424 eo
912 2387 1016 2438 quod

357 2445 424 2494 qui
462 2456 530 2494 per
568 2450 732 2495 quatuor
765 2444 883 2481 tribus
924 2445 1018 2480 olim

358 2500 545 2537 distributi
570 2506 693 2537 essent
722 2501 889 2547 nobiles,
925 2502 1018 2537 viri-

358 2557 428 2593 bus
467 2557 581 2606 igitur
618 2557 740 2606 magis
789 2558 1013 2605 coniunctis,

357 2614 434 2650 iam
450 2625 519 2662 per
530 2611 662 2649 decem
672 2614 787 2649 tribus
797 2614 925 2663 sparsi,
936 2615 1014 2649 mi-

357 2682 493 2706 norem
502 2670 540 2704 in
551 2670 713 2721 reliquos
725 2670 823 2706 cives
835 2682 1015 2706 omnem-

359 2738 432 2777 que
443 2727 718 2776 rempublicam
738 2739 913 2762 exercere
923 2739 1014 2776 pos-

358 2789 442 2819 sent
459 2784 556 2830 vim,
602 2783 722 2833 plebis
741 2795 830 2820 vero
851 2789 1013 2833 potestas

1070 749 1310 800 aliquantum
1327 755 1531 799 augeretur
1560 748 1622 785 vel
1641 760 1729 784 ma-

1069 807 1125 856 gis
1154 819 1271 858 quam
1299 819 1319 841 e
1350 806 1502 843 Solonis
1542 806 1727 852 instituto,

1071 863 1136 913 qui
1153 869 1405 913 temperatam
1424 863 1597 899 voluerat
1622 873 1728 898 rem-

1069 920 1263 969 publicam
1283 926 1320 955 et
1338 920 1521 966 mixtam,
1543 918 1728 955 conveni-

1068 982 1138 1012 ret.
1195 975 1420 1012 Adscribere
1438 977 1544 1012 iuvat
1561 972 1729 1012 Wachs-

1069 1030 1209 1069 muthii
1228 1031 1414 1069 iudicium
1435 1031 1481 1068 de
1505 1029 1578 1068 hac
1598 1032 1730 1081 reipu-

1069 1089 1189 1125 blicae
1208 1089 1358 1125 Atticae
1381 1090 1608 1136 mutatione,
1627 1088 1728 1124 Heu.

1071 1144 1352 1183 Altertlimnsk.
1389 1146 1420 1192 I,
1452 1147 1471 1184 1
1504 1157 1593 1195 pag.
1620 1146 1726 1185 269:

1071 1201 1300 1249 „Demnach
1319 1203 1366 1238 ist
1385 1199 1492 1238 nicht
1510 1199 1730 1238 sowohldie

1073 1257 1336 1309 Vermehrung
1352 1258 1419 1295 der
1426 1255 1526 1294 Zahl
1545 1256 1613 1294 der
1620 1255 1730 1308 Phy-

1070 1315 1163 1360 len,
1206 1316 1258 1352 als
1285 1315 1348 1352 die
1381 1313 1620 1363 Aufhebung
1651 1326 1730 1351 von

1070 1373 1292 1420 Instituten,
1333 1371 1394 1408 die
1426 1372 1497 1408 mit
1524 1370 1599 1408 den
1629 1371 1730 1407 alten

1070 1427 1221 1480 Phylen
1248 1426 1480 1479 verkuiipft,
1521 1429 1612 1464 aber
1640 1427 1731 1464 dem

1069 1483 1268 1522 Gedeihen
1291 1484 1359 1522 der
1378 1485 1619 1521 Democratie
1639 1483 1731 1520 hin—

1070 1541 1216 1579 derlich
1253 1554 1384 1578 waren
1405 1570 1416 1588 ,
1454 1542 1506 1578 als
1536 1540 1602 1578 das
1627 1542 1732 1578 We-

1068 1597 1251 1635 sentliche
1281 1611 1357 1635 von
1389 1596 1603 1634 Klisthenes
1622 1598 1731 1635 Aen-

1069 1655 1218 1705 derung
1256 1657 1314 1691 ins
1343 1655 1456 1704 Auge
1486 1667 1535 1690 zu
1564 1655 1730 1691 fassen.“

1068 1711 1172 1749 Add.
1208 1712 1251 1748 C.
1286 1713 1328 1748 F.
1367 1713 1580 1748 Hermann.
1605 1709 1724 1748 Lelir·

1068 1767 1173 1805 buch
1194 1775 1266 1805 etc.
1283 1775 1355 1805 etc.
1377 1769 1415 1813 ξ.
1441 1770 1531 1807 111.

1125 1828 1206 1864 τῶν
1213 1819 1731 1871 ”Ιωνοςπαι’δων-α’πα)-

1069 1877 1190 1929 λαξας
1212 1877 1280 1928 τοὶς
1301 1880 1547 1931 ἐπωνυμίας]
1574 1879 1731 1919 ἐπωνυ-

1071 1954 1163 1989 μιας
1190 1937 1286 1975 dixit
1317 1940 1479 1985 nomina,
1510 1932 1728 1986 οὐνόματα,

1070 2002 1113 2031 ut
1138 1996 1170 2042 I,
1202 1994 1267 2035 14.
1300 1995 1346 2042 V,
1379 1994 1445 2035 55.
1477 1994 1558 2041 Vll,
1589 1992 1642 2034 74
1680 2006 1730 2030 ne

1070 2052 1195 2102 plura.
1252 2051 1359 2096 Quae
1387 2063 1479 2087 vero
1507 2051 1546 2086 in
1568 2057 1731 2101 quatuor

1070 2109 1264 2158 priorum,
1300 2119 1460 2159 quarum
1481 2107 1639 2143 nomina
1667 2104 1729 2143 bic

1070 2163 1306 2211 indicantur,
1353 2164 1483 2200 locum
1519 2175 1732 2199 successere

1072 2219 1207 2257 decem
1226 2232 1350 2256 novae
1360 2220 1490 2266 tribus,
1509 2232 1641 2255 earum
1655 2231 1732 2256 no-

1070 2278 1175 2313 mina
1206 2289 1295 2312 cmn
1321 2283 1444 2313 taceat
1472 2277 1628 2321 Noster,
1668 2274 1732 2313 hic

1072 2332 1284 2370 adscribere
1325 2334 1452 2369 iuvat:
1511 2332 1729 2380 Erechtheis,

1071 2390 1200 2438 Aegeis
1223 2418 1234 2436 ‚
1283 2388 1479 2427 Pandionis
1500 2418 1511 2439 ‚
1570 2388 1730 2437 Leontis,

1072 2447 1299 2492 mamantis,
1355 2446 1501 2493 Oenei-³,
1555 2445 1728 2496 Cecropis,

1073 2502 1369 2553 Hippothoontis,
1408 2503 1555 2540 Aeantis
1589 2509 1627 2539 et
1654 2501 1730 2539 An-

1073 2560 1222 2603 tiocleis‚·
1252 2558 1299 2596 cle
1321 2559 1457 2610 quibus
1478 2559 1588 2609 plura
1610 2557 1731 2595 disse-

1069 2616 1144 2652 ruit
1161 2616 1306 2652 Corsini
1326 2617 1365 2652 in
1385 2617 1484 2652 Fast.
1504 2615 1619 2651 Attic.
1640 2615 1685 2652 P.
1697 2615 1729 2650 Ι.

1068 2673 1237 2708 Dissertt.
1268 2675 1292 2712 ὅ
1324 2686 1362 2722 p.
1389 2671 1464 2712 114
1500 2684 1606 2722 seqq.
1638 2676 1675 2707 et
1703 2668 1730 2711 4

1070 2741 1157 2778 pag.
1172 2728 1249 2770 154
1264 2741 1371 2781 seqq.
1392 2726 1491 2764 Add.
1513 2728 1731 2764 Tittmann.

1070 2783 1222 2821 Griecli.
1252 2784 1472 2822 Staatsverf.
1506 2797 1594 2834 pag.
1635 2785 1731 2824 302.
