1815 3181
395 237 478 277 342
795 239 831 272 H
862 238 894 272 E
924 239 957 274 R
987 239 1017 275 0
1046 240 1080 274 D
1111 240 1142 276 o
1171 239 1208 276 Τ
1238 241 1253 275 l

394 349 525 397 λους·
577 345 720 388 ἔπειτα
750 344 796 388 δὲ
835 344 878 396 ἐς
906 346 1010 398 τούς
1039 346 1230 400 δούλους
1268 343 1376 403 ἦλθε
1409 346 1521 405 ἀνὴρ
1553 349 1654 402 μάν-

392 430 455 464 τις
485 412 752 466 Κλέανδρος,
781 413 909 469 γένος
940 413 1024 457 ἐών
1059 417 1271 471 Φιγαλεὺς
1301 416 1374 461 ἀπ’
1411 417 1652 472 Ἀρκαδίης·

394 476 524 531 οὗτος
551 479 655 530 τούς
689 479 879 532 δούλους
916 480 1131 537 ἀνέγνωσε
1170 484 1398 529 ἐπιθέσθαι
1438 489 1551 528 τοῖσι
1591 487 1656 528 δε·
1711 482 1791 525 476

365 547 594 604 δσπότῃσι.
645 548 691 591 ἐκ
719 548 882 593 τούτου
913 549 959 593 δὲ
986 549 1174 605 πόλεμός
1203 563 1282 608 σφι
1310 547 1366 609 ἦν
1393 553 1462 596 ἐπὶ
1493 552 1656 608 χρόνον
1667 560 1712 593 71

394 614 576 671 συχνὸν,
606 615 649 667 ἐς
679 615 704 660 ὂ
734 616 786 674 δὴ
817 617 944 674 μόγις
977 620 1022 661 οῖ
1045 616 1227 675 Ἀργεῖοι
1256 619 1560 676 ἐπεκράτησαν.

473 683 655 739 Ἀργεῖοι
685 684 764 740 μέν
791 702 877 728 νυν
907 685 978 730 διὰ
1006 691 1145 730 ταῦτα
1165 687 1411 741 Κλεομένεά
1440 700 1549 744 φασι
1579 705 1657 743 μα-

394 750 524 795 νέντα
544 750 787 797 ἀπολέσθαι
816 759 974 806 κακῶς.
1034 754 1170 799 Αὐτοὶ
1188 755 1235 799 δὲ
1253 758 1528 813 Σπαρτιῆταί
1549 767 1656 812 φασι

266 687 333 732 84

63 750 107 777 Un
96 749 148 810 Sde
131 750 227 791 eSpa
229 754 298 778 rant

96 785 210 814 suniam
229 785 318 813 Cleo-

336 928 440 965 enim
471 927 702 966 adiectivum
722 924 896 981 ἄρθμιος
917 943 996 968 con-

336 999 432 1032 cor-⁵¹,
463 988 609 1034 amicus,
639 987 719 1034 VII,
753 990 846 1029 101.
864 989 934 1040 IX,
957 990 997 1030 9.

336 1044 402 1082 37.
424 1041 604 1093 Theogn.
626 1045 721 1083 326.

391 1117 494 1173 ἀνήρ
551 1118 693 1172 μάντις
739 1120 994 1174 Κλέανδρος]

335 1176 401 1215 Sic
427 1175 600 1229 ποιητήν
633 1175 761 1231 ἄνδρα
791 1178 887 1216 dixit
905 1181 997 1216 Ari-

335 1233 725 1286 stoph.Tl1esmoph.
757 1235 835 1276 156
858 1243 895 1273 et
914 1239 997 1273 He—

336 1290 420 1327 rod.
444 1291 474 1337 Ι,
492 1294 545 1333 62
565 1287 837 1358 χρησμολόγον
856 1290 996 1344 ἄνδρα,

335 1348 405 1394 ῙΧ,
424 1321 476 1389 75
499 1344 627 1401 ἄνδρα
645 1344 906 1388 πεντάεθλον.
926 1352 1000 1387 At-

337 1417 413 1456 que
433 1404 495 1451 VI,
517 1406 590 1445 921
636 1400 738 1455 οἷνηρ
770 1403 997 1458 στρατηγός.

336 1459 449 1497 Unde
468 1463 533 1509 ΙΙΙ,
557 1460 635 1502 125
669 1461 763 1509 (ubi
782 1461 858 1501 vid.
881 1463 999 1513 nott.)

338 1524 461 1564 erunt,
487 1517 554 1570 qui
571 1519 725 1555 rescribi
742 1519 878 1556 malint
894 1523 1000 1572 Κρο-

334 1570 556 1626 τωνιήτην,
606 1572 735 1627 ἄνδρα
775 1574 913 1627 ἰητρόν
958 1591 1000 1617 τε

335 1627 460 1670 ε’ὁντα.
519 1631 659 1680 „Haud
679 1633 758 1669 veri
786 1634 916 1671 similis
939 1635 1000 1672 vi-

336 1686 487 1724 debitur
507 1690 752 1726 nonneminis
768 1692 997 1738 coniectura,

335 1743 513 1794 suspicati
550 1746 833 1782 Mantinensem
885 1748 999 1785 fuisse

336 1799 596 1850 Cleandrum,
646 1809 797 1853 patlem
836 1817 926 1841 vero
963 1811 1000 1841 et

336 1858 500 1894 maiores
510 1856 777 1909 Phigalenses3
812 1862 1001 1912 scripsisse

336 1913 423 1951 ideo
457 1914 697 1953 Herodotum
736 1911 839 1969 οἷνηρ
875 1920 996 1957 Μαν-

337 1967 469 2018 τινεῦς
496 1970 750 2038 Κλέανδρος,
780 1972 895 2025 γένος
924 1971 1000 2014 ε’ὠν

344 2024 557 2078 Φιγαλεύς.
615 2030 828 2067 Pausaniae
848 2044 887 2082 p.
920 2033 1002 2073 698

339 2085 553 2133 [V111‚39
592 2086 630 2131 §.
674 2088 725 2135 1]
767 2094 1003 2125 memoratur

339 2135 445 2191 οἷνηρ
457 2138 689 2188 Μαντινενς
699 2142 927 2196 Κλέανδρος
936 2145 1001 2181 illo

340 2197 456 2247 longe
473 2197 544 2234 fuit
555 2199 755 2247 recentior,
773 2207 877 2238 tutor
887 2202 1002 2253 quip-

341 2266 391 2304 pe
418 2251 742 2305 Philopoemenis.
754 2256 780 2276 “
834 2257 1001 2294 Valck-

342 2309 826 2363 Vid.P1ut.Philopoem.
857 2317 877 2355 1
909 2314 1003 2366 ibiq.

342 2373 478 2406 uotatt.

405 2454 629 2510 Φιγαλευς]
660 2458 716 2494 Ita
737 2457 929 2495 Sancrofti
954 2459 1004 2495 li—

345 2514 413 2551 ber
443 2511 618 2561 exhibet,
649 2527 739 2551 cum
769 2515 862 2551 olim
888 2528 1004 2566 prave

347 2577 510 2608 exstaret
519 2572 559 2608 in
571 2569 658 2608 edd.
676 2567 885 2623 Φιγασεύς.
905 2573 1004 2609 Nam

347 2627 449 2664 urbis
460 2627 669 2665 Arcadicae
679 2629 826 2665 incolae
833 2629 1005 2678 plerum-

349 2697 425 2735 que
456 2683 635 2722 dicuntur
668 2686 851 2737 Φιγαλεῖς
880 2684 1005 2736 (apud

349 2744 512 2780 Pausan.
539 2744 586 2791 V,
615 2741 654 2789 5,
687 2739 725 2781 4.
770 2742 870 2789 VIII,
891 2741 946 2783 42
967 2743 1004 2787 §-

352 2798 389 2837 4.
410 2797 459 2838 41
485 2800 523 2844 ξ.
544 2798 583 2839 4.
605 2797 659 2839 40
679 2799 762 2835 init.
793 2798 909 2848 alibi)
939 2806 1004 2836 aut

352 2857 509 2902 Φιαλεῖς
525 2854 645 2908 (apud
656 2854 812 2893 Diodor.
826 2855 903 2893 Sic.
915 2856 999 2904 XV,

1052 928 1129 977 40,
1158 930 1225 967 ubi
1255 929 1332 968 vid.
1362 931 1613 984 Wesseling.)
1648 938 1713 967 aut·

1056 982 1242 1038 Φιγάλιοι
1280 986 1382 1037 apud
1418 989 1580 1025 Pausan.
1612 987 1711 1034 VIII,

1056 1044 1160 1088 12§.
1182 1047 1220 1089 2,
1236 1043 1353 1080 modo
1374 1057 1510 1081 sanum
1529 1047 1576 1081 sit
1603 1043 1711 1083 illud.

1051 1100 1172 1150 Ipsius
1193 1101 1294 1137 urbis
1315 1113 1456 1138 nomen
1470 1102 1639 1152 Φιγαλία
1660 1107 1715 1138 est

1054 1155 1155 1207 apud
1176 1155 1319 1194 Athen.
1341 1159 1409 1205 ΧΙ,
1434 1157 1485 1198 14
1504 1172 1543 1208 p-
1565 1157 1647 1199 465
1665 1159 1712 1205 D,

1054 1219 1091 1249 et
1109 1214 1278 1263 pluribus
1300 1214 1402 1264 apud
1414 1215 1644 1251 Pausaniam
1654 1215 1715 1251 lo-

1055 1270 1105 1306 cis
1128 1269 1227 1318 (VII,
1253 1272 1303 1311 17
1324 1272 1408 1318 §.8,
1431 1272 1498 1307 ubi
1512 1271 1613 1307 conf.
1627 1271 1714 1307 Sie—

1054 1326 1148 1363 belis
1167 1339 1255 1377 pag.
1274 1327 1339 1368 51.
1361 1328 1424 1374 VI,
1449 1330 1473 1368 6
1497 1329 1533 1372 §.
1559 1331 1595 1367 1.
1614 1328 1715 1375 VIII,

1057 1384 1109 1423 39
1144 1384 1227 1419 init.
1258 1382 1305 1424 41
1336 1384 1371 1429 §.
1396 1381 1435 1432 4,
1471 1390 1586 1436 atque
1612 1382 1718 1421 haud

1055 1439 1132 1475 scio
1153 1452 1202 1475 an
1222 1440 1267 1487 V,
1284 1442 1347 1487 18,
1370 1442 1408 1487 2,
1429 1440 1496 1477 ubi
1527 1437 1718 1493 Φιγάλεια

1055 1496 1200 1532 restitui
1227 1495 1411 1546 debeat)3
1454 1497 1627 1549 Φιγαλὲα
1653 1499 1716 1534 in-

1055 1553 1206 1590 venitur
1226 1552 1329 1604 apud
1360 1552 1546 1605 Stephan.
1567 1555 1663 1606 Byz.
1684 1568 1714 1595 s,

1054 1622 1092 1645 v.
1113 1622 1201 1659 pag.
1225 1612 1319 1650 697.
1378 1611 1444 1647 Tu
1475 1612 1622 1648 consul.
1657 1618 1716 1648 et—

1054 1665 1132 1701 iam
1150 1668 1339 1704 Mannert.
1367 1668 1509 1717 Geogr.
1530 1667 1567 1705 d.
1590 1670 1655 1705 Gr.
1676 1682 1716 1706 u.

1055 1723 1168 1759 Ro'm.
1186 1723 1273 1759 VIII
1293 1737 1331 1774 p.
1353 1722 1434 1764 475
1460 1737 1539 1776 seq.
1570 1732 1608 1762 et
1628 1725 1718 1762 Sie-

1055 1779 1162 1815 belis.
1183 1778 1232 1816 ad
1251 1781 1414 1818 Pausan.
1437 1781 1535 1828 VIII,
1557 1783 1610 1822 39
1625 1782 1662 1827 ξ.
1675 1784 1716 1823 3.

1055 1834 1399 1874 Add.Bachmann.
1413 1835 1716 1889 adLycophron.

1055 1891 1266 1930 Alexandr.
1279 1895 1361 1933 212
1372 1905 1460 1944 pag.
1471 1894 1538 1936 58.
1566 1895 1718 1932 Etiam-

1055 1962 1153 1985 num
1174 1962 1271 2002 quae
1300 1951 1583 2002 antiquissimae
1612 1951 1717 1989 urbis

1058 2013 1261 2057 supersunt
1298 2007 1481 2059 reliquiae
1493 2037 1503 2056 ‚
1552 2009 1717 2046 ambitus

1057 2064 1192 2114 magni
1221 2076 1309 2100 eam
1327 2064 1442 2101 fuisse
1461 2071 1666 2113 testantur,
1686 2066 1718 2102 si

1060 2119 1218 2172 quidem
1236 2121 1312 2157 illic
1343 2128 1418 2158 tres
1437 2134 1541 2159 nunc
1560 2122 1717 2173 reperiri

1059 2175 1238 2214 dicuntur
1256 2178 1342 2225 vici,
1357 2178 1532 2214 Paulitza
1547 2185 1584 2215 et
1600 2191 1717 2229 supe-

1057 2233 1135 2269 rior
1164 2240 1202 2270 et
1227 2234 1385 2270 inferior
1411 2240 1525 2286 atque
1554 2235 1717 2283 Coritza,

1059 2289 1126 2341 qui
1154 2290 1258 2326 vicus
1278 2291 1473 2340 proximus
1493 2304 1572 2328 esse
1598 2292 1719 2328 fertur

1058 2346 1177 2383 veteri
1196 2347 1280 2382 urbi
1300 2347 1348 2384 ob
1368 2347 1555 2397 Apollinis
1573 2349 1719 2400 Epicu-

1059 2402 1106 2438 rii
1133 2403 1323 2454 templum
1361 2405 1563 2441 recentiori
1596 2411 1718 2442 aetate

1060 2457 1255 2495 detectum
1289 2459 1598 2513 descriptumque
1632 2474 1718 2498 ma-

1058 2517 1163 2551 xime
1183 2516 1336 2566 insigni.
1386 2516 1551 2555 Edocuit
1569 2531 1634 2555 me
1654 2531 1719 2555 ce—

1060 2573 1119 2609 leb
1124 2573 1281 2610 errimus
1291 2576 1349 2610 De
1360 2573 1622 2626 Stackelberg.
1629 2587 1718 2627 ‚quo

1061 2631 1271 2667 accuratius
1304 2644 1420 2669 nemo
1449 2643 1541 2668 sane
1569 2631 1637 2669 has
1657 2645 1719 2668 re-

1060 2686 1192 2736 giones
1210 2687 1461 2738 perlustravit.

1118 2795 1346 2851 ἀνέγνωσε]
1393 2801 1420 2836 i.
1453 2814 1487 2837 e.
1524 2800 1713 2851 persuasit.

1063 2854 1147 2893 vid.
1172 2869 1285 2907 supra
1305 2857 1368 2904 VI,
1385 2856 1452 2897 75.
