1789 3213
423 135 898 176 POLYMNIA.
957 140 1057 177 VII.

0 249 41 297 45

1288 146 1371 184 659

189 243 531 299 Συλλεγομένων
561 244 608 288 δὲ
637 246 679 297 ἐς
698 244 838 291 τώυτό
859 251 949 291 τῶν
977 249 1076 304 περὶ
1105 249 1184 305 τήν
1207 248 1369 294 ‘Euai-

105 312 160 355 δα
193 311 418 368 Ἑλλήνων
447 315 538 355 τῶν
566 313 620 356 τοὶ
651 312 810 370 ἀμείνω
843 314 1147 371 φρονεόντων,
1187 318 1260 361 καὶ
1304 320 1369 363 δι-

103 378 272 423 δόντων
291 382 417 436 σφίσι
432 381 567 437 λόγον
598 383 671 425 καὶ
687 384 844 433 πίστιν,
875 383 1068 427 ἐνθαῦτα
1098 384 1241 429 ἐδόκεε
1255 389 1366 442 βου-

100 447 370 503 λευομένοισι,
403 448 585 501 αὐτοῖσι,
616 455 794 506 πρῶτον
825 450 902 506 μὲν
930 451 1160 508 χρημάτων
1188 453 1366 499 πάντων

98 514 472 560 καταλλάσσεσθαι
511 518 586 569 τάς
616 535 661 562 τε
692 520 850 575 ἔχθρας
877 519 952 562 καὶ
980 519 1086 571 τοὺς
1114 520 1204 564 κατ’
1235 521 1364 579 ἀλλή-

97 585 203 634 λους
231 583 382 637 ’ἐόντας
420 585 651 643 πολέμους.
681 582 794 643 ἦσαν
823 587 870 630 δὲ
899 586 1009 642 πρός
1038 605 1160 639 τινας
1192 590 1266 633 καὶ
1297 589 1363 635 ἄλ-
1376 598 1420 632 60

40 768 130 808 192.
188 767 251 804 Ad
282 768 517 807 locutionem
545 770 585 818 ἐς
607 769 649 811 δέ
653 786 698 810 ον

36 822 112 861 vid.
133 824 245 862 citata
266 825 314 862 ad
333 828 381 874 II,
406 829 499 868 173.

230 916 322 967 Cap.
344 916 495 955 CXLV.

87 995 168 1032 τῶν
186 993 278 1046 περὶ
311 1010 385 1046 την
406 991 528 1035 Ελλιὲ
523 997 582 1035 δα
599 995 694 1037 Ελ-

30 1045 165 1100 λήνων
183 1053 263 1089 τῶν
292 1048 340 1090 τοὶ
373 1047 522 1102 (Ξμείνω
552 1069 677 1105 φρονε
679 1077 695 1083 -

31 1101 182 1156 ὄντων]
228 1106 430 1146 Bekkems
461 1123 574 1146 voces
597 1108 694 1150 Ελ-

30 1159 165 1214 λήνων
204 1179 285 1203 των
322 1167 429 1202 uncis
450 1167 614 1215 inclusit,
648 1175 692 1206 ut

29 1227 235 1271 suspectas.
257 1221 398 1259 Contra
418 1223 604 1261 librorum
623 1238 690 1262 ve-

26 1283 216 1315 tustorum
247 1281 511 1317 auctmitetem
542 1279 690 1319 Sohae-

24 1333 127 1371 ferus
156 1333 380 1373 exhibuerat
423 1340 505 1376 τῶν
541 1336 689 1391 Ελλη-

25 1405 109 1431 νων
130 1406 213 1430 των
234 1391 324 1444 περὶ
353 1408 384 1432 τ.
406 1389 575 1433 Ελλαᾶα
597 1410 633 1434 κ.
653 1411 686 1434 τ.

24 1449 179 1496 λ.,ι11)ἰ
207 1449 398 1487 immerito
437 1453 574 1488 vocula
606 1467 687 1491 των

23 1502 216 1556 displicuit
244 1505 535 1546 Valckenaerio.
583 1510 685 1546 Nam

21 1563 224 1614 utrobique
251 1571 354 1600 recte
380 1571 452 1601 stat
490 1566 681 1615 articulus,

19 1625 62 1656 ut
80 1626 183 1656 recte
211 1628 346 1658 monet
377 1620 682 1672 Schweighaeu-

19 1689 122 1714 serus
142 1675 237 1713 haec
266 1676 433 1718 addens:
484 1679 567 1727 „Oi
587 1679 678 1732 περὶ

18 1729 92 1784 τὴν
124 1729 327 1773 ”Ἐλλοὶδα
326 1731 515 1786 Έλληνες
545 1735 680 1773 distin-

17 1797 187 1840 guuntur
220 1803 242 1827 a
282 1792 435 1829 Graecis
474 1793 608 1829 Asiam
643 1801 681 1830 et

17 1845 227 1884 Thraciam
246 1848 522 1886 incolentibus:
569 1849 610 1888 οἷ
629 1865 678 1889 τα

16 1897 166 1954 ἀμείνω
202 1903 441 1954 φρονέοντες
472 1918 679 1956 opponun-

15 1966 78 1996 tur
97 1961 161 2008 eis,
193 1961 258 2012 qui
287 1960 334 1997 ad
364 1961 568 1999 Medorum
586 1976 678 2014 par-

15 2022 71 2053 tes
95 2017 367 2056 inclinabant.“
425 2018 488 2055 Ad
513 2020 677 2056 locutio-

13 2085 106 2110 nem
126 2070 174 2112 τοὶ
195 2070 346 2125 ἀμείνω
377 2079 544 2127 φρονεῖν
574 2077 676 2114 conf.

14 2129 95 2179 VII,
132 2133 224 2171 102.
258 2132 365 2179 VIII,
406 2130 472 2173 34.
504 2132 574 2173 75.
631 2135 677 2170 In

11 2185 157 2225 Isthmo
177 2194 307 2225 autem
329 2186 389 2238 (ut
402 2196 507 2239 patet
527 2203 576 2226 ex
591 2189 674 2238 VII,

18 2247 106 2284 Ἰ72.
144 2245 236 2286 175.
261 2244 420 2283 Diodor.
460 2247 582 2284 Sicul.
616 2249 675 2284 XI

29 2299 113 2352 ⁴it.)
143 2299 206 2337 hic
231 2302 466 2340 Graecorum
501 2317 674 2341 conven-

7 2361 67 2411 ζηε
85 2355 236 2395 habitus
257 2366 334 2407 est,
364 2373 481 2412 quem
500 2360 668 2411 Amphi-

8 2419 192 2465 ctyonum
211 2415 323 2452 fuisse
349 2415 456 2454 haud
474 2418 666 2456 immerito

8 2471 160 2508 coniicit
194 2471 410 2510 Tittmann.
446 2472 587 2522 (Bund
627 2474 665 2516 d.

8 2526 225 2579 Amphicty.
242 2542 280 2579 p.
301 2531 375 2569 121
401 2530 486 2566 coll.
507 2538 601 2568 nott.
617 2531 668 2569 ad

7 2583 147 2623 Herod.
178 2585 258 2632 VH,
290 2586 423 2633 213),
453 2587 485 2622 si
509 2586 665 2638 quidem

8 2640 335 2693 Alnphictyonum
369 2655 560 2679 consessus
595 2645 667 2680 ali-

10 2699 153 2749 quoties
182 2705 391 2737 conventus
419 2700 497 2737 sive
530 2701 664 2737 concio

9 2753 241 2794 Graecorum
257 2756 477 2807 appelletur,
500 2763 541 2794 ut
559 2755 663 2794 idem

755 771 890 822 probat
919 773 1132 810 Tittmann.
1164 775 1190 810 1.
1220 775 1243 811 l
1277 789 1359 828 cap.
1391 780 1415 817 3

755 829 792 873 ξ.
819 831 864 868 11
887 836 969 870 not.
998 832 1016 869 1
1038 843 1128 881 pag.
1149 833 1203 871 62
1224 845 1308 883 cap.
1330 834 1355 875 5
1378 836 1414 881 ξ

754 887 779 926 6
800 898 887 935 pag.
909 888 988 925 119
1017 894 1095 926 not.
1122 891 1158 929 1.

806 941 875 981 καὶ
916 938 1108 983 διδόντων
1149 946 1264 994 σφίσι
1298 942 1415 998 λόγον

751 997 818 1037 καὶ
852 998 1012 1048 πίστιν]
1068 999 1414 1052 Schweighaeuse-

750 1067 834 1091 lus:
884 1085 907 1103 „
922 1057 973 1093 iba·
1001 1060 1074 1095 tum
1104 1059 1244 1096 collatis
1269 1062 1359 1098 inter
1378 1075 1412 1098 se

749 1113 962 1149 sermombus
991 1115 1027 1163 s
1029 1114 1136 1165 deque
1176 1116 1276 1154 data.
1284 1118 1308 1137 “
1366 1119 1411 1155 In

748 1181 854 1220 seqq.
892 1184 1052 1220 πρωτον
1085 1169 1159 1223 μὲν
1197 1170 1410 1224 χρημάτων

747 1222 910 1264 πάντων
938 1227 1083 1278 accipio
1113 1241 1268 1279 prunum
1293 1244 1410 1270 rerum

745 1285 918 1332 omanum
958 1291 1001 1321 ut
1030 1283 1126 1322 adeo
1146 1299 1226 1323 non
1250 1300 1345 1338 opus
1365 1289 1412 1326 sit

744 1352 814 1389 pro
853 1355 1069 1392 χρηματων
1101 1356 1189 1380 cum
1219 1343 1407 1384 Valcken.

744 1409 930 1446 reponere
965 1395 1234 1451 πρηγμάτων,
1273 1415 1406 1453 quum,

744 1452 843 1489 bene
881 1454 1103 1492 observante
1133 1457 1407 1510 Wesselingio,

741 1524 790 1548 τα
830 1506 1014 1562 χρήματα
1047 1514 1196 1564 saepius
1217 1528 1274 1552 res
1297 1529 1409 1568 quas-

742 1579 895 1618 cunque
946 1567 1165 1619 designent,
1214 1578 1257 1608 ut
1303 1573 1406 1624 apud

739 1621 919 1674 Theogn.
940 1626 1036 1673 461,
1055 1627 1154 1663 alibi.
1169 1650 1219 1656 —
1241 1628 1305 1666 Ad
1316 1643 1406 1668 ver-

738 1680 832 1716 bum
852 1678 1175 1723 καταλάσσεσθαι
1185 1686 1285 1723 conf.
1305 1694 1403 1726 nott.

738 1735 787 1773 ad
807 1738 852 1785 V,
873 1740 942 1778 28.

792 1787 900 1845 ἦσαν
921 1791 964 1832 δὲ
982 1789 1082 1846 πρός
1110 1811 1223 1844 τινας
1244 1796 1312 1837 καὶ
1332 1796 1403 1839 ἅλ-

735 1851 831 1896 λους
865 1849 1170 1901 ἐγκεχρημὲνοι]
1203 1854 1310 1904 ἦσαν
1337 1854 1401 1895 hic

734 1907 963 1957 suggerebat
981 1908 1190 1946 Florentiu.
1205 1924 1275 1979 ΡῙῸ
1294 1910 1402 1954 ε’.σαν

733 1964 1021 2014 Participium’
1004 1966 1284 2018 εγκεχρημένοι
1302 1970 1402 2007 Por—

735 2026 795 2057 tus
816 2019 961 2058 dem-at
989 2034 1010 2057 a
1030 2022 1202 2059 .ve1bo'
1184 2020 1400 2078 εγχροὲομαι

733 2083 777 2113 ut
804 2077 902 2114 bella
932 2078 1217 2129 intelligantur,
1250 2095 1394 2131 quaem

732 2134 894 2171 mambus
912 2134 1120 2184 habuerant,
1160 2135 1203 2176 ἐν
1226 2140 1278 2193 τῆ
1297 2137 1396 2191 χρή-

733 2202 791 2229 σει
829 2184 946 2241 ἦσαν.
1022 2192 1075 2229 At
1114 2194 1189 2230 tale
1232 2197 1395 2235 verbum

729 2245 804 2284 hoc
824 2247 1063 2298 significatu'
1052 2262 1246 2300 ignorasse
1256 2252 1393 2291 viden-

728 2310 790 2341 tur
820 2306 968 2342 Graeci.
1037 2306 1212 2345 Reiskius
1240 2311 1391 2347 malue-

724 2368 782 2398 rat
819 2361 1096 2414 ε’γκεκρημένοι
1138 2365 1164 2404 i.
1207 2378 1240 2401 e.
1284 2367 1389 2416 bella,

726 2430 815 2468 quae
831 2422 937 2469 quasi
957 2422 995 2456 in
1012 2422 1170 2458 νηζτίιινα
1195 2426 1314 2471 erant,
1337 2425 1386 2462 ob

723 2475 864 2514 Herod.
888 2477 932 2523 V,
950 2476 1027 2517 124
1050 2477 1134 2526 (ubi
1155 2485 1295 2515 exstat:
1317 2479 1385 2519 καὶ

723 2530 1036 2583 ἐγκερασάμενος
1069 2530 1283 2585 πρήγματα
1313 2550 1382 2585 με-

720 2585 861 2638 γάλα).
920 2589 1029 2634 Quod
1078 2597 1120 2626 ut
1167 2592 1381 2640 genuinum

721 2642 853 2682 haberi
895 2647 1032 2696 possit,
1062 2647 1198 2683 merito
1230 2655 1380 2685 veretur

718 2701 1008 2752 Wesselingius,
1021 2703 1081 2738 cui
1103 2716 1191 2739 cum
1213 2704 1245 2741 V
1247 2702 1378 2741 alcke-

718 2760 847 2796 naerio
878 2757 939 2796 luc
968 2757 1129 2854 pize?
1111 2761 1377 2814 εγκεχειρημέ-

1429 252 1700 283 UonsiliaaGrae-

1427 285 1469 313 cis
1490 287 1528 313 ad
1546 286 1650 315 hostes

1426 321 1651 382 ἰῐῖιῐίιῖἓιηείιηᾱοε
