1834 3258
408 223 1039 264 POLYMNIA.VII.
1290 224 1373 264 457

80 335 235 386 22„va
264 331 343 385 σύ,
372 331 429 388 ἢν
459 331 774 390 ἀπονοστήσῃς.
833 333 887 374 Εἰ
917 331 962 375 δὲ
989 334 1128 374 ταῦτα
1157 331 1235 385 μὲν
1263 329 1373 374 ὑπο-

108 401 284 454 ,,δύνειν
326 399 409 444 οὐκ
446 399 689 456 ἐθελήσεις,
736 400 790 444 σύ
833 400 879 443 δὲ
908 399 1082 451 πάντως
1127 400 1374 454 στράτευμα

108 467 302 522 ,,ἆνοέξεις
341 468 410 511 ἐπὶ
449 468 530 524 τήν
566 467 771 521 Ἑλλάδα,
817 466 1088 511 ἀκούσεσθαί
1125 469 1222 510 τινά
1260 484 1374 523 φημι

107 539 224 589 »τῶν
259 534 398 580 αὐτοῦ
427 538 530 592 τῇδε
560 535 939 590 ὑπολειπομένων,
971 535 1235 590 Μαρδόνιον
1265 536 1373 590 μέγα

105 619 172 657 ,,τι
209 604 348 647 κακὸν
383 604 695 660 ἐξεργασμένον
728 604 912 657 Πέρσας,
933 601 1021 646 ὑπὸ
1052 607 1201 646 κυνῶν
1230 620 1274 646 τε
1303 603 1375 646 καὶ
1390 610 1430 644 15

105 669 330 725 ,,ὄρνίθων
360 672 734 728 διαφορεύμενον,
761 671 790 727 ἥ
819 688 903 715 κου
933 671 980 714 ἐν
1008 674 1063 726 γῇ
1093 674 1146 727 τῇ
1169 671 1375 726 Ἀθηναί-

108 755 220 792 ,,ων,
255 739 283 795 ἥ
314 743 359 783 σε’
389 757 436 795 γε
467 741 513 783 ἐν
542 744 596 796 τῇ
626 741 997 795 Λακεδαιμονίων,
1030 739 1066 781 εἰ
1098 738 1154 793 μὴ
1188 738 1273 793 ἄρα
1303 739 1374 782 καὶ

106 806 349 863 ,,πρότερον
378 807 468 852 κατ’
501 806 629 858 ὁδὸν,
660 808 823 863 γνόντα
853 805 915 849 ἐπ’
934 807 1055 856 οἴους
1087 804 1249 861 ἄνδρας
1266 806 1376 850 οἰνα-

107 875 362 932 ,,γινω’σκεις
393 876 706 932 στρατεύεσθαι
736 875 955 931 βασιλέα.“

185 943 451 1000 Ἀρτάβανος
480 945 558 1001 μὲν
587 948 723 987 ταῦτα
763 944 882 994 ἔλεξε.
952 942 1114 998 Ξέρξης
1144 941 1189 984 δὲ
1225 946 1372 996 θυμω-
1432 932 1690 1001 ξῖῗᾱὲζξῗξῗᾶᾱ

106 1012 199 1062 θεὶς
230 1011 452 1068 ἀμείβεται
479 1015 649 1056 τοῖσδε·
696 1011 978 1067 ,,Ἀρτὰβανε,
1009 1008 1176 1063 πατρὸς
1207 1007 1267 1060 εἷς
1296 1012 1376 1052 τοῦ
1432 1001 1640 1068 {zzffr'provo-

103 1080 238 1135 ,,ἐμοῦ
270 1080 492 1136 ἀδελφεός·
518 1080 649 1124 τοῦτό
681 1093 725 1123 σε
758 1079 933 1134 ῥύσεται
961 1079 1126 1134 μηδένα
1157 1076 1282 1128 ἄξιον
1313 1084 1433 1131 μι-ΞΟ

75 1148 251 1201 21,,σθὸν
290 1151 439 1204 λαβεῖν
480 1149 616 1192 ἐπέων
652 1149 858 1202 ματαίων.
900 1148 973 1189 καί
1001 1163 1068 1188 τοι
1098 1144 1262 1201 ταύτην
1296 1144 1375 1201 τὴν

105 1214 309 1271 ,,ἀτιμίην
347 1218 641 1272 προστίθημι,
691 1214 806 1258 ἐόντι
844 1217 968 1271 κακῷ
1005 1230 1049 1256 τε
1088 1214 1158 1256 καὶ
1206 1212 1433 1268 ἀθύμῳ,24

36 1338 43 1343 „
106 1284 237 1341 ,,μήτε
267 1286 636 1341 συστρατεύεσθαι
667 1285 763 1341 ἐμοί
791 1299 839 1341 γε
869 1283 940 1327 ἐπὶ
969 1283 1048 1339 τὴν
1073 1279 1270 1333 Ἑλλάδα,
1295 1281 1371 1324 αὐ-
1431 1278 1512 1320 515

771 1495 947 1531 observat
1003 1487 1226 1530 La'rcherus.
1312 1492 1434 1528 Aliter

772 1548 1158 1600 Schweighaeuserus
1181 1580 1191 1597 ,
1256 1550 1308 1585 ita
1354 1550 1434 1585 La-

772 1609 850 1645 tine
880 1606 974 1644 haec
997 1610 1243 1656 exprimens:
1266 1607 1330 1642 ubi
1350 1618 1434 1654 cog-

772 1667 879 1712 novit,
912 1671 1026 1716 atque
1046 1665 1203 1713 Lange:
1236 1663 1309 1699 und
1339 1662 1435 1699 datm

771 1725 871 1759 wirst
900 1721 948 1757 ιῖιι
982 1720 1127 1757 erkarmt
1159 1720 1280 1757 haben.
1339 1720 1435 1755 Ver—

48 1497 243 1548 patiantur
272 1498 329 1533 taz·
365 1495 474 1533 liberi.
544 1496 714 1532 Verbum

50 1548 273 1592 ’ὑποδύνειν
292 1554 332 1589 in
353 1566 458 1603 seqq.
480 1553 581 1589 valet
608 1555 714 1597 inire,

51 1611 187 1656 subire,
215 1611 252 1646 in
268 1622 303 1646 se
320 1612 481 1659 recipere.
519 1610 629 1646 Conf.
651 1610 714 1656 IV,

53 1669 146 1707 120.
168 1666 248 1713 VII,
275 1666 351 1706 134
373 1667 439 1707 fin,
497 1666 559 1703 Ad
590 1661 717 1705 αὐτοῦ

51 1723 146 1776 τῇδε
168 1723 267 1761 conf.
291 1724 402 1759 citata
423 1722 471 1760 ad
491 1725 519 1772 Ι,
536 1725 627 1764 189.
649 1723 713 1771 IV,

55 1779 148 1820 135.
167 1781 249 1828 VH,
274 1777 365 1820 141.

109 1855 189 1897 ’ὑπὸ
223 1860 359 1896 κυνῶν
390 1873 430 1898 τε
449 1853 713 1907 καὶόρνίθων

53 1911 400 1965 διαφορεύμενον]
433 1915 457 1952 i.
489 1929 522 1952 e.
554 1916 715 1952 dilania-

53 1974 148 2018 tum,
174 1971 403 2008 dilaceratum
417 1973 463 2007 ab
477 1972 607 2009 avibus
628 1985 713 2007 car-

53 2028 193 2064 nivoris
232 2029 486 2079 canibusque,
526 2036 569 2065 ut
611 2027 714 2078 apud

52 2083 247 2134 Aristoph.
275 2087 348 2122 Av.
370 2087 464 2126 338.
487 2083 582 2126 354.
609 2086 715 2121 Pau-

50 2154 130 2179 san.
162 2142 211 2189 Π,
245 2140 297 2181 34
330 2143 368 2187 ξ.
389 2144 436 2187 7;
472 2155 570 2193 quae
591 2143 715 2178 attulit

50 2196 249 2245 Valcken,
284 2197 331 2234 de
373 2200 517 2235 Latinis
560 2211 715 2250 quoque

50 2267 234 2302 monens,
256 2257 323 2306 qui
344 2254 487 2304 defferre
509 2254 652 2303 dicunt,
673 2262 716 2292 ut

50 2313 183 2348 Horat.
203 2313 276 2361 Ep.
298 2313 342 2360 V,
365 2314 430 2353 99.
462 2313 587 2353 plaut.
619 2313 718 2349 Cur-

53 2369 127 2404 cul.
148 2368 212 2416 IV,
234 2367 273 2416 4,
290 2371 356 2408 20.
377 2368 438 2406 Ad
453 2370 580 2420 ipsum
600 2383 716 2406 omen

53 2425 222 2460 maxilne
235 2423 610 2476 durumWesseIIng.
623 2439 716 2463 con-

53 2481 127 2517 fert
153 2481 286 2530 Virgil.
317 2482 415 2519 Aen.
444 2484 518 2528 IX,
539 2482 621 2525 485
642 2484 716 2520 ibi-

55 2550 131 2590 que
150 2539 208 2574 De
237 2538 274 2573 la
300 2537 433 2575 Cerda.

111 2601 254 2658 γνόντα
302 2600 360 2644 ἐπ’
404 2605 516 2652 οἵους
568 2602 718 2656 ἄνδρας

56 2657 344 2715 ἀναγινώσκεις
435 2658 720 2712 στρατεύεσθαι

58 2717 255 2768 βασιλέα]
306 2718 554 2768 Participium
595 2715 718 2770 γνόν-

57 2788 104 2812 τα
145 2787 225 2812 non
272 2773 320 2811 ad
362 2774 606 2811 Mardonium
653 2774 719 2812 sed

59 2829 107 2868 ad
165 2830 396 2869 antecedens
446 2845 535 2870 τινα
591 2832 720 2868 referri

771 1780 865 1816 bum
888 1773 1171 1828 ἀναγινώσκεις
1202 1790 1250 1812 ex
1271 1775 1310 1815 h.
1334 1777 1357 1812 l.
1379 1777 1435 1812 ci—

770 1843 853 1873 tans
881 1833 1056 1870 Eustath.
1091 1833 1140 1870 ad
1160 1834 1203 1869 ll.
1225 1845 1314 1883 pag.
1336 1831 1431 1878 957.

772 1892 825 1933 56
866 1905 897 1928 S·
937 1893 1031 1938 938,
1080 1891 1128 1929 19
1168 1891 1436 1939 interpretatur

772 1945 1021 1992 ἄναπείθεις.
1089 1947 1154 1982 Tu
1195 1944 1273 1984 vid.
1313 1946 1341 1992 Ι,
1382 1947 1435 1985 68

768 2006 898 2057 ibique
918 2009 1013 2040 nott.

1011 2116 1103 2166 Cap.
1133 2117 1202 2155 XI.

829 2202 991 2255 ῥύσεται
1030 2205 1182 2256 μηδένα
1221 2203 1335 2253 ἄξιον
1369 2221 1435 2256 μι-

775 2261 875 2303 σθὸν
913 2263 1081 2314 λαβεῖν]
1132 2263 1324 2300 Articulus
1364 2265 1438 2301 τοῦ

774 2328 860 2358 ante
880 2320 1113 2357 infinitivum
1133 2321 1319 2357 omittitur
1338 2326 1379 2356 ut
1396 2318 1434 2360 h,

772 2377 882 2429 1.ζίιᾶ
911 2377 1032 2413 infra.-
1077 2372 1177 2415 ἄλλα
1221 2376 1369 2416 ποιέειν
1408 2372 1437 2424 ἢ

772 2432 943 2474 παθέειν
966 2432 1172 2485 προκὲεται
1193 2428 1316 2485 οἷγοίν.
1348 2432 1435 2470 Vid.

772 2489 910 2529 Matth.
935 2491 1001 2527 Gr.
1024 2492 1089 2529 Gr.
1118 2503 1205 2541 pag.
1241 2489 1360 2530 1065.
1380 2511 1436 2518 ·-

773 2547 837 2585 Ad
856 2561 968 2586 voces
990 2545 1116 2586 ἐπέων
1133 2547 1311 2597 ματαίων
1334 2546 1434 2582 conf.

774 2612 869 2642 nott.
892 2603 940 2642 ad
961 2605 1041 2652 VH,
1066 2606 1117 2644 10
1148 2605 1186 2649 §.
1208 2606 1246 2643 7.

832 2657 930 2713 μήτε
952 2656 1314 2712 συστρατεύεσθαι]
1354 2659 1436 2693 Eu-

775 2717 932 2756 stathius
952 2715 1047 2754 haec
1071 2717 1188 2753 citans
1210 2714 1258 2751 ad
1287 2715 1329 2753 ll.
1347 2727 1435 2765 pag,

776 2778 870 2823 733,
893 2777 941 2816 31
967 2787 995 2810 s.
1018 2776 1112 2818 626,
1135 2775 1188 2812 30
1201 2770 1436 2822 affertama-

777 2827 979 2871 τεύεσθαι.
1014 2831 1070 2865 De
1091 2829 1193 2865 Part.
1225 2823 1434 2879 μήτε-τε
