1851 3181
111 1003 233 1038 Libycs.
316 937 379 981 71
437 942 638 1000 γεράνων
676 940 824 998 δοράς.

443 221 528 262 556

802 221 1302 259 'HERODOTI

412 336 579 384 Ξροισι,
610 328 764 385 φωνὴν
793 329 840 373 δὲ
870 330 944 373 καὶ
972 331 1163 386 τρίχωμα
1191 334 1379 386 μοῦνον.
1437 332 1482 376 οἱ
1510 331 1590 387 μὲν
1621 330 1706 388 γὰρ
1719 338 1763 375 85

441 395 510 442 ἀπ’
549 396 678 453 ἡλίου
719 398 950 450 Αἰθίοπες,
990 398 1207 455 ἰθύτριχὲς
1246 401 1345 443 εἰσι·
1378 399 1421 441 οἱ
1460 399 1506 444 δὲ
1546 399 1593 443 ἐκ
1629 404 1736 457 τῆς,

411 465 626 522 3Λιβύης,
658 462 898 510 οὐλότατον
928 467 1120 522 τρίχωμα
1149 466 1295 522 ἔχουσι
1323 465 1501 511 πάντων
1528 466 1708 522 ἀνθρώ-

440 549 547 578 πων.
606 526 731 576 οὗτοι
769 534 816 577 δὲ
852 535 895 577 οἱ
932 534 979 577 ἐκ
1007 538 1083 591 τῆς
1111 533 1251 591 Ἀσίης
1272 535 1503 586 Αἰθίοπες,
1544 537 1598 578 τὰ
1629 537 1708 591 μὲν

439 601 554 645 πλέω
594 599 705 643 κατά
743 616 824 656 περ
861 600 991 646 Ἰνδοὶ
1021 602 1272 658 ἐσεσάχατο,
1304 604 1632 658 προμετωπίδια
1662 603 1709 647 δὲ

440 671 589 713 ἵππων
626 665 743 725 εἶχον
781 669 850 713 ἐπὶ
887 673 987 727 τῇσι
1024 675 1259 728 κεφαλῇσι,
1304 670 1388 714 σύν
1425 687 1469 715 τε
1495 676 1608 714 τοῖσι
1626 670 1765 715 ὤσὶ9ο

440 736 737 792 ἐκδεδαρμένα
772 738 847 781 καὶ
885 742 939 795 τῇ
973 741 1134 795 λοφιῇ·
1177 739 1250 782 καὶ
1271 737 1466 794 οἷντὶμὲν
1494 739 1653 795 λόφου,
1682 738 1711 796 ἡ

442 806 574 862 λοφιὴ
609 804 820 862 κατέχρα·
850 805 902 849 τά
934 806 979 849 δὲ
1011 801 1100 849 ὦτα
1119 809 1210 849 τῶν
1239 809 1398 859 ἵππων,
1428 805 1548 861 ὀρθὰ
1576 821 1711 862 πεπη-

439 874 548 930 γότα
591 871 707 930 εἶχον
735 872 1022 930 προβλήματα
1052 873 1097 917 δὲ
1135 873 1228 918 ἄντ’
1262 873 1460 919 ἀσπίδων
1481 875 1710 918 ἐποιεῦντο

384 1146 520 1183 Tzetz.
548 1144 670 1193 Exeg.
699 1141 741 1178 in
778 1139 888 1178 Iliad.
914 1154 953 1191 p.
983 1142 1050 1181 62.

385 1205 426 1244 8.
454 1201 635 1251 Apollon.
665 1200 762 1236 Lex.
781 1200 939 1235 Homer.
960 1210 1050 1248 pag.

385 1259 467 1300 513
489 1258 594 1295 Toll.
613 1257 743 1308 ibique
772 1257 991 1306 Interprett.

441 1313 767 1366 προμετωπίδια]
814 1314 1048 1364 „Frequen-

386 1378 515 1408 tantur
541 1372 582 1407 in
612 1383 800 1422 equorum
827 1376 915 1405 ante
943 1369 1047 1404 fron-

387 1435 468 1464 tem
480 1434 615 1464 ornatu
627 1426 925 1479 προμετωπίδια
947 1424 1049 1475 apud

386 1483 688 1535 Xenophontem
718 1482 814 1532 [vid.
841 1485 938 1523 Lex,
968 1483 1050 1518 Xe-

388 1540 507 1592 noph.
529 1542 583 1577 111
601 1554 690 1591 pacr.
703 1541 826 1589 686]
859 1538 1050 1577 Achillem

388 1599 562 1645 Tatium,
575 1599 778 1634 Aelianum
783 1595 1050 1643 Iamblichum

389 1662 427 1692 et
445 1655 596 1705 plures:
635 1655 676 1690 in
696 1627 874 1689 muliebri
903 1651 1048 1689 mundo

386 1707 538 1761 κόσμος
567 1710 883 1763 προμετωπίδιος
910 1710 1049 1745 Basilio

386 1769 442 1805 M.
467 1769 516 1805 T.
549 1769 586 1804 Π
613 1781 652 1818 p.
683 1767 800 1808 550.
860 1767 1052 1817 Ηὶοπρο-

389 1824 608 1876 μετωπίδια
628 1830 717 1861 sunt
734 1823 855 1874 pelles,
888 1835 1051 1873 equorum

390 1883 565 1932 capitibus
585 1880 767 1918 detractae
777 1884 809 1917 et
829 1881 993 1917 humanis
1005 1879 1054 1916 ad

388 1943 548 1976 terrorem
560 1937 707 1974 indutae
726 1940 759 1974 et
778 1939 934 1988 speciem.
953 1938 1054 1973 Nam

390 1994 496 2047 quod
523 2001 612 2031 ante
642 1995 828 2040 frontem,
850 2007 1056 2044 προμετω-

387 2052 547 2099 πίδιον,
590 2052 702 2103 quale
731 2050 1054 2103 προμετωπίδιον

388 2106 567 2159 κέντρον,
591 2121 666 2160 quo
687 2114 824 2145 natura
845 2108 965 2157 pisces
989 2107 1051 2143 xi-

388 2162 497 2215 phias
527 2165 705 2212 armavit,
744 2165 785 2200 in
823 2164 974 2200 Aeliani
1003 2165 1055 2200 H.

390 2222 439 2257 A.
461 2221 563 2268 XIV,
580 2222 675 2261 26.“
710 2220 988 2269 Wesseling.
1007 2221 1054 2256 In

391 2276 557 2314 eandem
590 2283 760 2313 mentem
790 2278 1056 2327 interpretatur

392 2331 779 2383 Schweighaeuserus
799 2334 837 2369 in
857 2335 953 2369 Lex.
974 2334 1056 2369 He-

391 2390 475 2428 rod.
511 2392 682 2442 itemque
715 2388 950 2436 Larcherus,
989 2390 1057 2440 qui

392 2446 544 2484 cassidis
566 2460 687 2497 genus
716 2447 895 2496 intelligit
915 2459 935 2482 e
956 2446 1055 2496 pelle

393 2505 524 2555 capitis
544 2504 684 2540 bestiae
713 2502 910 2540 cuiusdam
944 2515 1057 2553 para-

393 2568 491 2598 tum.
549 2560 624 2606 Qui
650 2572 740 2597 vero
770 2561 809 2595 in
831 2557 1057 2610 anaglyphis

393 2617 600 2655 Thebaicis
649 2617 933 2667 conspiciuntur
971 2616 1055 2664 viri,

392 2672 468 2711 hoc
507 2674 637 2725 capitis
666 2680 890 2724 tegumento
919 2671 1054 2720 induti,

395 2730 501 2782 quod
520 2731 661 2782 pellem
682 2744 772 2768 cum
787 2730 918 2767 erectis
938 2730 977 2765 in
999 2730 1057 2765 al-

394 2794 480 2824 tum
500 2788 653 2826 auribus
675 2788 832 2836 referat,
862 2785 977 2823 Indos
993 2792 1058 2822 aut

396 2851 497 2881 certe
535 2843 720 2882 Indorum
751 2844 912 2892 accolas,
961 2855 1058 2895 quos

900 943 1063 999 Λίβυες
1105 942 1152 987 δὲ
1194 942 1355 1000 σκευὴν
1394 943 1474 1000 μὲν
1503 943 1711 998 σκυτίνην

1107 1140 1267 1179 Asianos
1302 1140 1510 1192 Aethiopes
1550 1136 1766 1176 Herodotus

1105 1205 1236 1246 vocat,
1257 1198 1416 1235 indicari
1436 1197 1679 1249 probabiliter
1689 1202 1769 1231 sta-

1105 1257 1177 1292 tuit
1205 1257 1369 1294 Heeren.
1404 1254 1535 1292 Ideen.
1565 1255 1613 1301 11,
1635 1255 1768 1302 2pag.

1104 1315 1183 1352 291
1221 1311 1296 1350 hoc
1323 1314 1408 1349 loco
1440 1310 1658 1347 Herodoteo
1678 1320 1768 1345 usus

1107 1376 1145 1405 et
1162 1370 1348 1419 imagines
1367 1370 1454 1406 istas
1467 1367 1671 1404 Thebaicis
1680 1377 1770 1401 mo-

1106 1428 1299 1463 numentis
1327 1426 1532 1476 insculptas
1564 1423 1613 1461 ad
1641 1423 1770 1473 Aegy-

1106 1484 1274 1534 ptiorum
1304 1482 1563 1534 expeditiones
1584 1479 1772 1531 antiquis-

1106 1541 1202 1577 simo
1225 1553 1319 1578 aevo
1339 1541 1380 1576 in
1402 1540 1590 1576 orientem
1617 1537 1771 1573 institu-

1106 1603 1162 1633 tas
1181 1597 1362 1634 referens.
1411 1597 1469 1633 Ac
1490 1595 1655 1646 denique
1678 1604 1768 1629 cum

1106 1652 1180 1690 hoc
1190 1653 1373 1691 Herodoti
1383 1654 1468 1690 loco
1480 1651 1611 1688 Naeke
1624 1648 1772 1699 (Choe-

1106 1711 1165 1747 ril.
1186 1711 1367 1760 fragmm.
1388 1722 1476 1760 pag.
1492 1707 1590 1757 145)
1611 1717 1773 1756 compa-

1108 1773 1185 1814 rat,
1218 1780 1315 1818 quae
1337 1764 1533 1803 Choerilus
1555 1763 1602 1800 de
1621 1762 1772 1799 Iudaeis

1109 1823 1328 1874 praedicat:
1363 1837 1491 1872 αυταρ
1509 1817 1712 1888 ὕπερθεν
1703 1818 1773 1858 ι’π-

1109 1895 1198 1919 πων
1235 1876 1359 1930 δαρτα
1391 1872 1572 1931 πρόσωπ’
1598 1873 1772 1928 ἐφόρευν

1111 1936 1328 1987 ἐσκληκότα
1338 1951 1478 1986 καπνῳ
1500 1933 1602 1985 apud
1622 1930 1778 1984 Ioseph.

1111 2008 1145 2031 c.
1166 1995 1307 2045 Apion.
1323 1995 1341 2029 Ι
1360 2008 1400 2045 p.
1421 1990 1504 2034 454
1517 1992 1603 2029 Vol.
1623 1991 1673 2027 Π.
1694 1991 1776 2026 Ha-

1110 2064 1305 2102 vercamp.
1326 2072 1383 2078 —
1438 2048 1502 2085 Ad
1521 2049 1683 2086 verbum
1702 2061 1778 2086 κα-

1109 2107 1225 2158 τέχρα
1254 2106 1332 2146 vid.
1362 2104 1500 2143 Matth.
1539 2106 1606 2142 Gr.
1637 2105 1704 2141 Gr.
1735 2103 1775 2148 §.

1110 2164 1192 2205 255
1222 2177 1311 2215 pag.
1339 2162 1420 2204 497
1452 2169 1490 2199 et
1510 2161 1559 2199 ad
1591 2155 1775 2212 προβλή-

1108 2237 1213 2272 ματα
1232 2221 1334 2258 conf.
1354 2220 1417 2267 IV,
1442 2217 1534 2260 175.
1592 2219 1671 2254 Nec
1702 2217 1776 2253 ali-
1833 2261 1836 2264 ἢ

1111 2285 1169 2315 ter
1188 2277 1283 2314 haec
1313 2290 1390 2314 vox
1417 2274 1627 2325 defensionis
1646 2273 1774 2310 notio-

1111 2348 1161 2370 ne
1196 2333 1299 2384 apud
1332 2331 1512 2383 Aeschyl.
1549 2331 1591 2368 S.
1631 2344 1664 2368 c.
1693 2327 1773 2368 Th.

1112 2391 1193 2431 536
1225 2397 1262 2426 et
1294 2393 1398 2437 673,
1439 2389 1506 2425 ubi
1534 2386 1608 2425 vid.
1639 2387 1774 2423 Blom-

1111 2446 1213 2484 field.
1234 2448 1273 2483 in
1295 2447 1456 2485 Glossar.
1489 2443 1538 2482 ad
1565 2451 1773 2496 utrumque

1109 2503 1253 2542 locum.

1319 2593 1412 2645 eap.
1440 2592 1583 2631 Lxx1.

1167 2672 1351 2724 Λίβυες]
1401 2671 1487 2711 Vid.
1517 2677 1614 2709 nott.
1634 2669 1683 2708 ad
1705 2669 1773 2717 111,

1112 2729 1179 2770 91.
1203 2730 1288 2778 Qui,
1309 2736 1351 2766 ut
1360 2730 1459 2780 Mysi
1474 2730 1552 2777 VH,
1566 2726 1634 2776 74,
1655 2733 1772 2764 utun-

1113 2792 1176 2822 tur
1194 2787 1328 2824 iaculis
1337 2782 1584 2825 ἐπικαύτοισι
1603 2785 1629 2821 i.
1650 2796 1685 2819 e.
1700 2781 1774 2819 ad·

1111 2845 1214 2892 ustis,
1239 2844 1427 2896 praeustis,
1447 2849 1490 2879 ut
1517 2839 1693 2890 Virgilius
1713 2838 1772 2874 Ιο-
