1834 3258
532 181 831 221 ERATO.
890 181 965 220 VI.

1303 182 1388 222 295

130 297 327 355 βασιλέας
354 292 476 348 μέχρι
504 292 581 347 μὲν
613 289 804 346 Περσέος
832 293 913 333 τοῦ
942 289 1146 346 Δανάης,
1173 291 1256 332 τοῦ
1275 292 1387 333 θεοῦ

131 363 360 415 ἀπεόντος,
390 360 759 416 καταλεγομένους
783 358 931 412 ὀρθῶς
948 358 1035 402 ὑπὸ
1054 355 1283 413 Ἑλλήνων,
1313 356 1388 400 καὶ

131 428 528 484 ἀποδεικνυμένους
570 428 629 480 ὥς
665 429 745 470 εἰσι
766 425 1009 483 ‘'mames-⁷
1031 425 1115 482 ἤδη
1154 423 1236 481 γάρ
1265 440 1387 479 τηνι-

101 504 273 544 manha
313 499 355 549 ές
383 497 595 552 ΓΈλληνας
633 489 757 539 οὗτοι
797 494 976 537 ἐτέλεον.
1022 493 1140 545 ἔλεξα
1173 493 1240 544 δὲ,
1267 492 1445 548 μέχριΞΟ

129 567 346 622 Περσέος,
375 567 504 608 τοῦδε
535 565 698 616 εἵνεκα,
725 560 821 606 ἀλλ’
852 561 932 605 οὐκ
964 561 1177 604 ἀνέκαθεν
1207 561 1268 604 ἔτι
1296 560 1389 603 ἕλα-

127 637 230 691 βον,
265 633 332 678 ὅτι
363 632 446 676 οὐκ
477 633 615 676 ἔπεστι
645 631 866 686 ἐπωνυμίη
898 629 1061 683 Περσέι·
1100 628 1281 685 οὐδεμία
1310 642 1389 671 πα-

126 702 230 757 τρὸς
258 705 447 756 θνητοῦ,
480 699 622 753 ὥσπερ
647 697 850 754 Ἡρακλέϊ
872 696 1161 754 Ἀμφιτρύων.
1216 695 1298 752 ἤδη
1328 691 1390 738 οἷν

126 769 250 826 ὀρθῷ
287 767 401 826 λόγῳ
439 767 691 826 χρεωμένῳ,
728 765 852 822 μέχρι
890 768 972 808 τοῦ
1012 764 1205 818 Περσέος
1243 762 1391 816 ὀρθῶς

97 838 295 892 3εἵρηταί
325 853 411 892 μοι.
455 834 540 879 ἀπὸ
573 836 619 880 δὲ
646 834 848 889 Δανάης,
878 838 953 889 τῆς
976 830 1220 886 Ἀκρισίου,
1259 847 1388 874 κατα-

127 906 298 960 λέγοντι
337 903 439 956 τοὺς
479 903 570 947 ἄνω
613 905 696 947 αιέὶ
725 902 912 957 πατέρας
943 899 1109 954 αὐτῶν,
1150 900 1385 956 φαινοίατο
1399 904 1445 940 25

129 972 184 1017 ἂν
213 973 355 1024 ἐόντες
382 974 426 1016 οἱ
453 975 543 1015 τῶν
572 971 780 1026 Δωριέων
809 970 1014 1026 ἡγεμόνες
1033 969 1268 1024 Αἰγύπτιοι
1295 969 1392 1010 ἰθα-

126 1041 279 1096 γενέες.
336 1042 472 1084 ταῦτα
500 1039 581 1096 μέν
609 1055 718 1093 νυν,
758 1038 869 1083 κατὰ
903 1035 1177 1093 τάἽῧλληνες
1206 1034 1393 1091 λέγουσι,

70 1222 301 1253 structuram
335 1215 411 1253 loci
450 1212 732 1266 expediendam

72 1286 122 1308 ex
151 1271 458 1309 antecedentibus
499 1270 732 1309 subaudien-

35 1376 43 1381 ,
75 1328 166 1375 dum
187 1325 484 1382 opinorypoftpw,
509 1342 530 1366 a
549 1342 624 1381 quo
636 1342 733 1379 pen-

77 1384 189 1423 deant
209 1387 411 1424 accusativi
420 1385 734 1435 βασιλέας-κα-

75 1442 355 1495 ταλεγομένους
367 1441 434 1482 καὶ
447 1437 736 1492 ἀποδεικνυμέ-

76 1514 183 1546 νους.
258 1502 363 1537 Haec
409 1501 512 1536 enim
549 1498 734 1535 Herodoti

75 1557 282 1594 sententia:
338 1556 441 1605 „Hos
471 1558 562 1593 enim
597 1556 734 1593 Dorum

76 1625 173 1661 reges
208 1612 221 1664 (
233 1614 355 1650 scribo
378 1612 584 1665 equidem)
625 1625 734 1662 usque

77 1669 125 1706 ad
151 1669 315 1708 Perseum
338 1674 428 1707 recte
459 1684 482 1707 α
504 1671 652 1707 Graecis
674 1681 733 1706 re-

78 1728 205 1764 censeri
248 1730 282 1764 et
321 1728 469 1777 probari
494 1728 647 1779 Graecos
682 1739 736 1762 eos

76 1795 156 1822 esse.
193 1784 339 1829 Verbis,
359 1785 433 1823 τοῦ
460 1785 566 1822 θεοῦ
590 1779 738 1821 ἀπεόν-

77 1854 162 1887 τος,
192 1840 218 1877 1.
251 1853 284 1878 e.
313 1839 374 1876 deo
392 1842 430 1876 in
441 1841 560 1877 seriem
587 1852 656 1876 non
682 1852 736 1875 re-

79 1895 154 1932 lato
177 1909 206 1932 s.
236 1896 294 1933 dez·
322 1898 453 1933 nomine
480 1897 735 1946 praetermisso,

80 1958 122 1988 ut
151 1952 266 2002 vulgo
289 1952 604 2002 interpretantur,
633 1949 738 1986 indi-

80 2020 164 2045 care
190 2009 272 2046 vult
300 2009 457 2055 Noster,
493 2009 632 2044 Perseo
657 2019 738 2043 11011

77 2065 190 2105 ¹inisse
206 2069 343 2115 patrem
363 2064 560 2111 mortalem,
584 2064 738 2116 qualem

17 2122 20 2127 “
76 2122 248 2173 plerique
267 2120 401 2158 heroes
417 2119 590 2158 habuisse
603 2121 737 2156 ferun-

76 2185 151 2215 tur.
217 2179 320 2216 Eum
360 2178 463 2214 enim
495 2179 537 2214 111
574 2175 737 2217 modum

76 2235 156 2286 ipse
195 2237 330 2272 Noster
367 2235 482 2285 paulo
515 2241 600 2285 post
638 2232 734 2270 haec

77 2292 193 2330 verba
211 2293 491 2342 interpretatur.
549 2292 737 2328 Perseum.

78 2355 208 2385 autem
234 2349 350 2398 vulgo
386 2347 541 2385 tradunt
569 2349 668 2384 Iovis
699 2353 737 2384 et

81 2406 227 2441 Danaes
241 2404 361 2441 filium
374 2418 465 2442 esse.
494 2407 551 2441 De
566 2406 643 2441 eius
658 2405 737 2440 ori-

83 2463 168 2510 giue
189 2462 426 2513 Aegyptiam
445 2460 521 2500 vid.
542 2462 590 2509 II,
604 2463 669 2502 91.
683 2483 734 2487 -

83 2518 250 2554 Verbum
269 2520 391 2556 τελεῖν
403 2514 657 2570 (annumerari,
667 2530 735 2554 ac-

84 2577 228 2625 censeri)
251 2576 441 2624 attigimus
462 2574 510 2611 ad
527 2576 593 2621 III,
605 2572 670 2614 34.
685 2597 734 2601 -ψ

83 2633 127 2667 111
141 2632 310 2682 proxime
322 2644 427 2683 seqq.
439 2645 506 2682 pro
522 2626 596 2670 οὐκ
608 2629 738 2669 ἔπεστι

79 2689 204 2739 ‚Marg.
224 2686 358 2739 steph.
382 2683 454 2727 οὐκ
474 2686 565 2734 ἔστι,
584 2687 739 2723 fortasse

87 2758 136 2782 ex
167 2744 338 2782 Eustath.
380 2743 474 2781 haec
514 2745 652 2780 citante
690 2741 739 2778 ad

86 2801 194 2840 Iliad.
214 2816 252 2854 p.
280 2803 385 2852 989,
414 2803 467 2842 20
495 2814 525 2839 3.
558 2801 652 2848 982,
675 2800 740 2840 12.

789 1208 956 1264 οὐδεμία
977 1209 1087 1258 dedi,
1117 1217 1160 1247 ut
1189 1223 1358 1260 semper,
1380 1222 1450 1260 pro

791 1264 960 1321 οὖδεμίη
974 1299 984 1316 ,
1008 1275 1044 1305 et
1063 1268 1177 1318 paulo
1198 1268 1353 1304 inferius
1374 1261 1450 1305 αὖ·-

789 1328 870 1366 τῶν
889 1339 958 1378 pro
981 1320 1144 1365 αὐτέων.

850 1401 966 1460 ὀρθῷ
985 1399 1084 1457 λόγῳ
1096 1400 1321 1456 χρεωμένῳ]
1339 1400 1451 1438 conf.

790 1463 837 1509 V,
868 1464 921 1503 87
955 1462 1046 1513 ibiq.
1067 1468 1164 1497 nott.
1221 1461 1315 1496 Mox
1334 1470 1450 1508 repo-

789 1521 848 1556 sui
864 1533 884 1555 e
904 1519 1072 1556 Florent.
1094 1519 1251 1569 aliisque
1272 1528 1363 1553 cum
1382 1527 1447 1550 re-

790 1582 907 1614 centt.
958 1575 1109 1626 εἴρηται
1154 1587 1223 1625 pro
1265 1570 1449 1621 εἰρέαται,

791 1632 896 1685 quod
924 1631 1029 1669 idem
1050 1633 1165 1668 etiam
1185 1632 1256 1678 VI,
1279 1629 1331 1670 55
1352 1640 1452 1664 unus

793 1688 917 1727 codex
951 1688 1083 1736 affert,
1130 1687 1309 1740 quodque
1347 1684 1452 1721 idem

791 1747 873 1795 VII,
901 1748 967 1794 81,
1001 1748 1069 1786 96.
1098 1746 1162 1793 IV,
1198 1747 1273 1785 181
1298 1743 1449 1791 legitur.

791 1804 844 1840 At
875 1802 1025 1854 εἴρηται
1061 1803 1101 1838 111
1131 1802 1307 1838 omnibus
1347 1798 1451 1834 libris

791 1860 931 1909 legitur
955 1859 1037 1905 vn,
1059 1859 1125 1897 83.
1148 1860 1214 1897 93.
1236 1858 1302 1896 99.
1342 1851 1450 1890 Bek—

792 1915 877 1952 ker.
916 1913 1021 1955 dedit
1059 1911 1242 1963 εἰρέαται.
1300 1910 1362 1947 Ad
1393 1921 1448 1957 ea,

795 1984 894 2023 quae
924 1976 1155 2022 sequuntur:
1188 1963 1267 2008 ἀπὸ
1297 1964 1340 2006 δὲ
1367 1970 1452 2005 Λα·-

793 2024 897 2078 νοέης
916 2029 986 2077 τῆς
1001 2022 1200 2078 Ἀκρισίου
1227 2040 1262 2063 κ.
1285 2038 1317 2062 τ.
1338 2026 1371 2062 λ.
1401 2023 1452 2060 cf.

792 2083 986 2121 Plutarch.
1008 2084 1045 2119 ΙΙ
1073 2096 1112 2133 p.
1152 2080 1233 2123 857
1265 2082 1312 2117 Ε.
1371 2080 1452 2117 Vo-

793 2154 879 2178 cem
901 2136 1095 2192 ἰθαγενής
1115 2139 1222 2189 attigi
1248 2136 1296 2174 ad
1311 2138 1358 2185 Π,
1383 2139 1450 2176 17,

793 2199 926 2235 Glossa
966 2194 1186 2233 Herodotea
1223 2193 1349 2231 reddit
1409 2193 1452 2232 οἵ

788 2251 949 2309 γνήσιοι
967 2253 1120 2299 παῖδες.

847 2340 947 2383 notro}
975 2338 1233 2392 τοῖ”Έλληνες
1263 2338 1450 2393 λέγουσι]

791 2403 838 2438 Ι11
852 2400 911 2438 his
932 2401 1071 2439 struve
1088 2400 1200 2450 Spec.
1217 2398 1235 2433 I
1249 2411 1287 2448 p.
1307 2398 1359 2436 36
1381 2394 1452 2432 de«

791 2459 915 2496 lettnn
933 2458 1016 2496 vult
1032 2471 1053 2494 τ
1066 2453 1089 2495 οἳ
1104 2485 1113 2503 ,
1146 2468 1236 2492 cum
1255 2449 1353 2493 κατοῖ
1375 2465 1451 2503 po·-

790 2517 909 2559 ,situm
927 2515 974 2551 sit
993 2525 1061 2564 pro
1084 2507 1177 2551 καθ’
1198 2507 1236 2550 ἅ.
1295 2508 1380 2547 vid.
1403 2508 1447 2554 V,

793 2574 861 2612 89.
886 2573 979 2612 112.
998 2571 1062 2617 VI,
1084 2570 1151 2609 88.
1169 2568 1294 2605 Verbo
1314 2579 1451 2618 ysvs‘rl-⁴

794 2630 924 2680 λογεῖν
959 2623 1151 2678 (ονιξίηεηι
1178 2626 1336 2673 generis,
1365 2622 1451 2658 slir—

789 2686 849 2737 pis
888 2682 1082 2732 recensere)
1127 2681 1324 2732 aliquoties
1371 2678 1452 2713 No-

794 2747 870 2778 ster
896 2742 1035 2778 utitur:
1075 2739 1124 2786 11,
1155 2740 1221 2778 91.
1246 2735 1338 2776 143.
1363 2730 1455 2774 146.

794 2798 862 2847 111,
892 2797 960 2839 75.
