1789 3213
383 142 856 182 POLYMNIA.
911 141 1015 182 VII.

1251 139 1337 181 715
1401 103 1425 126 ”

82 249 356 298 στεινότατον
373 254 448 308 τῆς
466 251 607 309 χώρης
625 253 700 308 τῆς
719 249 868 307 ἄλλης,
909 247 997 294 ἀλλ’
1039 247 1255 305 ἔμπροσθέ
1292 262 1338 291 τε

85 319 403 377 Θερμοπυλέων
429 320 504 365 καὶ
534 319 708 366 ὄπισθε·
737 318 849 365 κατά
876 334 923 363 τε
946 315 1200 375 Ἀλπηνοὺς,
1232 313 1336 361 ὄπι-

22 564 124 591 rum.
169 550 259 601 (cf,
291 551 482 587 Mannert.
501 550 571 587 VII
589 562 680 601 pag.

23 608 139 660 620.)
181 609 240 646 Ibi
262 607 367 644 enim
384 613 535 644 montes
555 608 681 644 utrin-

22 678 98 719 que
132 665 302 702 maxime
349 665 680 716 appropinquant3

22 722 91 775 qui
103 728 235 759 tamen
264 733 356 759 cum
375 722 546 772 superari
566 721 676 759 facile

20 778 464 831 potuerint,intelligitur,
476 791 544 815 cur
555 779 677 815 Grae-

22 838 59 874 ci
78 849 124 873 eo
143 837 228 873 loco
253 836 454 873 subsistere
469 836 676 882 noluerint,

21 891 90 931 sed
121 893 294 930 faucibus
324 893 397 929 illis
418 891 606 929 derelictis
626 890 676 928 ad

22 950 121 1001 ipsas
141 950 248 1001 pylas
275 947 425 999 regredi
453 950 679 997 maluerint,-

24 1019 123 1058 quae
141 1007 208 1042 ubi
227 1011 440 1042 exstructae
470 1012 597 1053 erant,
632 1006 679 1041 ab

23 1063 142 1100 altera
168 1069 276 1113 parte
304 1062 510 1099 imminent
529 1069 681 1099 montes

21 1119 237 1171 praerupti,
257 1118 304 1154 ab
321 1118 439 1155 altera
465 1118 625 1170 paludes
645 1125 682 1155 et

22 1182 159 1227 stagna
194 1173 455 1213 extenduntur
493 1174 542 1212 ad
572 1188 682 1212 mare

23 1246 167 1285 usque,
207 1233 259 1270 ita
285 1238 328 1269 ut
356 1245 434 1269 uno
467 1239 568 1269 certe
596 1233 682 1269 loco

22 1291 92 1329 vix
129 1290 328 1339 sexaginta
369 1302 550 1340 passuum
588 1295 684 1326 esset

22 1346 202 1384 transitus
222 1353 315 1383 teste
334 1347 444 1383 Livio
468 1344 568 1395 (loco
589 1359 685 1383 mox

23 1401 236 1453 laudando)
267 1403 449 1454 ipsaeque
468 1415 583 1440 naves
604 1415 686 1439 non

23 1461 98 1498 nisi
107 1460 228 1496 fluctu
240 1460 355 1496 maris
366 1460 538 1496 maximo
555 1460 686 1496 omnia

25 1517 231 1568 obtegente
254 1523 292 1554 et
321 1515 544 1553 exundante
573 1529 686 1553 acce—

25 1572 117 1610 dere
136 1580 303 1624 possent.
361 1574 433 1610 Hic
454 1573 577 1610 fontes
592 1585 685 1623 pro-

24 1631 156 1668 siliunt
185 1629 309 1678 calidi,
330 1627 425 1667 haec
437 1642 549 1667 verae
561 1628 685 1666 Ther-

25 1687 206 1739 mopylae
255 1684 504 1724 Trachiniam
525 1716 535 1735 ,
586 1699 684 1738 quae

27 1742 248 1782 Thessaliae
267 1743 511 1792 adscribitur,
555 1746 685 1780 seiun-

27 1808 160 1851 gentes
181 1813 203 1837 a
221 1803 433 1837 Locrorum
462 1798 581 1848 terra3
622 1798 685 1836 hic

25 1870 159 1895 murus
190 1870 211 1893 a
240 1855 500 1894 Phocensibus
536 1863 686 1892 exstru-

27 1921 123 1962 ctus,
174 1914 240 1965 qui
278 1914 331 1950 ibi
371 1927 460 1950 cum
491 1911 685 1950 Thessalis

29 1970 122 2007 olim
158 1977 398 2021 pugnarunt3
447 1969 510 2006 hic
550 1971 687 2006 Graeci

27 2039 118 2063 cum
136 2028 271 2074 Persis,
302 2027 428 2064 Aetoli
450 2039 539 2063 cum
556 2028 688 2063 Mace-

28 2082 203 2132 donibus,
241 2082 454 2120 Antiochus
491 2096 581 2120 cum
607 2085 687 2120 Ro-

28 2141 167 2186 manis,
207 2140 343 2177 Graeci
393 2153 483 2177 cum
532 2141 687 2177 Brenno

28 2203 271 2247 pugnarunt,
294 2198 388 2249 quin
407 2197 529 2233 multo
551 2204 635 2247 post
652 2204 688 2234 et

29 2254 164 2290 Hunni
181 2260 218 2290 et
237 2254 369 2303 Turci,
383 2251 480 2290 duce
491 2252 686 2302 Baiazeth,

30 2323 100 2361 per
130 2308 198 2346 has
227 2309 354 2348 fauces
395 2311 596 2348 Graeciam
625 2312 689 2347 in-

30 2372 226 2405 vaserunt.
303 2367 438 2405 Omnis
478 2368 583 2417 regio
598 2397 607 2415 ‚
657 2368 687 2404 si

31 2421 222 2460 Dodwell.
246 2421 372 2471 (Reise
400 2423 438 2461 d.
468 2422 620 2461 Griech.
640 2426 688 2473 II,

36 2483 57 2520 1
81 2492 168 2530 cap.
201 2481 251 2520 18
272 2493 310 2529 p·
335 2478 414 2519 134
434 2493 513 2532 seq.
529 2480 688 2518 ed.ver-

33 2535 162 2585 nacc.)
184 2533 327 2582 audias,
348 2535 591 2573 laetissimam
614 2535 690 2574 ho-

36 2591 174 2646 dieque
195 2592 350 2642 praebet
378 2593 544 2642 speciem
575 2599 689 2644 atque

37 2649 87 2687 ob
115 2649 257 2686 multos
300 2648 424 2685 fontes
464 2648 691 2687 fertilissIma

39 2712 106 2753 est,
126 2705 320 2743 montibus
338 2706 547 2756 praeruptis
569 2706 692 2743 cincta

39 2762 154 2814 sylvis
180 2762 400 2815 campisque
436 2759 692 2814 pulcherrime

737 547 935 598 distincta3
958 548 1013 586 ita
1031 554 1074 585 ut
1093 547 1160 586 vix
1180 546 1394 601 quidquam

736 605 938 644 desideres.
997 604 1086 642 Vid.
1114 606 1236 642 Kruse
1266 607 1396 644 Hellas

734 665 783 712 Π,
804 666 831 704 2
852 675 937 714 pag.
963 664 1042 703 132
1053 675 1133 714 seq.
1173 661 1285 707 Quod
1303 676 1395 700 vero

737 718 876 758 Clarke
895 720 1094 770 regionem
1116 719 1255 756 clamat
1265 720 1397 756 omni-

733 791 802 815 um
823 791 901 815 esse
921 777 1259 814 insaluberrimam
1280 783 1398 828 atque

733 833 1006 881 foedissimam,
1023 834 1063 869 in
1078 832 1153 885 qua
1163 845 1279 869 nemo
1291 835 1398 885 quis-

735 905 865 943 quam,
877 892 949 929 nisi
969 891 1043 927 loci
1055 889 1241 926 memoria
1251 897 1398 940 captus,

737 948 876 986 diutius
896 949 1122 985 immoretur
1142 945 1261 996 (Vid.
1291 947 1398 984 Vau-

738 1005 935 1044 doncourt.
974 1002 1163 1043 Schilder.
1215 1002 1254 1040 d.
1287 1001 1398 1045 heut,

738 1060 954 1099 Griechenl.
987 1075 1027 1112 p.
1061 1059 1177 1108 284),
1209 1059 1250 1097 id
1279 1061 1401 1111 perti-

737 1126 803 1156 net
831 1132 911 1155 non
943 1125 1024 1155 tam
1059 1116 1108 1154 ad
1127 1118 1227 1167 ipsos
1247 1124 1399 1155 montes

738 1176 946 1227 faucesque
1030 1172 1399 1224 Thermopylarum,

742 1245 858 1284 quam
891 1230 939 1268 ad
969 1228 1145 1281 Sperchii
1172 1230 1279 1267 fluvii
1315 1231 1401 1268 val-

739 1290 818 1326 lem
854 1289 1101 1334 inferiorem,
1150 1299 1248 1338 quae
1288 1287 1401 1324 latior

740 1347 928 1397 paulatim
966 1351 1163 1395 patescens
1204 1344 1245 1379 in
1280 1344 1401 1393 aperti

742 1404 868 1453 campi
887 1402 1053 1438 formam
1072 1401 1160 1446 exit,
1182 1401 1403 1450 planitiem-

743 1473 818 1511 que
832 1458 957 1506 efficit‚
978 1459 1077 1494 inter
1090 1457 1314 1493 Zeitunium
1330 1470 1403 1508 op-

742 1515 879 1567 pidum
900 1522 1014 1567 atque
1038 1512 1320 1565 Thermopylas
1342 1515 1402 1550 la-

739 1572 903 1610 titudine
932 1573 1045 1608 unius
1083 1571 1235 1607 milliar.
1267 1583 1401 1621 geogr.

741 1637 779 1667 et
810 1627 914 1682 quod
935 1628 1125 1674 excurrit,
1154 1640 1175 1663 a
1204 1628 1402 1664 Maliensi-

739 1688 810 1724 bus
841 1687 934 1723 olim
960 1684 1204 1729 habitatam,
1240 1691 1276 1720 et
1295 1697 1401 1721 nunc

739 1742 851 1781 valde
882 1749 1100 1788 extensam,
1121 1747 1267 1777 mutata
1287 1742 1402 1778 totius

740 1800 906 1849 regionis
935 1797 1065 1835 indole
1093 1796 1190 1846 (vid.
1225 1804 1322 1838 nott.
1352 1796 1401 1834 ad

740 1858 822 1903 VII,
846 1855 958 1905 198).
1016 1856 1120 1890 Haec
1140 1854 1266 1903 regio,
1302 1867 1402 1906 quae

741 1913 856 1950 maris
872 1910 1114 1962 superficiem
1125 1909 1324 1947 altitudine
1336 1911 1402 1948 vix

742 1975 894 2020 superat
911 1997 921 2016 ,
951 1966 1111 2004 humida
1140 1974 1194 2004 est
1223 1980 1266 2004 ac
1287 1968 1401 2018 palu-

744 2025 855 2074 dosa3
886 2025 1087 2077 quotannis
1108 2024 1187 2061 fere
1217 2023 1402 2061 inundata

741 2082 909 2134 indeque
920 2082 1090 2118 maxime
1106 2088 1296 2131 stagnans.
1316 2082 1402 2118 Un-

745 2139 792 2177 de
822 2152 908 2186 aer,
939 2139 1078 2175 aestivo
1107 2138 1278 2174 maxime
1305 2144 1405 2174 tem-

743 2209 848 2248 pore,
872 2202 1069 2246 corruptus
1089 2201 1126 2231 et
1142 2195 1314 2242 nocivus,
1336 2195 1403 2245 qui

743 2254 908 2304 regionis
940 2253 1083 2289 incolas
1115 2252 1282 2288 multum
1304 2251 1405 2288 affli-

744 2312 812 2361 git.
881 2308 960 2347 Sed
1006 2322 1126 2360 prope
1165 2309 1402 2356 Zeitunium,

744 2368 811 2404 ubi
827 2367 935 2403 altior
954 2373 1052 2403 terra
1075 2372 1111 2401 et
1130 2366 1275 2412 siccior,
1296 2365 1402 2415 regio

743 2424 972 2461 feracissima
1023 2422 1199 2458 omnium
1228 2421 1308 2457 fere
1339 2434 1403 2457 re-

745 2494 855 2528 rum,
903 2478 1116 2530 eademque
1156 2478 1403 2514 saluberrima

745 2538 1066 2586 laetissimamque
1094 2535 1279 2584 praebens
1313 2547 1404 2583 spe-

746 2596 856 2635 ciem.
914 2591 1001 2630 vid.
1041 2589 1199 2640 Kriegk.
1228 2592 1286 2627 De
1316 2591 1404 2626 Ma-

745 2652 872 2688 lienss.
901 2649 1008 2699 Disp.
1036 2659 1169 2698 geogr.
1185 2660 1223 2698 p.
1247 2648 1311 2687 18.
1336 2648 1402 2686 19.

804 2700 888 2746 ἀλλ’
920 2701 1122 2756 ἔμπροσθέ
1166 2717 1208 2742 τε
1250 2704 1404 2755 Θερμο-

748 2761 906 2804 πυλέων
927 2759 996 2802 καὶ
1030 2757 1209 2811 ὄπισθε]
1255 2758 1404 2813 ἔμπρο-
