1815 3181
277 344 343 389 53

400 164 458 204 86

803 162 1268 199 HERODOTI

400 274 496 326 μῶν
524 271 736 313 τοσαῦταί
773 272 855 313 εἰσι
894 270 940 314 ἐκ
970 271 1179 324 Σαρδίων
1217 271 1261 322 ές
1290 274 1447 314 Σοῦσα
1486 267 1666 326 ἀναβαί-

401 356 537 383 vovit.

597 339 653 380 Εἰ
682 339 728 380 δὲ
759 337 906 393 ὀρθῶς
936 339 1194 396 μεμέτρηται
1223 337 1250 395 ἡ
1281 338 1384 389 ὁδός
1405 338 1432 394 ἡ
1459 340 1664 395 βασιληίη

405 411 518 449 τοῖσι
539 404 847 463 παρασάγγῃσι
861 439 871 459 ,
902 407 976 450 καὶ
997 406 1020 451 ὁ
1041 408 1323 462 παρασάγγης
1343 405 1527 450 δύναται
1549 404 1664 462 τριή-

403 491 537 518 κοντα
566 471 744 522 στάδια,
789 474 933 532 ὥσπερ
975 470 1108 527 οὗτός
1135 491 1183 530 γε
1214 474 1400 518 δύναται
1428 476 1586 523 ταῦτα,
1618 472 1666 516 ἐκ

403 542 611 596 Σαρδίων
641 540 797 586 στάδιά
826 542 914 586 ἐστι
955 541 998 593 ἐς
1034 542 1088 585 τοὶ
1119 543 1322 599 βασιλήϊα
1350 541 1403 585 τὰ
1433 538 1667 595 Μεμνόνια

403 608 669 664 καλεόμενα,
719 608 984 654 πεντακόσια
1036 611 1110 653 καὶ
1147 612 1359 666 τρισχίλια
1403 609 1477 653 καὶ
1515 605 1722 662 μύρια,45

403 675 723 731 παρασαγγέων
752 677 913 722 ἐόντων
951 676 1220 733 πεντήκοντα
1255 678 1329 721 καὶ
1357 677 1663 731 τετρακοσίων.
1721 672 1803 712 398

375 743 674 797 Ξπεντήκοντα
704 745 750 789 δὲ
789 746 861 789 καὶ
905 744 1060 789 ἑκατὸν
1095 745 1251 789 στάδια
1281 743 1349 788 ἐπ’
1392 743 1528 802 ἡμέρῃ
1563 743 1665 788 ἑκά-

403 824 483 869 στῃ
514 813 742 866 διεξιοῦσι,
785 811 1122 869 ἀναισιμοῦνται
1159 811 1318 869 ἡμέραι
1351 812 1512 868 ἀπαρτὶ
1551 812 1665 856 ἐννε-

347 1002 427 1024 ren.
443 987 574 1025 Ideen.
593 989 623 1035 Ι,
646 989 670 1028 3
688 1000 776 1038 pag.
797 987 904 1035 402,
935 986 1005 1024 3(1-

348 1043 424 1081 11110
445 1058 536 1081 sane
558 1044 707 1081 definiri
740 1051 927 1096 nequeat,
965 1044 1007 1080 in

347 1102 515 1138 numeris
548 1101 704 1151 singulis
740 1099 1006 1151 computandis

347 1171 443 1194 num
465 1159 545 1209 ipse
574 1156 790 1194 Herodotus
817 1157 930 1194 fuerit
949 1158 1008 1194 la-

347 1228 449 1266 psus,
463 1227 513 1250 an
527 1215 769 1251 librariorum
785 1214 919 1265 culpae
933 1212 1008 1250 1100

348 1270 596 1308 tribuendum
605 1272 664 1311 sit.
694 1269 903 1316 Quodvero
917 1269 1007 1307 huic

351 1327 516 1365 defectui
543 1328 596 1365 ita
624 1328 793 1364 succurri
811 1340 921 1378 posse
932 1340 1008 1378 pu-

350 1391 433 1421 tant
445 1414 454 1431 ,
483 1391 551 1433 ut,
570 1385 638 1421 ubi
657 1383 872 1420 Herodotus
892 1396 1008 1420 man-

350 1441 474 1478 siones
494 1441 535 1477 in
552 1442 811 1478 Matieuorum
827 1440 927 1481 terr-<⁴1
945 1442 1009 1476 in-

352 1496 476 1544 dicat,
516 1498 705 1535 nonnulla
737 1496 920 1534 excidisse
940 1510 1008 1534 su-

349 1567 523 1601 mamus,
569 1555 623 1591 510
652 1554 732 1590 fere
769 1553 1005 1605 supplenda:

354 1610 529 1661 σταθμοί
584 1610 660 1649 εἰσι
703 1607 878 1660 τέσσερες
918 1608 1007 1650 καὶ

352 1662 593 1718 τριήκοντα,
657 1678 916 1732 παρασαγγαι
965 1663 1008 1706 δὲ

353 1720 451 1762 ἑπτα
481 1721 549 1762 καὶ
576 1718 790 1774 τριήκοντα
822 1738 890 1762 και
915 1721 1009 1762 ἕκα-

351 1794 444 1827 τον,
490 1785 534 1815 ut
574 1780 654 1816 5011.
685 1777 941 1817 stathmorum
973 1786 1011 1815 et

351 1848 650 1886 parasangarum
703 1849 887 1872 numerus
945 1849 1011 1872 ro-

353 1891 536 1928 tundetur
596 1891 724 1944 (quae
775 1892 848 1929 fuit
896 1893 1012 1928 etiam

353 1949 412 1984 De
442 1949 479 1984 la
508 1949 646 1995 Barre,
700 1949 802 1986 Galli
833 1947 935 1985 docti
971 1949 1013 1985 in

353 2003 475 2041 Acad.
497 2003 543 2041 de
557 2004 730 2056 Inscript.
752 2006 904 2042 T.V111
923 2018 1012 2056 pag.

355 2060 435 2101 343
458 2060 688 2109 sententia);
717 2068 818 2098 recte
840 2062 1013 2098 observat

355 2114 589 2163 Larcherus,
630 2115 702 2153 hac
731 2118 877 2154 ratione
914 2119 1014 2154 ultra

353 2171 514 2209 modum
532 2174 1013 2223 promoveriMatienorum

356 2228 463 2266 fines.
520 2230 654 2280 Itaque
680 2230 763 2266 siue
792 2228 904 2266 codd.
926 2243 1012 2280 ope,

356 2298 474 2337 quam
495 2284 619 2321 adbuc
638 2292 913 2336 exspectamus,
946 2288 1013 2322 vix

357 2340 569 2394 quidquam
599 2342 736 2379 mellus
770 2343 884 2379 statui
903 2355 1012 2393 posse

356 2397 523 2435 credam.
561 2399 762 2435 Mannerto
789 2399 814 2435 l.
844 2412 957 2450 supra
986 2399 1012 2435 1.

357 2461 445 2491 ante
477 2455 593 2492 verba
622 2453 665 2493 ἐκ
695 2451 738 2493 δὲ
767 2451 913 2505 ταύτης
942 2456 1013 2505 τῆς

355 2506 559 2562 Ἀρμενίης
589 2512 727 2548 13011113
769 2518 915 2548 exstare
952 2513 1012 2548 vi-

358 2566 481 2605 detur.

579 2622 672 2674 Cap.
693 2623 794 2660 LIII.

414 2712 482 2752 καὶ
513 2711 533 2752 ὁ
566 2707 823 2764 παρασάγγης
844 2707 1015 2750 δύναται

361 2765 571 2821 τριήκοντα
592 2766 759 2818 στάδια]
790 2769 926 2820 Attigit
946 2766 1014 2805 ista

1062 986 1202 1025 codicis
1237 987 1403 1024 Palatini
1433 985 1634 1033 librarius,
1674 984 1723 1022 de

1062 1057 1139 1096 quo
1158 1042 1237 1081 vid.
1259 1042 1307 1080 ad
1338 1043 1484 1080 calcem
1511 1042 1724 1079 Commen-

1062 1107 1145 1138 tatt.
1166 1099 1367 1138 Herodort.
1382 1100 1561 1136 Creuzeri
1574 1112 1614 1150 p.
1626 1097 1723 1140 434.

1063 1156 1155 1194 Ad
1145 1170 1268 1209 lpsam
1287 1169 1370 1193 rem
1391 1156 1494 1193 conf.
1521 1157 1569 1203 Π,
1609 1158 1634 1196 6
1655 1155 1725 1193 fin.

1064 1215 1157 1266 ibiq.
1177 1221 1274 1251 nott.
1298 1220 1334 1250 et
1355 1212 1443 1250 add.
1455 1213 1647 1248 Mannert.
1658 1213 1685 1248 l.
1697 1213 1725 1249 1.

1063 1272 1081 1307 I
1097 1283 1190 1342 pag.
1210 1271 1306 1311 209.
1363 1268 1427 1306 Ad
1446 1270 1563 1306 verba
1592 1263 1725 1319 ὥσπερ

1065 1324 1186 1374 οὐτός
1215 1341 1258 1378 γε
1287 1326 1390 1363 conf.
1419 1324 1557 1362 Matth.
1579 1326 1646 1362 Gr.
1659 1326 1722 1363 Gr.

1063 1397 1152 1436 pag.
1178 1384 1298 1423 1288.

1119 1447 1167 1489 tc}
1217 1445 1436 1501 Μεμνόνια
1477 1443 1725 1500 καλεόμενα]

1066 1502 1284 1558 Μεμνόνια
1297 1520 1317 1543 e
1328 1507 1550 1543 Florentino
1564 1518 1607 1542 ac
1624 1503 1726 1542 duo-

1063 1564 1133 1601 bus
1165 1564 1244 1599 aliis
1274 1562 1363 1600 dedi
1390 1564 1509 1600 libris.
1565 1563 1730 1600 Wesse-

1064 1621 1204 1670 lingius
1226 1619 1399 1657 exhibuit
1411 1614 1664 1669 Μεμνόνεια,
1684 1625 1728 1655 ut

1068 1675 1171 1728 apud
1201 1676 1383 1713 Strabon.
1403 1676 1477 1712 XV
1495 1687 1572 1726 pag
1592 1677 1676 1716 728
1696 1689 1728 1712 s.

1071 1733 1177 1774 1058
1199 1733 1243 1769 C.
1274 1732 1370 1782 (ubi
1389 1748 1414 1781 η
1437 1727 1480 1771 δ’
1510 1727 1729 1782 ἀκρόπολις

1067 1788 1241 1828 ἐκαλεῖτο
1266 1784 1541 1839 Μεμνόνειον)
1575 1794 1612 1824 et
1630 1789 1728 1824 Dio-

1068 1845 1150 1883 dor.
1171 1846 1218 1891 11,
1239 1848 1307 1886 22.
1327 1847 1493 1882 Pausan.
1513 1844 1577 1891 IV,
1600 1846 1667 1891 31,
1688 1843 1728 1885 5.

1067 1902 1172 1939 Infra
1202 1902 1249 1949 V,
1274 1901 1327 1944 54
1355 1915 1455 1938 unus
1486 1901 1729 1938 Florentinus

1073 1953 1333 2008 Μεμνόνειον
1349 1986 1363 2003 ,
1392 1959 1530 2010 reliqui
1549 1956 1626 1994 duo
1636 1959 1729 1996 Με-

1072 2012 1254 2065 μνόνιον.
1312 2015 1379 2052 Tu
1399 2015 1502 2052 conf.
1522 2014 1667 2053 Iacobs.
1680 2012 1730 2051 ad

1069 2072 1217 2110 Aelian.
1249 2072 1297 2107 N.
1329 2072 1378 2107 A.
1415 2072 1521 2116 XIII,
1544 2072 1610 2110 18.
1665 2069 1730 2107 Ad

1070 2134 1342 2177 argtunentum
1370 2127 1419 2163 cf.
1440 2125 1584 2165 Herod.
1605 2126 1651 2173 V,
1672 2125 1726 2167 54

1071 2190 1107 2219 et
1129 2196 1225 2234 quae
1236 2182 1284 2219 ad
1296 2184 1361 2230 III,
1375 2184 1426 2222 68
1437 2183 1703 2219 annotavimus
1715 2195 1726 2229 τ,

1072 2240 1208 2291 quibus
1240 2238 1327 2276 add.
1359 2238 1520 2276 Diodor.
1539 2240 1566 2275 l.
1586 2240 1628 2287 l.‚
1660 2239 1727 2276 ubi

1069 2296 1302 2346 Wesseling.
1324 2296 1486 2332 aliorum
1506 2296 1728 2346 collegitte-

1068 2353 1266 2399 stimonia,
1298 2359 1335 2389 et
1364 2354 1528 2390 Heeren.
1557 2351 1676 2389 Ideen
1696 2353 1727 2401 1,

1073 2411 1090 2448 1
1115 2422 1191 2459 pag
1213 2411 1306 2449 302.

1125 2481 1184 2526 ἐπ’
1203 2484 1331 2540 ἡμέρῃ
1354 2483 1500 2542 ἑκάστῃ
1512 2487 1723 2535 διεξιοῦσι]

1068 2544 1094 2580 ἰ.
1115 2556 1149 2579 e.
1181 2543 1333 2592 singulis
1355 2544 1488 2591 diebus,
1517 2556 1728 2594 unaquaque

1071 2599 1149 2646 die,
1177 2601 1376 2651 conficiunt.
1412 2601 1487 2638 Ubi
1507 2599 1624 2638 dativi
1643 2606 1728 2650 post

1070 2658 1391 2707 praepositionem
1412 2656 1477 2697 ἐπὶ
1494 2655 1655 2694 adhibiti
1674 2657 1727 2693 si-

1071 2713 1161 2748 mile
1192 2715 1416 2765 exemplum
1448 2726 1527 2750 11011
1546 2714 1726 2764 suppetit.

1071 2771 1168 2806 Nam
1180 2769 1318 2818 differt,
1339 2772 1496 2821 opinor,
1519 2768 1624 2821 quod
1642 2782 1727 2808 v.c.
