1870 3249
343 259 998 298 TERPSICHORE.
1058 261 1102 295 V.

1306 262 1392 300 165

121 372 408 426 ,,τριηκοστῷ,
447 369 600 425 Αἰακῷ
629 367 803 423 τέμενος
833 367 1143 420 ἀποδέξαντας,
1174 367 1386 424 ἄρχεσθαι

122 440 232 488 ,,τοῦ
271 436 382 490 πρὸς
428 434 662 492 Αἰγινήτας
691 436 907 491 πολέμου·
947 438 1020 479 καί
1050 449 1128 490 σφι
1170 435 1384 492 χωρήσειν

91 513 113 544 3
124 503 201 557 „zoi
244 503 493 559 βούλονται.

571 503 625 560 ἢν
675 505 721 548 δὲ
767 502 924 548 αὐτίκα
980 503 1384 557 ἐπιστρατεύωνται,
1402 513 1442 544 10

119 571 282 625 „notavi
313 571 393 626 μέν
433 585 568 627 σφεας
602 573 648 615 ἐν
688 577 748 630 τῷ
786 570 944 627 μεταξύ
977 574 1056 613 τοῦ
1096 570 1258 626 χρόνου
1296 573 1385 614 πεί.-

117 645 324 691 .,σεσθαι..
356 641 496 684 πολλὰ
528 640 574 684 δὲ
605 641 678 683 καὶ
691 639 920 700 ,ποιήσειν’
953 638 1069 688 τέλος
1089 639 1237 692 μέντοι
1261 656 1388 681 κατα-

89 712 111 747 4
123 707 459 761 ,,στρέψεσθαι.“

525 712 674 751 Ταῦτα
721 706 782 759 ὥς
834 706 1148 762 ἀπενειχθέντα
1187 705 1383 761 ἤκουσαν

117 777 160 818 οἱ
182 773 429 832 Ἀθηναῖοι,
471 780 532 840 τῷ
559 776 637 832 μὲν
668 776 819 832 Αἰακῷ
840 776 1016 830 τέμενος
1046 771 1256 828 ἀπέδεξαν
1285 779 1381 818 τοῦ·

115 860 164 887 το
197 842 245 887 τό
283 847 369 886 νῦν
409 843 479 886 ἐπὶ
507 847 583 898 τῆς
623 843 786 900 ἀγορῆς
824 845 1017 897 ἵδρυται·
1073 842 1305 899 τριήκοντα
1338 845 1383 886 δὲ

116 911 210 955 ἔτεα
248 911 330 956 οὐκ
371 910 633 966 ἀνέσχοντο,
675 910 945 963 ἀκούσαντες
984 910 1097 961 ὅκως
1135 908 1275 966 χρεών
1317 911 1382 965 εἴη
1400 917 1439 950 15

58 1074 170 1109 nere,
218 1073 384 1111 querum
421 1061 612 1112 primitiva
640 1075 718 1098 11011

56 1119 222 1154 multum
235 1147 245 1164 ,
276 1117 382 1169 quod
402 1117 451 1154 ad
470 1118 718 1168 significatio-

55 1188 146 1210 nem
166 1175 298 1211 attinet
310 1205 318 1220 ,
340 1173 522 1211 differunt
542 1187 563 1210 a
582 1176 718 1225 primi-

55 1233 138 1268 tivis
152 1261 162 1278 ‚
199 1233 350 1268 lanson.
393 1232 432 1267 111
473 1231 639 1269 Seebod.
681 1239 718 1268 et

36 1279 164 1324 (lehn.
196 1289 350 1326 Annali.
378 1289 497 1329 1832.
527 1288 663 1339 Suppl.
686 1290 731 1336 1„

56 1344 80 1384 4
101 1357 190 1396 pag.
211 1345 306 1386 571.
363 1345 409 1381 111
429 1345 553 1382 verbis
583 1346 716 1382 subse-

56 1402 258 1453 quentibus
285 1403 342 1455 τῷ
369 1400 427 1440 ἒνὶ
456 1400 523 1439 καὶ
561 1416 715 1453 τριηκο-

55 1461 134 1512 στῷ
164 1460 411 1508 Hoogeveen.
446 1458 495 1495 ad
527 1460 653 1508 Viger.
674 1473 714 1509 p.

53 1518 106 1556 70
122 1522 228 1552 notat
247 1516 399 1552 numeri
410 1516 566 1552 minoris
587 1529 636 1551 ex
651 1529 715 1552 or-

54 1571 220 1609 diualiin
231 1572 481 1623 principalem
496 1573 715 1609 conversio-

53 1641 167 1666 nem:
189 1642 279 1665 cum
299 1642 389 1665 sane
400 1642 469 1679 pro
490 1627 551 1668 ἑνὶ
574 1643 712 1680 exspe-

53 1693 187 1723 ctasses
223 1682 365 1738 πρώτῳ
396 1687 570 1723 tricesimo
599 1688 713 1736 primo

53 1756 161 1789 anno,
189 1742 247 1779 leet
275 1755 334 1779 een
360 1756 401 1779 en
428 1741 600 1791 ‹lertigste
617 1745 713 1790 iaar,

52 1805 94 1835 ut
113 1800 246 1836 Batavi
265 1800 486 1850 loquuntur.
506 1821 563 1826 ——
582 1798 643 1836 Ad
652 1800 712 1836 lo-

54 1856 247 1892 cutionem
267 1854 426 1905 τέμενος
439 1851 711 1903 ἅποδέξαντας

55 1912 155 1948 conf.
174 1912 221 1958 V,
243 1914 309 1952 67.
329 1912 410 1958 VII,
436 1914 526 1952 178.

111 2017 330 2072 χωρήσειν]
371 2023 427 2058 Ita
448 2023 531 2058 libri
556 2023 707 2069 vetusti,

56 2091 148 2129 quos
170 2091 258 2115 cum
278 2085 435 2115 recentt.
453 2077 540 2115 edd.
561 2086 711 2116 secutus

52 2147 156 2182 sum,
189 2148 266 2171 uno
297 2142 457 2186 excepto
498 2134 709 2184 Schaefer.‚

53 2192 119 2242 qui
139 2204 187 2227 ex
203 2205 279 2228 11110
301 2191 490 2229 Sancrofti
510 2193 606 2229 libro
640 2205 711 2229 ex-

51 2245 174 2285 hibuit
202 2250 380 2299 χωρῆσαι
406 2249 575 2300 itemque
602 2262 708 2297 mox,

51 2303 421 2356 καταστρέψασθαι,
477 2304 582 2356 quod
621 2306 711 2343 citat

51 2361 100 2398 G.
128 2363 336 2398 Hermann.
376 2361 425 2398 ad
461 2363 590 2412 Viger.
619 2375 708 2413 pag.

52 2417 155 2464 756‚
188 2430 263 2470 quo
293 2419 372 2455 scil.
393 2425 560 2469 pateret,
590 2431 708 2471 quam

51 2475 208 2511 licenter
237 2475 381 2512 aoristis
413 2476 549 2512 Graeci
568 2476 709 2513 fuerint

51 2531 121 2568 usi.
178 2532 254 2568 Nos
284 2538 497 2568 ceterorum
523 2533 707 2569 librorum

51 2589 153 2624 iussu
196 2586 258 2624 hic
290 2599 442 2640 quoque
484 2590 709 2626 retinuimus

50 2642 410 2695 καταστρέψεσθαι.
467 2643 529 2682 Ad
560 2645 707 2696 signifi-

51 2702 241 2737 cationem
261 2700 366 2737 verbi
386 2704 527 2752 χωρεῖν
547 2702 595 2738 cf.
611 2709 707 2739 nott.

50 2755 98 2793 ad
117 2758 182 2803 111,
195 2757 263 2798 42.
277 2780 326 2784 —
349 2758 444 2793 Mox
463 2758 599 2794 retinui
619 2771 708 2795 cum

51 2820 207 2850 recentt.
245 2811 335 2850 edd.
369 2809 561 2863 ἥκουσαν,
603 2815 708 2852 cuius

51 2870 134 2907 loco
155 2868 349 2908 Schaefer.
371 2866 560 2910 ἄκουσαν.

833 1058 876 1100 τό
890 1064 963 1100 νῦν
985 1059 1047 1100 ἐπὶ
1069 1063 1141 1111 τῆς
1153 1056 1301 1113 εἷγορής
1325 1058 1440 1110 ἵδρυ-

776 1119 866 1165 ται]
901 1118 1040 1163 Quaeri
1080 1118 1194 1167 possit
1216 1123 1345 1152 utrum
1389 1115 1436 1152 de

775 1176 977 1224 antiquiori
1011 1172 1309 1210 Atheniensium
1341 1172 1437 1220 foro,

774 1231 882 1283 quod
908 1232 1052 1282 Pnygis
1092 1231 1178 1267 colli
1217 1230 1439 1280 proximum

773 1289 887 1325 fuisse
907 1289 1037 1334 fertur,
1061 1286 1180 1336 (conf.
1203 1288 1323 1323 Kruse
1346 1287 1439 1321 Hel-

772 1346 826 1382 las
846 1347 894 1392 Π,
929 1349 948 1385 1
971 1357 1059 1395 pag.
1084 1344 1205 1393 103),
1238 1341 1299 1379 hic
1330 1345 1436 1392 cogi—

772 1401 935 1438 tandum
954 1403 1000 1438 sit
1016 1414 1063 1437 an
1085 1399 1133 1436 de
1152 1402 1336 1437 recentiori
1356 1400 1438 1435 foro

772 1459 979 1510 porticibus
1000 1464 1133 1494 ornato
1154 1470 1273 1507 prope
1283 1456 1438 1493 Andro—

772 1516 848 1552 nici
869 1529 968 1568 quae
987 1528 1091 1551 nunc
1111 1521 1269 1550 vocatur
1289 1514 1436 1559 turrim,

773 1571 821 1609 de
843 1585 920 1624 quo
952 1572 1054 1609 conf.
1085 1570 1190 1607 idem
1219 1572 1341 1607 Kruse
1361 1571 1387 1606 l.
1412 1571 1435 1607 l.

771 1642 860 1679 pag.
892 1632 963 1669 111
1001 1641 1106 1679 seqq.
1164 1628 1217 1664 At
1246 1625 1344 1663 mihi
1370 1627 1436 1663 vix

771 1685 933 1723 dubium
949 1714 959 1733 ,
1011 1687 1105 1737 quin
1141 1683 1187 1721 de
1230 1685 1435 1736 antiquiori

769 1743 852 1779 foro
865 1741 927 1779 hic
941 1755 1067 1779 sermo
1087 1742 1145 1789 sit,
1168 1740 1272 1792 quod
1284 1742 1323 1776 111
1339 1741 1438 1777 valle

769 1801 868 1836 intra
888 1801 1066 1849 Pnygem
1081 1828 1090 1845 ‚
1120 1799 1365 1848 Areopagum
1400 1805 1438 1834 et

770 1857 978 1906 Acropoliu
1028 1855 1142 1892 fuisse
1191 1855 1436 1904 probabiliter

766 1914 896 1949 statuit
918 1913 960 1948 C.
982 1912 1027 1948 Ο.
1048 1912 1199 1947 muller.
1227 1912 1265 1949 iu
1298 1910 1432 1946 Ersch.

768 1975 806 2005 et
845 1969 1006 2005 Gruber.
1034 1966 1318 2018 Encyclopaed.
1348 1968 1433 2004 Vol.

769 2026 819 2062 VI
839 2037 926 2075 pag.
947 2026 1043 2064 251.

825 2131 900 2175 οὐκ
919 2130 1144 2185 α’νέσχοντο,
1167 2131 1428 2183 ἀκούσαντες]

769 2192 875 2237 Quae
896 2191 998 2242 apud
1018 2190 1214 2230 Schaefer.
1235 2194 1355 2242 posita
1378 2200 1430 2229 est

769 2248 959 2286 distinctio
980 2256 1067 2285 aute
1082 2243 1337 2295 ἀκούσαντες,
1362 2247 1430 2284 (11--

766 2307 885 2342 ietam
904 2306 1051 2356 reperio
1082 2307 1118 2342 in
1151 2304 1371 2355 Schweigh.
1394 2314 1429 2342 et

768 2363 885 2400 Gaisf.
907 2361 1095 2409 editione,
1126 2363 1175 2399 ita
1207 2370 1243 2398 ut
1277 2363 1429 2412 partici—

767 2421 876 2470 pium
896 2414 1137 2464 ἀκούσαντες
1157 2432 1247 2456 cum
1273 2426 1429 2455 antece-

767 2475 871 2513 denti
901 2476 1018 2512 verbo
1049 2471 1261 2526 οἷνέσχοντο
1283 2488 1427 2511 conne—

765 2539 890 2570 ctatur
909 2545 955 2568 eo
975 2544 1047 2569 usu
1067 2544 1144 2583 quo
1165 2532 1209 2569 V.
1231 2531 1298 2573 48.
1319 2534 1347 2570 Ι,
1371 2534 1424 2571 80

765 2589 1007 2640 participium
1028 2587 1116 2625 huic
1147 2589 1264 2625 verbo
1286 2588 1424 2625 adstrui

764 2644 950 2692 vidimus,
982 2644 1080 2681 hanc
1110 2645 1149 2681 111
1170 2646 1423 2682 sententiam:

767 2700 848 2739 Non
876 2703 1118 2739 sustinuerunt
1145 2701 1283 2738 audi-re.
1353 2700 1423 2736 Ubi

764 2758 925 2796 offendit
984 2758 1109 2795 aoristi
1171 2758 1422 2808 participium,

764 2815 870 2852 cuius
909 2815 994 2851 loco
1033 2814 1237 2864 praesentis
1272 2814 1425 2864 partici-

763 2872 872 2921 pium
909 2883 1001 2907 sane
1036 2876 1242 2919 exspectes.
1291 2871 1423 2921 ltaque
