1815 3181
308 883 371 926 14

102 948 167 982 Quo
186 946 238 982 fit,
263 949 306 980 ut,

102 991 136 1017 pr
124 981 217 1008 melio
230 968 374 1007 ⁷-c0mmis

101 1024 145 1049 sm
164 1019 194 1042 et
205 1014 333 1041 Samium
327 1022 374 1040 um

101 1036 267 1087 pleraeque
276 1056 334 1075 nav
339 1055 371 1073 es

101 1091 168 1109 cum
183 1082 284 1109 multis
302 1081 371 1109 aliis

101 1116 272 1151 aufugiant,

432 230 516 269 244

410 345 429 378 3
443 334 694 391 ταπλήσιον.

836 223 1297 261 HERODOTI

753 331 1002 388 προφάσιος
1051 325 1113 376 ὧν
1153 330 1478 389 ἐπιλαβόμενοι,
1524 331 1616 375 ἐπεί
1657 348 1701 376 τε

434 404 612 459 τάχιστα
642 399 763 444 εἶδον
800 399 906 451 τοὺς
929 399 1087 452 Ἴωνας
1124 398 1421 456 άρνευμένους
1462 398 1574 443 εἶναι
1605 416 1703 456 χρη·

436 470 590 521 στοῦς,
626 468 672 512 ἐν
700 468 844 524 κέρδεϊ
873 468 1098 513 ἐποιεῦντο
1128 471 1408 525 περιποιῆσαι
1448 466 1500 510 τά
1544 483 1588 511 τε
1628 467 1702 523 ἱρὰ

405 538 491 582 4τά
526 535 714 592 σφέτερα
742 536 816 579 καὶ
846 536 898 579 τοὶ
928 538 1031 581 ἰ’δια.

1084 536 1134 579 Ὁ
1164 537 1209 581 δὲ
1243 535 1426 591 Αἰάκης,
1464 533 1568 590 παρ’
1602 535 1701 578 ὅτευ

431 603 535 654 τούς
574 602 732 659 λόγους
760 602 960 649 ἐδέκοντο
982 606 1026 648 οἱ
1053 603 1239 661 Σάμιοι,
1285 609 1385 655 παῖς
1414 603 1493 658 μὲν
1529 618 1584 658 ην
1611 606 1703 645 Συ-
1715 610 1759 644 80

431 674 650 722 λοσῶντος
690 674 770 714 τοῦ
816 666 1023 723 Αἰάκεος·

1068 671 1287 726 τύραννος
1328 672 1374 714 δὲ
1417 669 1501 713 ἐῶν
1531 668 1702 725 Σάμου,

431 738 519 782 ὑπὸ
566 741 646 782 τοῦ
686 741 913 796 Μιλησίου
954 738 1265 796 Ἀρισταγόρεω
1312 738 1575 794 ἀπεστέρητο
1622 737 1702 793 τήν

432 804 596 864 ἀρχὴν,
627 806 820 861 κατάπερ
857 809 900 850 οἷ
931 808 1055 852 ἄλλοι
1084 811 1160 865 τῆς
1186 806 1351 862 Ἰωνίης
1380 805 1602 861 τύραννοι.

522 873 628 918 Τότε
670 869 731 918 ὧν
767 875 857 919 ἐπεὶ
900 875 1123 919 ἐπέπλωον
1153 875 1197 918 οἷ
1231 875 1455 928 Φοίνικες,
1488 875 1532 917 οἷ
1556 871 1703 923 Ἴωνες
1759 872 1812 914 44

432 941 680 998 ἀντανῆγον
719 942 793 986 καὶ
833 941 961 986 αὐτοὶ
999 944 1076 994 τὰς
1113 942 1214 994 νέας
1255 942 1324 986 ἐπὶ
1364 943 1505 997 κέρας.
1558 939 1618 993 ὥς
1657 941 1704 984 δὲ

431 1009 505 1054 καὶ
535 1007 672 1066 ἀγχοῦ
712 1009 935 1065 ἐγίνοντο,
975 1012 1046 1055 καὶ
1078 1010 1342 1067 συνέμισγον
1372 1008 1621 1066 ἀλλήλοισι,
1652 1009 1701 1052 τὸ
1716 1015 1758 1050 85

429 1077 632 1120 ἐνθεῦτεν
661 1075 745 1121 οὐκ
775 1078 855 1134 ἔχω
883 1076 1096 1133 ἀτρεκέως
1125 1076 1388 1134 συγγράψαι,
1429 1079 1584 1129 οἵτινες
1615 1080 1705 1120 των

426 1141 587 1188 Ἰώνων
615 1143 816 1200 ἐγένοντο
847 1143 1007 1202 ἄνδρες
1037 1145 1163 1190 κακοὶ
1193 1143 1222 1203 ἢ
1251 1145 1413 1202 ἀγαθοὶ
1445 1145 1492 1189 ἐν
1520 1149 1576 1203 τῇ
1603 1161 1703 1189 ναυ-

403 1213 565 1269 Ξμαχίῃ
594 1214 752 1272 ταύτῃ·
794 1211 1011 1270 ἀλλήλους
1049 1213 1134 1271 γὰρ
1165 1218 1485 1258 καταιτιῶνται.

1544 1214 1702 1269 Λέγον-

432 1296 505 1324 ται
533 1280 579 1325 δὲ
608 1280 775 1338 Σάμιοι
802 1281 1017 1334 ἐνθαῦτα,
1061 1280 1172 1325 κατα
1209 1279 1261 1325 τοὶ
1294 1282 1553 1338 συγκείμενα
1582 1281 1705 1337 ᾆπρὸς

433 1347 511 1392 τὸν
540 1346 717 1403 Αἰάκεα,
739 1348 992 1406 ἀειράμενοι
1018 1348 1072 1393 τὰ
1101 1351 1238 1399 ἱστία,
1269 1347 1530 1394 ἀποπλῶσαι
1560 1348 1607 1392 ἐκ
1627 1352 1704 1404 τῆς

369 1533 594 1570 »ειωοιειιιῐίε
627 1529 976 1584 ,,ύπερβάλλεσθαι
993 1529 1039 1573 τό

376 1587 562 1629 ναυτικὸν
584 1587 730 1625 dictum
750 1596 826 1637 est,
857 1597 899 1627 ut
919 1591 1038 1629 νικᾶν

377 1643 533 1698 μάχην,
573 1640 787 1696 Ὀλύμπια,
824 1643 919 1693 τούς
955 1658 1036 1686 στε-

378 1704 549 1752 φανίτας
581 1698 758 1753 ἀγῶνας,
799 1704 861 1739 cui
882 1704 955 1739 alia
975 1715 1039 1739 ra-

377 1759 482 1796 tione
503 1757 694 1795 adiectum
706 1765 760 1795 est
769 1755 840 1799 τὸν
852 1763 1039 1811 Δαρεῖον,

377 1815 491 1866 plane
527 1821 570 1851 ut
602 1813 785 1852 Aeschin.
817 1829 851 1853 c.
874 1814 1041 1880 ctesiph.

378 1885 416 1922 p
440 1871 520 1911 570
538 1864 598 1909 ed.
621 1869 750 1909 Reisk.
772 1867 1043 1927 Μιλτιάδηςὸ

378 1942 452 1978 την
473 1926 516 1966 ἐν
540 1929 776 1992 Μαραθῶνι
795 1925 925 1981 μάχην
948 1924 1043 1981 τούς

380 1979 612 2035 βαρβάρους
675 1996 851 2035 νικησας
954 1984 1041 2022 Vid.

379 2041 590 2076 Grammat.
621 2041 688 2078 Gr.
721 2042 757 2086 ὃ.
787 2040 883 2088 409,
913 2043 937 2081 3
966 2054 1041 2080 sec.

382 2094 442 2133 ed.
467 2096 579 2146 [pag.
611 2095 706 2136 746.
739 2098 888 2146 1315]⁸
926 2099 1043 2135 Dice-

382 2164 464 2188 rem
494 2151 586 2189 duas
613 2154 909 2191 constructiones
946 2167 1043 2192 con—

382 2209 528 2244 iunctas
551 2221 628 2244 esse
651 2205 951 2259 ’ὑπερβαλέσθαι
970 2208 1042 2251 τόν

383 2267 554 2314 Δαρεῖον
599 2271 636 2300 et
671 2263 970 2316 ὑπερβαλέσθαι
1002 2264 1045 2307 τὸ

383 2317 596 2366 ναυτικόν,
627 2320 699 2356 nisi
726 2319 798 2358 hac
820 2324 964 2371 ratione
980 2324 1042 2361 of-

382 2374 490 2412 fendi
521 2388 607 2422 eos,
638 2377 703 2427 qui
732 2390 752 2413 e
772 2380 891 2427 patria
908 2380 1043 2431 lingua

384 2444 563 2482 graecam
594 2433 709 2470 etiam
739 2435 959 2484 metiuntur,
979 2438 1043 2473 in-

382 2489 625 2526 tellexissem.
639 2490 662 2508 “
727 2489 859 2542 Itaque
887 2493 927 2528 iu
954 2493 1043 2530 vul-

385 2551 473 2594 gata
483 2545 643 2582 lectione
653 2545 980 2596 acquiescendum
989 2571 1019 2577 -
1036 2572 1040 2575 »

383 2595 677 2651 πενταπλήσιον
713 2600 808 2638 dixit
838 2610 878 2639 ut
899 2607 1043 2644 πολλα-

384 2653 565 2707 πλήσιος,
586 2657 658 2692 alia
672 2656 711 2692 id
732 2670 864 2707 genus,
895 2659 942 2695 de
955 2663 1043 2712 qni—

385 2712 454 2749 bus
474 2713 574 2751 conf.
597 2719 692 2751 nott.
710 2713 757 2750 ad
778 2715 843 2760 111,
871 2716 961 2756 1⁴35.
998 2719 1042 2752 In

383 2780 488 2820 seqq.
513 2765 733 2821 ἀρνεῖσθαι
750 2769 853 2806 idem
867 2783 943 2806 esse
956 2784 1044 2809 mo-

382 2832 449 2861 net
467 2826 698 2876 Wesseling.
709 2833 822 2879 atque
835 2822 885 2866 ου’
902 2824 1043 2878 βούλε-

1097 1537 1218 1582 σθαι,
1268 1541 1311 1571 ut
1350 1534 1428 1584 Vl,
1468 1536 1535 1575 69.
1584 1531 1759 1584 Euripid.

1094 1592 1236 1628 Electr.
1254 1590 1375 1632 1051.
1434 1591 1498 1629 Ad
1525 1591 1761 1628 locutionem

1095 1646 1138 1687 ἐν
1180 1645 1313 1701 κέρδει·
1349 1651 1558 1688 ποιεῖσθαι
1595 1647 1700 1685 conf.
1729 1648 1760 1694 I,

1153 1755 1202 1798 τά
1234 1773 1274 1798 τε
1314 1756 1380 1811 ἵροέ
1410 1755 1457 1798 τοὶ
1490 1757 1659 1810 σφέτερα
1693 1756 1760 1796 καὶ

1096 1812 1145 1855 τὰ
1167 1816 1279 1865 ἴδια]
1309 1815 1396 1853 Vid.
1418 1817 1481 1863 VI,
1504 1818 1529 1856 9
1550 1816 1642 1868 ibiq.
1661 1821 1760 1852 nott.

1098 1873 1190 1910 Post
1242 1871 1423 1915 ἐδέκοντο
1463 1885 1484 1908 e
1523 1872 1758 1919 Florentino,

1099 1930 1179 1967 alijs
1204 1941 1295 1967 omn
1325 1926 1545 1980 Schweigh.
1578 1924 1616 1965 ef
1642 1928 1759 1966 Gaisf.

1099 1986 1241 2023 inserui
1270 1998 1403 2023 voces:
1455 1985 1498 2025 οἱ
1534 1981 1683 2036 Σάμιοι
1721 1986 1762 2021 in

1099 2042 1187 2081 edd.
1211 2044 1444 2094 Wesseling.
1465 2042 1623 2093 aliisque
1644 2042 1760 2091 vulgo

1100 2101 1268 2137 omissas.
1324 2098 1387 2138 Ad
1411 2099 1528 2136 verba
1549 2095 1761 2150 ἀπεστέρη-

1099 2171 1143 2196 το
1169 2171 1244 2207 την
1277 2149 1406 2208 οἷρχην
1438 2155 1538 2191 conf.
1566 2155 1629 2202 VI,
1662 2157 1701 2202 9,
1723 2160 1761 2190 et

1099 2211 1147 2249 de
1172 2212 1303 2249 Ioniae
1332 2212 1502 2263 tyrannis
1529 2211 1646 2262 pulsiS
1681 2209 1760 2248 vid.

1096 2269 1143 2317 V,
1165 2271 1232 2311 38·

1319 2346 1413 2396 Cap.
1434 2344 1537 2382 XIV.

1155 2431 1382 2489 ἀντανῆγον
1411 2456 1467 2463 -
1495 2433 1561 2475 ἐπὶ
1612 2432 1759 2485 κέρας]

1097 2491 1183 2530 Vid.
1204 2498 1301 2528 nott.
1319 2491 1370 2529 acl
1390 2492 1453 2539 VI,
1470 2493 1533 2532 12.
1562 2491 1656 2528 Mox
1670 2502 1760 2528 cum

1101 2546 1320 2599 Schweigh.
1350 2555 1390 2585 et
1422 2547 1538 2585 Gaisf.
1561 2547 1649 2585 dedi
1684 2546 1761 2599 ἐγί-

1100 2620 1218 2644 νοντο
1238 2618 1306 2670 p10
1327 2603 1519 2673 ἐγένοντο.

1158 2655 1446 2712 αἐιράμενοιτα
1464 2659 1626 2709 ἷστίαΓι.
1645 2672 1677 2698 Θ.
1699 2670 1760 2696 ve·-

1100 2717 1146 2754 Iis
1177 2718 1351 2754 sublatis:
1390 2717 1430 2754 id
1461 2715 1565 2768 quod
1599 2727 1760 2766 propere

1100 2775 1321 2810 abeuntium
1335 2781 1401 2812 est.
1414 2773 1563 2810 Monuit
1575 2769 1761 2822 Schwgh.

1100 2830 1139 2865 in
1154 2832 1249 2868 Lex.
1271 2829 1503 2879 Herod.‚ubi
1518 2829 1642 2866 attulit
1660 2828 1759 2877 VIII,
