1851 3181
468 200 550 240 582
869 198 1329 236 HERODOTI

463 312 555 354 πᾶν
596 305 671 352 ἐὰν
711 304 941 359 Δωρικόν·
979 303 1346 364 Ἆλικαρνησσῆας
1373 307 1464 364 μὲν,
1500 307 1728 363 Τροιζηνί-

464 381 563 429 ουςζ·
595 373 698 424 τούς
726 374 772 417 δὲ
801 373 975 426 ἄλλους,
1000 371 1320 429 Ἐπιδαυρίους.
1371 373 1443 427 Ἐς
1471 375 1551 432 μὲν
1580 373 1783 419 τοσόν-55

465 445 511 488 δε
539 441 562 486 ὁ
593 441 797 494 ναυτικὸς
819 442 1002 497 στρατὸς
1032 444 1212 499 εἴρηται.

301 512 400 558 100
539 510 700 566 Ξέρξης
729 510 788 559 δὲ,
821 510 910 554 ἐπεὶ
909 509 1146 593 ἠρίθμησε
1174 526 1219 554 τε
1248 510 1321 555 καὶ
1340 509 1544 568 διετάχθη
1566 508 1730 564 ὀστρα-

130 572 411 648 {ssssssspgieffffg}
467 575 558 629 τός,
589 577 833 634 ἐπεθύμησε
864 576 997 631 αὐτός
1027 590 1162 636 σφεας
1193 578 1439 631 διεξελάσας
1467 578 1728 636 θεήσασθαι.

130 642 379 710 ξρὲξζζβᾶωθθ
438 644 576 702 Puero}
606 644 688 689 δὲ’
671 648 810 690 εποίεε
830 650 979 700 ταῦτα,
1013 647 1086 691 καὶ
1117 645 1406 699 διεξελαύνων
1434 647 1502 691 ἐπὶ
1536 645 1729 701 ἅρματος

465 712 585 768 παρὰ
616 713 784 767 ε’θνος
775 716 824 759 ἐν
863 714 1071 768 ἕκαστον,
1103 712 1395 759 επυνθανετο·
1442 714 1514 759 καὶ
1545 711 1730 771 οἷπέγρα-
1741 720 1786 755 60

401 931 561 988 γνώμας
579 931 899 975 ἀποδείκνυσθαι
911 934 958 972 cf.
968 941 1067 972 nott.

401 991 450 1029 ad
470 993 556 1036 VII,
578 993 618 1031 3.

453 1057 806 1125 *Ἁλικαρνησσῆας
830 1072 922 1107 μεν,
950 1061 1066 1124 Τροι-

402 1116 574 1166 ζηνίους·
605 1130 698 1161 τους
719 1113 761 1153 δὲ
780 1110 936 1161 ἅλλους,
954 1108 1065 1153 ’-Επι

401 1172 626 1224 δαυρίους]
661 1172 803 1208 Omnes
831 1171 917 1207 libri
937 1171 1066 1221 scripti

398 1227 757 1279 Ἀλικαρνησσῆαςς
797 1228 1067 1277 exspectabam

401 1291 502 1322 certe
520 1281 887 1336 Ἁλικαρνησσέας.
920 1283 998 1321 Sed
1017 1285 1068 1320 li-

399 1341 476 1378 bris
507 1341 633 1378 invitis
666 1339 761 1377 nihil
781 1347 942 1376 mutem.
999 1339 1063 1377 Ad

401 1404 673 1448 argumentum
692 1398 768 1434 loci
789 1397 889 1433 conf.
919 1398 1065 1433 RaouI-

400 1453 587 1491 Rochette
607 1455 771 1491 Histoire
802 1452 849 1490 de
870 1453 1062 1492 l’e'tabliss.

401 1509 440 1548 d.
457 1511 530 1548 col.
554 1512 666 1547 Grec.
690 1511 744 1547 HI
764 1523 852 1562 pag.
874 1509 928 1551 74
950 1517 1064 1562 atque

401 1567 444 1605 G.
477 1568 521 1605 Ο.
542 1568 693 1605 Miiller.
718 1569 811 1604 Dor.
832 1568 850 1603 I
870 1579 959 1618 pag.
982 1570 1062 1608 103

399 1637 495 1676 seq.⁷
518 1625 584 1676 qni
606 1624 686 1661 aliis
705 1637 860 1676 quoque
889 1630 1063 1661 veterum

398 1681 624 1717 testimoniis
644 1682 796 1731 probari
815 1681 877 1728 ait,
892 1678 960 1717 has
977 1681 1063 1717 Do-

401 1749 489 1773 rum
529 1738 697 1774 civitates
740 1751 760 1773 e
796 1737 1063 1788 Peloponneso

402 1800 440 1830 et
461 1793 619 1846 quidem
639 1794 871 1844 Argivorum
896 1807 917 1830 e
937 1794 1066 1844 regio-

400 1863 451 1887 ne
480 1849 557 1888 huc
586 1849 766 1888 deductas
797 1864 898 1897 esse,
945 1863 1066 1902 quum

402 1906 472 1943 Coi
501 1908 547 1944 ab
568 1906 787 1958 Epidauro,
822 1908 1066 1944 Halicarnas-

401 1975 526 2000 seuses
537 1965 775 2013 aTroezene,
790 1977 888 2016 quae
903 1970 1065 2016 utraque

401 2020 531 2058 civitas
548 2019 596 2057 ad
607 2021 768 2071 Argivos
779 2022 972 2072 pertinuit,
993 2033 1065 2071 ge-

400 2089 472 2114 nus
500 2084 696 2128 repetant,
717 2079 873 2129 Nisyrus
892 2090 982 2115 vero
1004 2083 1064 2114 at-

401 2145 477 2185 que
531 2132 726 2185 Calydnae
777 2133 826 2170 ad
885 2133 1063 2182 eandem,

400 2202 498 2241 quae
518 2189 557 2226 in
580 2191 750 2227 Coorum
777 2191 900 2228 insula
932 2204 1063 2228 conse-

400 2245 466 2294 dit,
486 2247 676 2283 coloniam
687 2248 913 2298 pertineant.
935 2268 990 2275 —
1017 2248 1064 2284 Iu

398 2316 505 2356 seqq.
536 2301 575 2349 ἐς
606 2301 723 2342 τοσόν
753 2303 796 2343 δε
823 2304 924 2341 valet
941 2303 1064 2341 hacte-

399 2373 486 2407 nus,
547 2358 875 2412 quemadmodum
921 2359 960 2406 ἐς
996 2374 1063 2399 το-

402 2419 520 2456 σοῦτο
553 2418 650 2466 vlu,
686 2419 857 2458 19.125.
881 2419 972 2458 107.
994 2417 1064 2462 IX,

631 2581 637 2590 =
656 2565 748 2615 Cap.
773 2564 816 2601 C.

460 2640 605 2693 Ξέρξης
626 2640 668 2682 δὲ
691 2641 773 2683 ἐπεὶ
801 2637 1003 2694 η’ρὶθμησέ
1022 2657 1062 2682 τε

400 2712 466 2736 και
497 2695 688 2751 διεταχθη
726 2698 747 2740 ὁ
775 2695 958 2749 στρατός]
1003 2701 1061 2735 De

401 2767 468 2790 suo
490 2755 674 2792 Sohaesei
677 2769 718 2793 us
749 2755 853 2793 dedit
873 2750 1059 2806 ἠ’ριθμή-

401 2813 471 2859 θη.
493 2813 523 2847 Ε
529 2811 685 2863 quidem
706 2826 793 2850 cum
810 2812 962 2864 reliquis
972 2811 1059 2849 edd.

1125 946 1147 970 a
1166 933 1353 971 librorum
1371 932 1600 985 scriptorum
1619 932 1786 970 auetori-

1122 996 1199 1027 tate
1213 989 1392 1027 standum
1403 991 1544 1039 censui,
1565 990 1787 1042 praesertim

1123 1060 1213 1084 cum
1232 1042 1435 1097 η’ρίθμησε
1462 1046 1666 1084 commode
1685 1046 1787 1082 refe-

1121 1116 1181 1140 ras
1203 1103 1250 1140 ad
1271 1103 1497 1140 antecedens
1510 1102 1669 1154 Ξέρξης.
1688 1102 1786 1140 Ver-

1121 1161 1171 1196 ba
1203 1155 1391 1210 οἷριθμεῖν
1415 1167 1529 1212 atque
1560 1154 1787 1199 διατάσσειν

1124 1214 1260 1253 eadem
1278 1217 1318 1252 in
1338 1229 1379 1252 re
1399 1217 1479 1265 VII,
1496 1216 1562 1257 59.
1576 1219 1642 1257 60.
1662 1237 1720 1242 -
1737 1216 1784 1252 In

1123 1286 1230 1325 seqq.
1252 1272 1299 1310 ad
1312 1286 1447 1310 vocem
1469 1267 1695 1320 διεξελάσας
1705 1269 1785 1310 vid.

1123 1328 1259 1366 Matth.
1289 1330 1354 1367 Gr.
1383 1332 1449 1367 Gr.
1479 1331 1516 1375 ξ.
1555 1327 1649 1376 496,
1684 1330 1704 1368 1
1749 1334 1788 1365 et

1119 1385 1265 1423 Herod.
1285 1387 1350 1434 III,
1373 1389 1441 1428 86.
1488 1384 1787 1436 Praepositioni-
1841 1428 1851 1442 ὓ

1120 1443 1191 1480 bus
1227 1440 1293 1482 διά
1336 1449 1373 1479 et
1410 1442 1450 1491 ἐξ
1482 1442 1692 1480 coniunctis
1729 1441 1787 1479 rei

1120 1512 1271 1551 prorsus
1303 1500 1494 1537 absolutae
1526 1506 1563 1536 et
1589 1498 1786 1537 confectae

1120 1557 1225 1593 notio
1256 1555 1428 1605 additur,
1472 1556 1584 1609 quale
1612 1561 1669 1593 est
1709 1555 1786 1596 διε-

1121 1611 1270 1661 ξιέναι,
1314 1611 1583 1665 διεξέρχεσθαι
1621 1613 1667 1660 V,
1715 1614 1786 1654 29.
1846 1659 1848 1661 v

1120 1670 1219 1717 VIII,
1241 1672 1280 1710 8.
1312 1669 1379 1710 25.
1400 1672 1466 1711 98.
1495 1670 1578 1717 VII,
1599 1671 1667 1709 77.
1689 1671 1786 1709 203.

1119 1727 1150 1774 Ι,
1174 1728 1267 1766 196.
1287 1727 1352 1774 III,
1376 1728 1440 1766 11.
1470 1727 1518 1773 H,
1548 1727 1602 1766 29
1632 1730 1697 1761 aut
1727 1724 1786 1763 δι-

1121 1779 1315 1888 ἰίιπέἓίειν
1349 1783 1431 1831 VII,
1456 1785 1548 1823 101.
1573 1783 1666 1822 122.
1690 1779 1785 1822 147.

1178 1904 1245 1945 καὶ
1270 1901 1506 1960 οἷπέγραφον
1535 1905 1579 1946 οἵ
1601 1921 1785 1972 γραμμα-

1120 1962 1266 2012 τισταί]
1298 1963 1398 2001 Sunt
1417 1963 1551 2000 scribae
1561 1964 1664 2012 regii,
1687 1975 1763 2015 quo
1824 1975 1830 1990 ³

1121 2033 1207 2057 rum
1222 2022 1301 2057 iam
1315 2021 1553 2057 mentionem
1572 2019 1695 2056 secun
1708 2032 1784 2057 no-

1120 2083 1159 2114 ta
1187 2075 1235 2114 ad
1263 2077 1346 2125 VII,
1380 2080 1434 2118 60
1463 2077 1549 2114 coll.
1579 2076 1678 2124 VIII,
1713 2078 1782 2117 90.

1120 2134 1178 2170 De
1209 2134 1346 2185 quibus
1385 2134 1494 2184 plura
1521 2133 1689 2170 Brisson.
1723 2133 1782 2168 De
1818 2145 1832 2155 ³

1120 2203 1201 2240 reg.
1221 2192 1326 2228 Pers.
1346 2191 1505 2241 princip.
1526 2191 1555 2238 I,
1575 2191 1672 2230 218.
1685 2190 1782 2230 219.
1819 2199 1823 2202 ”

1120 2248 1168 2294 II,
1182 2249 1277 2288 239.
1288 2245 1525 2286 Freinshem.
1546 2244 1594 2282 ad
1608 2245 1783 2282 Curtium
1815 2294 1819 2296 ῃ

1120 2304 1202 2350 VII,
1228 2306 1266 2350 ὃ,
1285 2301 1324 2343 4.
1373 2304 1424 2340 Et
1441 2301 1530 2341 vide
1551 2315 1705 2355 quoque
1724 2301 1783 2339 al-

1119 2360 1196 2397 lata
1218 2357 1265 2396 ad
1283 2361 1350 2408 III,
1376 2361 1466 2400 128.
1484 2379 1540 2388 --
1568 2360 1614 2396 In
1633 2371 1713 2411 seq.
1733 2356 1781 2395 ad
1812 2406 1818 2409 ,‚

1119 2417 1281 2454 verbum
1309 2411 1549 2456 καθελκύειν
1574 2414 1654 2454 vid.
1683 2420 1780 2452 nott.

1121 2472 1169 2510 ad
1211 2474 1290 2521 VII,
1321 2473 1390 2514 59.
1434 2473 1588 2511 Aureum
1641 2471 1781 2510 xerxis

1119 2531 1326 2568 tentorium
1341 2530 1449 2581 attigi
1466 2530 1506 2567 in
1526 2535 1617 2566 nota
1637 2527 1686 2566 ad
1699 2526 1780 2575 Vll,

1120 2586 1188 2628 54
1210 2586 1401 2625 Sidoniam
1415 2599 1555 2624 navem
1566 2583 1670 2638 quod
1678 2585 1781 2621 xer-

1118 2656 1185 2681 xes
1226 2641 1469 2691 conscendit,
1517 2655 1566 2680 ne
1612 2640 1782 2685 mirei-iu

1118 2713 1287 2753 namque
1310 2700 1536 2738 Sadoniorum
1554 2711 1667 2736 naves
1687 2693 1777 2730 reli-
1847 2719 1850 2736 a

1119 2758 1201 2808 quis
1220 2757 1444 2808 praestitisse
1462 2755 1628 2790 multum
1647 2749 1775 2800 digni-
1846 2772 1848 2781 ·

1118 2819 1204 2857 tate
1235 2812 1467 2850 documento
1488 2815 1574 2848 suut
1600 2807 1672 2845 loci
1693 2807 1774 2843 He·-
