1870 3249
354 230 1014 270 TERPSICHORE.
1073 229 1118 266 V.

1300 228 1383 269 153

116 342 322 388 ἐδίδοσάν
351 358 394 386 τε
431 341 505 385 καὶ
537 339 784 396 ἐλάμβανον
811 337 917 393 παρ’
951 336 1151 395 ἀλλήλων
1189 339 1236 382 οῖ
1262 339 1380 394 Αἰγι-

85 415 266 468 2νῆται’
311 409 360 454 τὸ
392 411 437 454 δὲ
467 407 553 452 α’πὸ
583 411 736 462 τοῦδε,

112 478 408 536 ἀγνωμοσύνῃ
436 474 721 534 χρησάμενοι,
753 474 1001 532 ἀπέστησαν
1032 474 1117 519 οἷπό
1147 477 1235 519 τῶν
1259 473 1378 519 Ἐπι-
1442 484 1519 526 114

779 408 888 464 νῆάς
917 423 961 450 τε
1000 404 1260 463 πηξάμενοι,
1299 406 1405 450 καὶΙ

80 548 320 602 δδαυρίων.
355 546 430 590 ἅτε
460 545 506 589 δὲ
536 544 682 595 ἐόντες
711 542 939 600 διάφοροι,
971 544 1177 600 δηλέοντο
1202 542 1379 596 αὐτούς,

56 712 143 737 rum
162 696 426 744 iurisdictioni,
449 705 489 732 ut
508 696 561 732 ita
579 693 717 742 dicam,

56 757 273 794 submissos.
349 755 429 790 Nec
470 753 577 789 aliter
611 758 719 803 post-

55 812 174 851 modo
205 810 499 848 Atheniensium
529 809 650 847 socios
670 809 720 845 li-

56 877 113 908 tes
133 882 218 907 suas
238 866 401 906 Athenis
422 866 631 917 disceptare
653 878 721 903 co-

58 934 161 964 actos
178 926 290 963 fuisse
304 954 314 972 ,
343 923 639 960 Atheniensium
658 924 721 959 iu-

56 983 266 1021 risdictioni
284 982 472 1019 subiectos
501 981 653 1018 monuit
674 978 723 1016 ad

57 1039 98 1078 h.
118 1041 145 1078 l.
165 1037 368 1088 Valcken.,
389 1036 437 1074 de
457 1039 539 1088 ipsa
557 1037 724 1074 formula

57 1097 98 1134 in
108 1097 246 1135 talibus
265 1095 429 1133 solemni
449 1095 562 1142 δίκας
578 1094 723 1134 δοῦναι

57 1152 128 1194 καὶ
158 1148 382 1205 λαμβάνειν
413 1152 525 1203 plura
547 1151 725 1201 exempla

58 1210 242 1258 afferens,
273 1210 411 1261 quibus
449 1209 515 1245 Tu
536 1207 624 1245 add.
644 1209 723 1244 Le-

37 1269 136 1306 ‘xic.
155 1264 339 1317 Xenoph.
358 1267 377 1302 Ι
396 1278 434 1316 p.
455 1268 481 1306 7
485 1264 539 1306 42
568 1272 606 1302 et
624 1271 722 1301 nott.

60 1324 111 1362 ad
138 1321 335 1361 Plutarch.
369 1321 509 1374 Pyrrh.
556 1336 597 1373 p.
643 1322 723 1362 190

60 1382 148 1420 coll.
169 1379 435 1419 Wachsmuth
465 1379 617 1416 Hellen.
652 1379 725 1414 Al-

59 1436 291 1476 terthumsk.
328 1437 359 1485 Ι,
395 1438 414 1476 1
450 1450 490 1487 p.
527 1438 596 1477 93.
633 1437 724 1476 132.

63 1498 158 1536 133.
198 1495 267 1533 Cr.
309 1493 416 1530 addit
455 1492 640 1530 Matthiae
678 1489 728 1528 ad

60 1553 207 1604 Hymn.
225 1553 402 1588 Homerr.
422 1563 511 1601 pag.
539 1552 636 1591 268.
676 1549 730 1585 At

62 1608 110 1646 de
140 1608 434 1645 Atheniensium
471 1608 582 1644 sociis
625 1604 731 1659 quod

62 1666 206 1717 profert
223 1663 410 1702 Valcken.
427 1693 436 1709 ‚
465 1662 505 1700 id
534 1662 610 1701 huc
630 1661 731 1700 trahi

62 1735 172 1774 posse
200 1728 318 1772 negat
349 1722 500 1757 Miiller.
530 1721 558 1757 l.
587 1722 614 1757 l.
639 1732 728 1771 pag.

64 1778 139 1827 453
167 1779 290 1816 verbis
312 1779 416 1814 enim
435 1779 610 1830 quamvis
633 1775 730 1813 illud

66 1847 302 1882 consonum,
329 1848 370 1871 re
390 1841 521 1871 tamen
541 1835 622 1885 ipsa
642 1846 730 1870 ma-

65 1892 173 1928 xime
240 1890 453 1942 discrepare
512 1890 729 1937 contendit,

68 1959 212 2000 quum,
261 1960 361 1999 quae
398 1948 598 1997 posteriori
628 1954 731 1983 tem-

66 2016 161 2055 pore
190 2004 230 2040 in
261 2004 454 2041 sociorum
471 2005 583 2040 rebus
603 2003 732 2054 publi-

69 2061 122 2098 cis
168 2060 484 2113 coloniarumque
524 2061 564 2096 in
608 2058 734 2097 dedu-

68 2118 195 2154 ctione
217 2117 469 2166 obtinuerint,
500 2118 547 2154 ab
566 2117 632 2154 illo
652 2117 734 2168 pri-

67 2186 132 2210 sco
162 2186 256 2210 aevo
283 2175 548 2226 maximopere
568 2174 642 2210 sint
671 2186 735 2210 re-

66 2229 271 2277 movenda,
310 2231 376 2267 ubi
397 2231 569 2268 coloniae
610 2228 735 2267 dedu-

68 2288 144 2324 ctio
188 2300 341 2324 sacrum
378 2287 574 2340 quoddam
606 2287 735 2335 fuerit,

69 2342 238 2395 indeque
257 2345 417 2381 unicum
446 2352 483 2382 et
509 2345 735 2396 primarium

70 2401 244 2438 coloniae
282 2403 482 2439 vinculum
521 2415 612 2439 cum
639 2402 734 2438 urbe

71 2458 194 2508 patria
249 2470 444 2496 sacrorum
497 2460 733 2496 communio.

72 2514 203 2560 Quum
222 2527 313 2551 vero
343 2517 390 2552 ab
417 2514 633 2567 Epidauriis
652 2517 736 2552 Do-

72 2572 213 2608 rienses
232 2571 437 2622 Aeginetas
457 2571 636 2610 oriundos
657 2585 735 2610 esse

73 2629 272 2679 ipsamque
326 2630 516 2680 Aeginam
555 2629 737 2681 Epidauri

74 2685 266 2721 coloniam
288 2697 366 2722 esse
386 2686 509 2723 tradat
522 2686 737 2724 Herodotus

75 2741 175 2789 VIII,
195 2740 249 2782 46
272 2740 357 2789 (ubi
383 2743 569 2793 legimus:
620 2743 737 2796 Αἰγι-

74 2797 194 2847 νῆταί
225 2797 303 2837 εἰσι
329 2797 501 2848 Δωριέες
531 2794 737 2838 οἷπόἘπι-

76 2848 260 2906 δαύρου)
320 2854 524 2893 accedente
572 2856 735 2893 Pausan.

774 696 822 741 Π,
845 696 898 735 29
922 695 959 740 ξ.
980 694 1019 741 5,
1041 695 1121 731 aliis
1142 707 1163 730 a
1183 694 1345 730 Miillero
1368 707 1441 730 ex-

776 752 896 789 citatis
923 752 1102 799 testibus,
1142 752 1242 787 inter
1269 752 1442 801 Aegine-

775 816 832 847 tas
853 815 967 860 atque
989 807 1217 859 Epidaurios
1233 809 1350 845 talem
1370 821 1443 845 ex-

775 867 911 904 stitisse
948 864 1269 902 necessitudinem
1313 877 1443 902 sacro-

777 935 942 975 rumque
953 921 1043 959 inde
1054 920 1227 974 adeoque
1243 922 1332 958 iuris
1344 935 1443 974 quo—

778 993 854 1032 que
893 981 1209 1017 communionem
1242 978 1347 1016 idem
1367 986 1445 1016 sta-

777 1039 850 1075 tuit
871 1037 914 1078 C.
936 1037 982 1074 0.
1001 1037 1152 1074 Miffler.
1170 1037 1198 1074 l.
1217 1036 1245 1074 l.
1272 1049 1363 1087 pag.
1389 1033 1444 1076 45

779 1094 834 1136 46
855 1092 946 1130 inde
960 1092 1214 1144 repetendum
1231 1106 1308 1130 esse
1329 1099 1444 1140 ratus,

781 1149 887 1203 quod
907 1149 955 1187 de
986 1151 1184 1201 Aeginetis
1210 1148 1445 1201 Epidaurio-

780 1221 869 1245 rum
888 1205 1138 1244 iurisdictioni
1160 1208 1336 1244 subiectis
1357 1205 1396 1242 h.
1417 1207 1444 1242 l.

778 1263 975 1316 proditum
994 1265 1223 1311 invenimus,
1244 1277 1334 1301 cum
1362 1265 1446 1299 Do—

779 1335 839 1359 res
858 1323 1066 1372 Aeginetas
1093 1320 1310 1373 Epidauriis
1330 1321 1446 1357 Dori-

780 1380 851 1417 bus
879 1378 1047 1417 subditos
1079 1392 1159 1416 esse
1196 1378 1260 1415 vel
1297 1377 1447 1415 indoles

781 1438 932 1474 Dorum
973 1436 1136 1473 minime
1181 1435 1328 1484 siverit3
1379 1433 1448 1472 sed

783 1506 904 1531 unam
922 1494 1049 1545 potius
1068 1493 1183 1530 fuisse
1209 1493 1293 1530 vult
1313 1493 1449 1530 civita-

784 1558 885 1599 tem,
925 1563 1141 1598 sacrorum,
1182 1555 1219 1586 et
1240 1563 1338 1602 quae
1357 1548 1448 1586 inde

787 1615 981 1656 emanant,
1002 1608 1136 1658 legum
1156 1619 1311 1659 quoque
1333 1614 1370 1643 et
1384 1608 1449 1642 iu-

786 1667 887 1703 rium
899 1666 1174 1703 communione
1188 1665 1448 1701 coniunctam.

842 1775 888 1818 τό
910 1775 953 1817 δὲ
981 1773 1059 1817 οἷπὸ
1097 1778 1248 1827 τοῦδε]
1291 1779 1316 1815 i.
1339 1792 1373 1815 e.
1404 1779 1449 1815 ab

786 1847 824 1872 eo
853 1835 935 1872 inde
961 1838 1134 1885 tempore,
1170 1841 1213 1871 ut
1242 1836 1272 1882 Ι,
1295 1833 1333 1874 4.
1357 1837 1450 1875 130.

785 1890 850 1928 Ad
875 1904 1013 1928 vocem
1043 1886 1310 1943 ἀγνωμοσύνη
1348 1891 1451 1929 conf.

786 1949 834 1995 ΙΙ,
859 1950 952 1988 172.
973 1948 1037 1995 IV,
1061 1949 1129 1988 83.
1159 1949 1278 1996 Bene,
1301 1949 1449 1998 opinor,

790 2003 1176 2055 Schweighaeuserus
1186 2006 1358 2042 inLexic.
1370 2006 1452 2041 He-

790 2059 914 2098 rodot.
942 2062 1231 2112 interpretatur:
1274 2074 1451 2111 arrogan-

790 2118 849 2155 titt
868 2118 944 2165 usi,
973 2120 1103 2156 virium
1117 2118 1262 2169 fiducia
1274 2118 1452 2169 ferocien-

791 2179 852 2214 tes.
910 2175 1038 2212 Minus
1064 2175 1191 2226 placet
1229 2176 1360 2213 Vallae
1389 2178 1453 2212 in-

791 2234 1036 2283 terpretatio:
1076 2233 1174 2270 nullo
1203 2233 1348 2271 consilio
1372 2236 1452 2280 usi3

789 2289 1025 2340 VVesseling.
1047 2287 1225 2327 dederat:
1255 2290 1306 2328 ad
1334 2294 1455 2327 contu-

790 2348 941 2384 maciam
960 2348 1066 2384 versi.
1084 2369 1140 2374 —-
1169 2348 1213 2384 Iu
1236 2361 1342 2400 seqq.
1365 2342 1454 2387 διά-

792 2417 913 2454 φοροι
933 2410 1022 2440 suut
1041 2405 1176 2442 inimici
1199 2404 1454 2454 discordesque,

790 2466 833 2496 ut
861 2461 1026 2512 explicat
1045 2461 1293 2512 VVesseling.,
1335 2463 1453 2498 citans

791 2517 837 2564 V,
859 2516 925 2559 75·
946 2518 1074 2564 VI,23
1099 2517 1191 2566 [52]
1215 2525 1252 2555 et
1271 2516 1454 2555 Abresch.

792 2573 984 2611 Dilucidd.
1006 2572 1214 2626 Thucydd.
1240 2588 1328 2626 pag.
1359 2575 1454 2615 567.

795 2628 896 2668 Add.
917 2632 1081 2669 Pausan.
1101 2632 1169 2678 III,
1187 2635 1211 2673 6
1233 2632 1306 2677 §.4
1329 2631 1456 2682 ibique

795 2687 936 2725 Siebel.
960 2711 1010 2716 --
1046 2689 1121 2725 Pro
1143 2687 1348 2737 ἐδηλέοντο
1365 2700 1455 2724 cum

795 2752 953 2782 recentt.
977 2744 1135 2782 exhibui
1155 2743 1355 2794 δηλέοντυ,
1387 2745 1454 2780 lir-

794 2808 944 2839 matum
961 2800 1135 2839 Eustath.
1167 2800 1215 2838 ad
1240 2800 1348 2839 Iliad.
1368 2814 1454 2853 pag.

794 2861 862 2906 70,
883 2862 950 2900 20.
