1815 3181
416 207 500 246 296
830 204 1290 251 HERon0T1

290 315 357 362 54
411 312 772 372 γεγενεηλόγητατ.
838 310 916 362 Ὡς
954 312 1001 356 δὲ
1039 310 1063 355 ὁ
1095 314 1299 367 Περσέων
1336 313 1466 370 λόγος
1493 316 1670 370 λέγεται,

91 380 362 452 ἓὲιξιᾱᾱξξὲἓῖῇὸῗῧ·
420 382 552 433 αὐτός
583 380 605 424 ὁ
636 379 848 434 Περσεύς,
897 379 982 423 ἐὼν
1016 377 1266 435 Ἀσσύριος,
1310 381 1475 437 ἐγένετο
1499 382 1670 438 ’Έλλητς

92 451 169 476 εθΰῑ·
417 449 516 495 ἀλλ’
547 449 629 493 οὐκ
666 449 709 491 οἱ
744 447 935 501 Περσέος
973 446 1204 502 πρόγονοι·
1239 448 1344 501 τούς
1383 451 1428 494 δὲ
1455 450 1728 504 Ἀκρισίου30

419 534 467 575 γε
496 516 705 569 πατέρας,
751 514 1065 571 ὁμολογέοντας
1101 514 1196 559 κατ’
1228 516 1476 575 οἰκηϊότητα
1514 519 1674 572 Περσέϊ

418 583 563 638 οὐδὲν,
591 581 777 637 τούτους
805 582 851 627 δὲ
879 580 1010 638 εἶναι,
1048 583 1238 640 κατάπερ
1255 584 1455 642 Ἕλληνες
1483 586 1671 647 λέγουσι,

584 781 677 833 Cap.
701 783 800 820 LIV.

417 835 484 883 Ὡς
499 833 541 875 δὲ
560 835 582 876 ὁ
601 838 789 889 Περσέων
813 834 929 890 λόγος
954 835 1017 877 λέ-

366 894 500 945 γεται]
539 894 688 931 Eadem
716 896 795 932 fere
812 894 859 932 de
878 896 1018 932 Persa-

366 963 453 996 rum
473 951 618 1000 origine
637 953 719 1000 VH,
743 952 822 993 150
843 952 930 989 coll.
952 954 1019 992 61·

365 1006 588 1057 Apollodor.
621 1009 670 1056 II,
700 1007 738 1056 4,
763 1008 812 1056 5,
841 1009 908 1045 ubi
937 1007 1016 1046 vid.

364 1064 506 1113 Heynii
545 1065 723 1101 Observv.
754 1078 842 1115 pag.
875 1068 954 1105 127
984 1071 1023 1101 et

364 1118 547 1170 Xenoph,
569 1121 706 1172 Cyrop.
726 1123 756 1168 I,
777 1125 816 1169 2,
841 1124 875 1160 1.
918 1120 1020 1157 Add.

366 1176 542 1213 Creuzer.
572 1178 746 1228 Symbol.
775 1179 793 1212 I
819 1190 907 1228 pag.
928 1180 1020 1217 792.

365 1233 466 1269 Nam
485 1234 600 1283 vulgo
620 1236 672 1270 ita
691 1233 875 1284 tradunt,v>
897 1247 918 1269 a
933 1235 1023 1270 Iove

367 1302 412 1325 ac
431 1290 562 1327 Danae
582 1297 812 1341 prognatum
828 1303 906 1327 esse
926 1291 1023 1326 Per-

367 1358 497 1393 seum,
531 1348 596 1398 qui
616 1361 665 1384 ex
684 1346 932 1384 Andromeda
951 1359 1023 1396 ge-

364 1403 491 1438 nuerit
500 1401 798 1451 Achaemenem,
809 1404 1024 1454 stirpisPer-

365 1472 494 1495 sarum
511 1461 638 1509 regiae
660 1466 868 1497 auctorem.
910 1458 1023 1496 Unde

368 1516 422 1550 ita
442 1514 601 1553 discedit
619 1515 877 1567 Apollodorus
916 1515 1023 1565 (coll.

367 1571 512 1609 Herod.
542 1574 622 1620 VH,
643 1573 728 1621 61),
768 1580 812 1610 ut
841 1574 1024 1610 Perseum

368 1629 466 1665 Iovis
487 1642 530 1665 ac
559 1631 709 1667 Danaes
735 1628 876 1677 filium,
913 1636 1024 1666 ante—

317 1698 320 1703 ·
368 1697 488 1736 quam
526 1686 567 1721 iu
603 1687 802 1724 Graeciam
849 1688 1024 1733 venisset,

368 1743 574 1792 suscepisse
592 1743 728 1780 scribat
738 1744 892 1791 Persen,
915 1755 937 1779 a
948 1755 1022 1794 quo

370 1796 474 1847 apud
505 1798 704 1849 Cepheum
742 1800 873 1837 relicto
907 1800 1024 1849 origb

370 1867 463 1890 nem
493 1854 634 1892 ducant
664 1857 866 1895 Persarum
903 1868 1024 1906 reges.

370 1911 448 1947 Nos
477 1911 573 1948 illud
599 1919 800 1949 tenemus:
840 1913 882 1949 in
910 1914 1025 1949 totius

369 1967 521 2004 fabulae
555 1969 872 2019 significationem
897 1970 1026 2020 iuqui-

371 2024 470 2060 renti
487 2037 581 2062 mox
599 2039 779 2076 apparere
792 2055 803 2073 ‚
832 2027 1029 2063 tesserario

365 2078 488 2116 -modo
508 2079 571 2117 hic
591 2083 659 2118 sub
679 2082 895 2119 fabularum
913 2083 1025 2119 iuvo-

371 2136 485 2172 lucris
504 2136 661 2174 indicari
670 2139 785 2188 ipsius
796 2146 916 2175 terrae
931 2151 1026 2176 con-

371 2190 557 2229 ditionem
582 2195 746 2245 solisque
774 2196 856 2231 vim
892 2196 934 2231 in
963 2207 1025 2231 so-

372 2248 455 2284 lum
473 2249 597 2285 sterile
617 2257 730 2301 atque
750 2257 863 2286 tenue
887 2249 1026 2286 adsru—

369 2316 437 2353 ges
457 2305 712 2354 proferendas.
751 2307 885 2351 Qualia
906 2319 1026 2355 quum

370 2358 529 2398 Persicis
549 2362 587 2398 in
616 2363 860 2412 religionibus
887 2360 1027 2398 Mithra

369 2416 606 2467 indicentur,
645 2419 872 2468 intelligetur
900 2431 1024 2470 spero,

373 2471 465 2524 quid
493 2473 563 2514 sibi
602 2475 692 2511 velit
732 2476 867 2518 Graeci
900 2473 1024 2511 herois

371 2529 479 2579 origo
516 2531 665 2567 Persica
698 2544 852 2581 regesve
890 2532 1026 2568 Persa-

374 2598 461 2622 rum
489 2598 510 2622 8
544 2587 688 2624 Graeco
721 2585 834 2624 heroe
864 2586 1026 2625 oriundi.

374 2641 454 2679 Sed
474 2641 521 2679 de
539 2641 613 2680 hoc
641 2656 830 2695 exponere
855 2644 1027 2693 longum,

374 2711 446 2735 nec
465 2697 577 2736 huius
597 2700 680 2738 loci.
738 2699 822 2738 Vid.
853 2701 1027 2737 Creuzer.

375 2755 401 2791 l.
433 2755 458 2791 1.
488 2756 505 2791 1
533 2769 571 2806 p.
601 2759 680 2797 791
711 2770 789 2809 seq.
819 2757 868 2793 lv
890 2771 927 2807 p.
949 2755 1028 2796 246

376 2823 456 2863 seq.
479 2813 565 2850 coll.
581 2814 630 2850 IV
650 2826 690 2864 p.
711 2811 803 2861 434,
825 2814 892 2865 qui
913 2827 932 2849 e
954 2812 1028 2849 du—

1072 781 1162 833 plici
1180 781 1244 818 illa
1263 781 1366 818 fama
1382 811 1392 830 ‚
1427 794 1525 834 quae
1545 782 1728 820 Perseum

1072 837 1190 876 modo
1240 839 1440 889 Assyrium
1494 840 1728 891 Persamque

1073 895 1206 945 fmgit,
1239 894 1356 932 modo
1376 897 1623 947 Aegyptium,
1658 895 1734 933 hoc

1076 959 1177 989 certe
1200 952 1326 1002 colligi
1348 965 1456 1003 posse
1477 953 1649 990 observat
1686 965 1736 990 ex

1075 1015 1237 1060 utraque
1259 1010 1436 1058 regione,
1469 1023 1519 1046 ex
1555 1010 1735 1061 Aegypto

1077 1078 1198 1116 aeque
1228 1078 1271 1102 ac
1293 1067 1492 1115 superioris
1519 1066 1632 1103 Asiae
1657 1073 1738 1103 tra-

1077 1129 1142 1159 ctu
1162 1123 1394 1160 Graecarum
1419 1123 1649 1173 religionum
1670 1135 1734 1159 se-

1077 1179 1183 1219 mina
1227 1185 1340 1229 atque
1385 1180 1491 1222 initia
1527 1178 1734 1229 repetenda

1081 1248 1171 1272 esse.
1241 1236 1369 1286 Atque
1401 1237 1516 1278 etiffln
1556 1237 1733 1285 Koppen.

1082 1290 1298 1341 (Nordgest.
1321 1290 1359 1328 d.
1380 1293 1492 1329 Pont.
1513 1305 1551 1341 p.
1581 1290 1660 1341 42)
1682 1293 1735 1328 ita

1077 1346 1239 1396 iudicat,
1270 1346 1342 1385 hac
1363 1361 1412 1384 ex
1437 1348 1566 1384 fabula
1589 1344 1733 1398 patere,

1080 1417 1156 1456 quo
1177 1410 1288 1454 pacto
1312 1405 1466 1441 orientis
1480 1403 1651 1441 doctrina
1671 1417 1735 1447 sa-

1081 1473 1144 1505 cra
1156 1460 1204 1497 ad
1215 1461 1378 1497 Graecos
1387 1462 1613 1511 pervenerit.
1625 1462 1732 1497 Tan-

1080 1518 1136 1567 git
1158 1518 1228 1553 ista
1248 1530 1402 1569 quoque
1424 1530 1446 1554 a
1469 1516 1538 1556 Cr.
1562 1516 1734 1554 laudatus

1080 1572 1289 1624 Inghirami
1298 1575 1542 1611 Monumenti
1559 1572 1734 1611 Etruschi

1081 1629 1130 1666 ad
1149 1631 1226 1667 tab.
1246 1628 1299 1672 54
1320 1630 1419 1685 delle
1438 1644 1533 1667 urne
1550 1629 1734 1668 Etrusehe

1080 1699 1167 1737 pag,
1184 1685 1279 1727 456.

1135 1740 1230 1788 τούς
1242 1740 1284 1781 δὲ
1293 1737 1498 1794 Ἀκρισίου
1510 1757 1552 1793 γε
1563 1740 1734 1792 πατέρας

1081 1814 1118 1838 κ.
1145 1814 1179 1837 τ.
1203 1799 1256 1847 λ.]
1288 1798 1464 1835 Pendeut
1483 1797 1525 1835 hi
1551 1799 1735 1844 accusati-

1082 1857 1132 1903 vi,
1153 1862 1335 1907 sequente
1354 1855 1553 1903 infinitivo,
1574 1868 1596 1891 a
1614 1855 1735 1893 verbis

1082 1911 1136 1958 ὥς
1158 1910 1181 1951 ό
1200 1907 1318 1963 λόγος
1337 1911 1487 1964 λέγεται
1526 1911 1737 1949 secundum

1081 1982 1167 2005 eam
1186 1971 1371 2005 rationem
1384 1998 1393 2016 ,
1425 1981 1542 2020 quam
1567 1969 1735 2005 obtinere

1080 2024 1244 2062 vidimus
1254 2026 1315 2073 IV,
1327 2026 1366 2066 5.
1384 2026 1450 2065 95.
1461 2026 1505 2070 V,
1519 2027 1584 2067 10.
1605 2025 1735 2070 Omnis

1081 2089 1210 2119 autem
1229 2081 1414 2118 Herodoti
1440 2083 1501 2119 vel
1525 2082 1649 2132 potius
1669 2093 1738 2117 eo-

1080 2151 1189 2185 rum,
1229 2151 1323 2189 quos
1352 2145 1502 2174 secutus
1530 2144 1606 2184 est,
1645 2149 1736 2173 sen-

1079 2195 1197 2241 tentia
1237 2207 1280 2230 eo
1311 2193 1427 2240 redit,
1477 2199 1519 2230 ut
1553 2194 1736 2229 Persemn

1083 2250 1342 2286 existimemus
1363 2263 1383 2286 e
1407 2251 1609 2286 Persarum
1633 2249 1737 2285 sama

1081 2307 1279 2356 Assyrium
1289 2306 1412 2353 fuisse,
1423 2313 1507 2343 tum
1516 2318 1605 2342 vero
1617 2306 1738 2342 Grae-

1084 2375 1174 2399 cum
1203 2375 1281 2399 esse
1300 2363 1469 2409 sactum3
1499 2375 1624 2414 neque
1646 2374 1736 2399 vero

1079 2419 1207 2455 Persei
1236 2419 1396 2456 maiores
1420 2419 1533 2456 fuisse
1555 2420 1734 2469 Assyrios,

1079 2488 1204 2527 neque
1227 2476 1372 2523 Acrisii,
1395 2477 1462 2528 qui
1489 2477 1638 2512 Danaes
1666 2488 1735 2525 pa-

1081 2538 1139 2567 ter
1168 2532 1283 2581 vulgo
1307 2532 1448 2579 fertur,
1499 2538 1620 2582 patres
1657 2531 1732 2567 ullo

1082 2587 1367 2630 necessitudinis
1390 2589 1542 2626 vinculo
1556 2588 1734 2636 coniungi

1085 2657 1174 2681 cum
1210 2645 1348 2681 Perseo
1361 2674 1371 2692 ,
1415 2644 1480 2682 sed
1493 2675 1502 2691 ‚
1549 2642 1735 2696 quemad-

1082 2700 1243 2738 modum
1264 2701 1398 2738 Graeci
1412 2699 1585 2747 tradunt,
1605 2701 1735 2749 Aegy-

1085 2758 1180 2807 ptios
1198 2770 1290 2794 esse.
1325 2759 1446 2794 'Hinc
1465 2757 1602 2793 verba:
1636 2753 1736 2805 ὁμο-
1794 2806 1797 2809 ¹

1086 2812 1294 2866 λογέοντας
1305 2809 1387 2854 κατ’·
1400 2808 1735 2865 οἰκηϊότηταΠερ-
