1789 3213
341 226 429 263 AD
479 223 945 262 HERODOTUM
991 222 1072 270 VI,
1126 223 1199 262 69.
1421 223 1505 262 809

18 338 169 378 asinarii
190 338 351 376 infames
372 338 568 375 dicuntur:
599 336 810 373 Pausaniae
826 334 997 372 doctrina
1012 333 1116 372 hunc
1126 333 1235 371 nobis
1256 345 1369 370 usum
1389 345 1502 383 prae-

18 414 102 457 stat,
122 414 163 444 ut
182 408 371 458 Alopecus
391 403 501 441 heros
524 404 603 454 rufi
620 406 715 441 asini
731 403 1045 454 significationem
1057 415 1280 440 conservare
1291 400 1502 439 videatur.“

131 474 237 523 „Sed
257 470 380 526 quid?
411 479 567 523 quaerat
588 473 786 523 quispiam.
845 471 1067 507 contemtus
1096 472 1275 507 asinarius
1308 477 1344 506 et
1373 476 1503 506 tamen

19 541 196 580 heroibus
214 541 454 591 interpositus
474 547 587 592 atque
608 539 703 576 adeo
724 538 1013 575 Heraclidarum
1034 540 1140 590 quasi
1160 539 1389 588 imaginibus
1422 538 1507 573 illa-

19 606 111 647 tus?
138 632 195 637 -—
223 610 391 661 Uterque
420 621 554 659 porro,
590 620 678 645 cum
699 608 728 644 is
745 637 755 655 ‚
787 608 852 659 qui
875 607 922 642 ab
944 608 1055 644 asinis
1080 620 1225 643 nomen
1254 604 1393 652 habet,
1425 612 1507 641 tum

21 679 89 730 qui
107 691 129 714 a
147 678 261 728 vulpe
274 707 283 725 ‚
300 689 493 713 sacrorum
509 677 622 713 etiam
642 676 814 712 minister
832 676 1085 726 inventorque
1098 672 1118 712 Ξ)
1138 673 1277 710 Audio.
1310 675 1430 724 Igitur
1449 674 1507 709 al-

19 746 94 783 tius
127 743 400 797 inquirendum
431 752 468 781 et
498 743 816 781 considerandum
846 743 955 780 nobis
986 750 1064 790 est,
1096 741 1292 795 quomodo
1312 740 1406 778 haec
1426 747 1507 777 tam

22 812 184 850 absurda
209 812 328 863 digeri
356 814 500 863 possint
531 819 568 850 et
595 813 784 864 concoqui
810 809 1111 863 quodammodo.
1169 810 1252 855 Qua
1280 811 1321 846 in
1352 823 1391 846 re
1420 815 1508 845 ante

22 883 151 918 omnia
167 880 262 918 illud
282 880 520 929 cavendum,
550 894 600 917 ne
624 880 672 917 ad
703 880 820 917 nostri
848 879 993 929 ingenii
1022 891 1253 930 morumque
1289 885 1508 914 nostrorum

22 948 193 987 indolem
212 949 418 986 referamus
439 950 578 999 priscas
598 949 798 999 religiones
818 947 1123 998 religionumque
1142 954 1297 984 tesseras
1318 958 1361 982 ac
1395 946 1509 981 fabu—

22 1017 91 1055 las.
147 1019 198 1054 Et
216 1030 346 1055 nonne
365 1018 406 1053 in
435 1018 646 1054 vernaculis
675 1018 791 1053 etiam
820 1013 1006 1052 chronicis
1026 1016 1195 1063 nomina,
1217 1015 1263 1050 ab
1285 1014 1511 1051 animalibus

25 1083 219 1133 desumta,
271 1086 447 1136 imposita
485 1086 724 1136 reperiuntur
753 1085 841 1124 viris
878 1084 1111 1135 principibus
1142 1096 1186 1120 ac
1222 1081 1417 1120 honoratis
1449 1083 1512 1118 in-

24 1153 156 1204 primis
171 1149 191 1190 ?
205 1153 230 1173 ‘⁶

138 1221 244 1266 Quae
258 1220 336 1257 iam
351 1233 374 1257 a
396 1220 466 1259 Cr.
490 1221 697 1259 instituitur
717 1220 916 1272 disputatio
931 1251 941 1270 ‚
970 1221 1121 1272 longior
1147 1233 1263 1272 quam
1284 1233 1381 1272 quae
1410 1219 1512 1255 inte-

25 1300 96 1339 gra
112 1286 190 1326 huc
202 1296 426 1340 apponatur,
448 1289 496 1326 ab
515 1290 713 1341 Aegyptiis
733 1289 878 1328 orditur
898 1292 1059 1337 asinum,
1080 1287 1328 1341 Typhoniam
1339 1288 1512 1334 bestiam,

27 1358 360 1394 contemnentibus
377 1386 386 1405 ‚
405 1358 662 1395 mulcantibus
683 1364 718 1395 et
738 1364 869 1394 tamen
890 1360 944 1394 rei
963 1370 1090 1395 sacrae
1113 1356 1280 1393 eundem
1297 1355 1514 1393 adhibenti-

28 1423 98 1461 bus
107 1452 125 1470 ,
152 1426 336 1461 nimirum
355 1425 508 1473 Isiacae,
530 1439 575 1463 eo
595 1427 675 1463 scil.
695 1439 820 1475 sensu,
851 1433 893 1463 ut
912 1433 1096 1478 tanquam
1115 1427 1234 1475 turpis
1254 1425 1373 1461 bestia
1393 1435 1514 1474 oppo-

27 1499 182 1530 neretur
209 1493 457 1530 nobilioribus
482 1506 526 1529 ac
555 1495 681 1545 specie
706 1493 774 1530 sua
802 1495 1049 1546 moribusque
1069 1491 1305 1545 Typhonem
1325 1490 1517 1543 quodam-

29 1560 146 1599 modo
165 1561 321 1599 referret
341 1575 429 1599 cum
450 1568 582 1598 contra
602 1563 710 1609 canis,
740 1563 819 1611 bos,
841 1563 936 1598 aliae
956 1563 1098 1599 bestiae
1118 1562 1159 1597 in
1178 1559 1334 1597 historia
1363 1557 1518 1596 Osiridis

28 1627 135 1666 sacra
160 1642 312 1667 summo
341 1628 487 1667 honore
514 1631 810 1681 impertirentur.
869 1629 979 1667 Unde
1008 1630 1236 1682 antiquitus,
1270 1627 1395 1678 pergit
1426 1625 1517 1674 Cr„

30 1698 181 1735 asinarii
201 1704 239 1734 et
255 1698 328 1748 ipsi
346 1698 387 1734 in
407 1704 621 1735 contemtus
640 1699 859 1735 societatem
879 1705 1077 1735 venerunt.
1136 1697 1207 1734 Cui
1233 1696 1365 1747 generi
1388 1692 1519 1731 homi-

30 1778 128 1802 num
142 1764 429 1818 quodammodo
451 1767 641 1803 accenseri
655 1773 811 1817 possunt
833 1767 947 1803 etiam
966 1767 1027 1803 isti
1047 1769 1222 1817 agyrtae,
1254 1765 1320 1816 qui
1340 1762 1409 1800 diis
1431 1761 1523 1799 dea-

31 1834 180 1886 busque
209 1835 348 1885 stipem
376 1835 630 1884 corrogabant
654 1840 692 1870 et
723 1835 836 1871 asello
856 1833 1094 1871 vehebantur
1129 1832 1221 1882 (vid.
1247 1829 1456 1868 Ruhnken.
1477 1829 1526 1867 ad

33 1903 187 1939 Timaei
205 1904 301 1939 Lex.
322 1903 417 1942 Plat.
439 1916 477 1953 p.
501 1903 586 1951 10).
644 1901 789 1939 Verum
809 1903 932 1953 prisco
952 1915 1045 1939 aevo
1060 1901 1165 1939 haud
1186 1900 1300 1938 dubie
1320 1899 1526 1936 honestum

33 1969 106 2007 fuit
134 1968 209 2007 hoc
237 1983 433 2008 sacrorum
461 1968 719 2006 curandorum
739 1970 931 2017 officium,
970 1972 1002 2008 si
1031 1969 1187 2023 quidem
1206 1970 1285 2020 ipse
1304 1969 1368 2004 ille
1388 1967 1525 2004 Abaris

34 2037 75 2073 in
94 2045 314 2089 agyrtarum
335 2051 497 2075 numero
522 2036 754 2086 censendus,
785 2045 879 2076 teste
907 2037 1117 2075 Iamblicho
1137 2039 1195 2074 De
1225 2038 1291 2075 vit.
1317 2033 1432 2088 Pyth.
1461 2048 1524 2086 cp.

38 2106 89 2145 19
111 2119 152 2157 p·
178 2109 247 2147 76.
304 2107 432 2158 Atque
461 2108 588 2156 ipsum
615 2106 856 2144 Herodotum
884 2114 1058 2144 nostrum
1077 2113 1212 2143 testem
1232 2103 1413 2142 adhibere
1432 2115 1524 2154 pos-

36 2184 167 2210 sumus
189 2173 324 2210 veteris
343 2173 643 2226 honestiorisque
661 2175 778 2212 moris
798 2182 834 2212 et
853 2174 1010 2226 quidem
1024 2176 1063 2211 in
1083 2175 1199 2225 ipsius
1213 2174 1357 2210 Dianae
1370 2171 1524 2221 religio-

36 2243 172 2292 nibus3
200 2243 264 2290 IV,
281 2243 334 2284 35
357 2244 441 2292 [ubi
460 2242 538 2279 vid.
571 2243 703 2291 nott.].
761 2244 867 2288 Quae
888 2256 978 2280 cum
997 2243 1049 2279 ita
1073 2243 1166 2290 sint,
1187 2254 1267 2279 non
1291 2238 1524 2286 mirandum,

36 2313 165 2361 priscis
190 2312 398 2361 temporibus
428 2311 599 2348 eiusmodi
631 2311 848 2361 sacrzflculos
881 2315 987 2361 atque
1020 2313 1194 2361 agyrtas,
1238 2309 1376 2346 heroum
1395 2319 1526 2358 quoque

40 2378 225 2416 honoribus
240 2383 380 2416 ornatos
396 2379 605 2429 heroici-sque
627 2380 790 2428 gentibus
815 2381 1034 2430 interpositos
1065 2392 1146 2416 esse.
1204 2379 1338 2428 Neque
1357 2376 1434 2411 iam
1455 2374 1528 2410 ob·-

39 2459 196 2485 scurum
217 2453 294 2495 est,
331 2460 398 2484 cur
426 2460 622 2484 sacrorum
644 2449 820 2485 inventor
838 2446 1020 2500 idemque
1048 2446 1278 2484 sacrificulus
1298 2443 1527 2480 Astrabacus

41 2515 207 2566 potuerit
234 2514 442 2552 Heraclidis
470 2516 661 2553 accenseri
686 2522 800 2568 atque
820 2517 957 2554 sacello
978 2516 1203 2566 coronisque
1231 2511 1389 2548 mactari
1407 2512 1530 2547 Lace-

42 2581 248 2620 daemone:
281 2589 318 2619 et
346 2581 449 2619 idem
477 2590 607 2620 tamen
625 2585 798 2622 iocorum
818 2584 1140 2634 cavillationisque
1168 2587 1439 2633 argumentum
1459 2591 1530 2615 ex-

43 2649 184 2690 hibere.
239 2652 339 2687 Nam
365 2652 589 2690 Demaratus
618 2659 655 2689 et
675 2654 741 2705 qui
769 2655 816 2690 ab
837 2653 998 2690 asinario
1019 2651 1176 2688 nomine
1205 2649 1360 2686 dicteria
1378 2648 1418 2683 in
1439 2658 1528 2682 eum

45 2718 244 2756 eliciebant
264 2718 478 2768 adversarii,
498 2720 739 2758 Persicorum
759 2728 881 2759 aetate
900 2721 1088 2758 bellorum
1109 2719 1307 2765 vixerunt3
1337 2728 1414 2768 quo
1427 2721 1529 2752 tem-

45 2799 136 2837 pore
154 2787 306 2824 licentia
325 2787 553 2838 optimatum
571 2789 850 2826 Laconicorum
869 2802 995 2840 neque
1016 2799 1136 2839 usque
1157 2799 1309 2838 quaque
1331 2782 1529 2834 religioni-

46 2853 116 2892 bus
130 2855 311 2907 pepercit.
369 2854 447 2894 Sed
469 2862 596 2893 tamen
618 2857 731 2893 etiam
752 2863 834 2894 tum
855 2857 982 2907 patriis
1008 2854 1252 2905 religionibus
1278 2852 1430 2903 publice
1451 2851 1529 2902 pri-
