1870 3249
390 223 671 261 TERPS

702 222 1047 259 ICHORE.
1107 221 1152 257 V.

1329 221 1408 261 141

145 335 250 378 τέων
279 337 332 390 τῇ
362 332 480 390 χώρῃ
511 334 730 375 λείπουσι·
772 332 816 374 οἱ
845 330 891 374 δὲ
920 329 1154 386 ἱπποβόται
1184 327 1410 372 ἐκαλέοντο

119 404 194 446 4οἰ
231 402 382 456 παχέες
410 405 500 443 τῶν
531 398 801 443 Χαλκιδέων.

869 398 1003 449 ὅσους
1045 398 1090 441 δὲ
1130 397 1205 441 καὶ
1242 394 1413 439 τούτων

144 469 411 525 ἐζώγρησαν,
451 468 541 522 ἅμα
579 473 693 511 τοῖσι
728 470 938 509 Βοιωτῶν
978 465 1312 522 ἐζωγρημένοισι
1349 461 1413 506 εἷ-

142 554 221 594 χον
251 537 298 580 ἐν
328 540 529 592 φυλακῇ,
556 536 604 580 ἐν
631 535 783 585 πέδαις
809 534 1041 589 δήσαντες·
1080 533 1224 591 χρόνῳ
1245 533 1291 576 δὲ
1321 532 1412 574 ἔλυ-
1424 537 1471 570 20

115 604 229 649 ὀσάν
259 617 416 660 σφεας,
449 605 634 659 διμνέως
663 601 1055 658 ἀποτιμησάμενοι.
1095 602 1174 654 τοὶς
1204 600 1251 644 δὲ
1279 598 1415 649 πέδας

145 672 304 726 αὐτῶν,
337 673 384 716 ἐν
412 676 510 730 τῇσι
539 671 750 722 ἐδεδέατο,
782 669 1082 727 ἀνεκρέμασαν
1103 670 1146 721 ἐς
1172 669 1252 725 τὴν
1283 666 1413 722 ἀκρό-

143 747 296 786 πολιν·
338 742 465 795 αἴπερ
497 740 557 784 ἔτι
579 740 652 784 καὶ
691 740 732 791 ἐς
763 738 836 795 ἐμὲ
865 735 977 796 ἦσαν
1007 742 1281 794 περιεοῦσαι,
1318 751 1412 792 κρε-

87 917 144 954 τῶ
149 931 169 954 ν
189 922 226 952 et
245 912 397 955 τούτων
410 914 498 953 dedi
508 928 576 967 pro
594 910 749 955 αὐτέων

89 980 126 1010 et
145 971 329 1012 τουτέων.

145 1029 188 1068 οἷ
212 1027 254 1068 δὲ
285 1027 503 1081 ἱπποβόται
540 1026 748 1068 ἐκαλέοντο

90 1085 132 1125 οἱ
176 1085 317 1137 παχέες
357 1089 439 1125 τῶν
487 1083 747 1133 Χαλκιδέων]

88 1143 309 1194 „Equidem
337 1157 418 1181 non
446 1144 582 1194 opinor
613 1143 667 1179 sic
700 1143 748 1179 ab

87 1199 281 1238 Herodoto
292 1202 458 1252 potuisse
466 1200 578 1237 scribi
588 1212 598 1247 3
610 1198 677 1236 sed
689 1212 751 1235 ar-

39 1277 45 1282 „
87 1257 203 1294 ticulo
219 1259 358 1294 omisso
383 1253 670 1308 ἱπποβόται
698 1253 751 1295 δὲ

85 1312 190 1353 ἐκαλ.
211 1315 253 1354 οἷ
266 1329 358 1366 παχ.
378 1316 459 1353 τῶν
474 1313 750 1353 Χαλκιδέων.“

96 1371 308 1409 Valcken.
374 1372 481 1417 Quae
530 1370 747 1407 emendatio

88 1427 266 1465 audacior
303 1435 341 1465 et
382 1442 404 1466 a
440 1429 606 1479 vestigiis
640 1441 746 1464 nunt:

87 1486 232 1536 vulgati
250 1493 376 1523 textus
396 1486 550 1536 longius
569 1484 749 1522 recedere

86 1541 238 1580 videtur
266 1545 443 1594 Hoegero
470 1544 523 1580 ita
544 1541 583 1579 h.
604 1543 630 1579 l.
653 1555 749 1579 con-

85 1600 256 1636 stituenti
286 1597 350 1647 039
388 1597 440 1639 δὲ
479 1595 748 1650 [ἴπποβόται]

86 1655 293 1697 ἐκαλέοντο
308 1656 355 1696 οἱ
377 1655 520 1708 παχέες
535 1658 616 1695 τῶν
640 1659 749 1695 Χαλ-

85 1712 252 1762 κιδέων,
281 1715 334 1750 ita
362 1720 406 1751 ut
432 1727 510 1752 vox
531 1709 750 1780 ἱπποβόται

87 1783 137 1807 ex
165 1769 340 1808 scholio
330 1784 370 1807 111
389 1777 541 1808 textum
557 1771 749 1822 hrepsisse

86 1816 334 1864 existimetur.
390 1827 479 1865 Vid.
513 1828 618 1865 Actt.
662 1826 749 1878 phi-

87 1884 166 1920 1011.
194 1886 370 1922 Monacc.
388 1885 444 1921 HI
465 1898 504 1935 p.
526 1883 622 1925 495.
651 1883 750 1921 Mihi

88 1940 242 1990 vulgata
261 1947 451 1991 praestare
472 1939 634 1977 videtur.

146 1995 188 2035 ἐν
209 1995 348 2044 πέδαις
368 1993 587 2047 δήσαντες]
610 1996 652 2036 ἐν
678 1993 750 2035 πέ-

89 2052 178 2100 δαις
198 2066 267 2105 pro
287 2054 393 2104 vulg.
416 2053 454 2101 ἐς
471 2052 594 2100 πέδας
615 2053 748 2091 «15311Μ

88 2110 198 2147 crofti
224 2111 320 2147 libro
356 2111 507 2163 alioque
528 2109 615 2148 cod.
636 2123 751 2161 repo-

87 2167 145 2203 sui
175 2180 266 2203 cum
294 2166 431 2205 Matth.
452 2175 489 2205 et
527 2166 750 2205 Schaefero.

39 2245 43 2247 Α
87 2224 188 2260 Hinc
208 2230 311 2261 recte
328 2237 426 2262 mox
444 2223 492 2266 ἐν
511 2239 533 2263 τ
548 2225 579 2279 ἦ
591 2237 639 2264 σι
667 2224 749 2264 ἕδε-

88 2278 216 2329 δέατο,
245 2287 288 2318 ut
306 2282 336 2330 Ι,
358 2283 424 2330 66,
445 2281 511 2318 ubi
531 2281 632 2319 conf.
652 2287 750 2319 nott.

86 2338 171 2388 Ipsa
191 2350 280 2375 vero
301 2336 396 2375 haec
423 2338 576 2376 vincula
603 2340 643 2375 in
663 2351 750 2375 arce

87 2393 202 2431 fuisse
219 2407 400 2446 suspensa
420 2393 552 2433 Schol.
575 2394 751 2434 Aristidis

88 2449 203 2487 tradit
222 2464 336 2503 supra
354 2452 458 2490 laud.
479 2474 536 2480 —-
564 2451 628 2490 Ad
650 2451 750 2490 dati-

88 2520 183 2545 vum
201 2505 328 2563 χρόνῳ
359 2509 636 2557 conf.111,13·

147 2549 691 2631 διμνέωςιίποτιμησαμενοι]
722 2567 750 2605 i.

89 2633 123 2658 e.
153 2633 208 2659 eos
226 2621 433 2660 dimiserunt
459 2623 550 2660 binis
566 2625 669 2661 mi'nzs
687 2635 752 2660 ae·-

91 2679 251 2715 stimatos
260 2679 513 2716 s.redemtionis
522 2682 634 2730 pretw
647 2680 752 2717 bzna-

89 2746 168 2771 rum
186 2737 359 2773 minarum
379 2737 415 2773 in
444 2736 606 2784 singulos
623 2739 754 2774 consti-

91 2793 178 2828 tuto.
218 2790 388 2842 διμνέως
425 2792 551 2843 plures
589 2791 755 2830 afferunt

92 2845 217 2896 codd.²
238 2847 342 2886 unde
352 2849 491 2886 Pollux
503 2850 572 2898 IX,
593 2848 647 2890 65
666 2851 756 2887 citat

807 914 971 966 δίμνως.
993 916 1081 951 Duo
1094 911 1396 964 111111διμναίας,
1418 911 1471 948 ita

806 979 851 1008 ut
886 970 1254 1022 Schweighaeusero
1291 967 1472 1006 Herodo-

807 1036 868 1066 tus
886 1030 1077 1080 scripsisse
1105 1027 1282 1065 videatur
1314 1026 1471 1077 διμναῖ-

808 1101 893 1133 ους.
923 1087 977 1123 At
994 1093 1037 1123 tu
1055 1084 1135 1123 vid.
1155 1083 1292 1121 Matth.
1313 1085 1379 1122 Gr.
1404 1084 1472 1120 Gr.

805 1156 894 1193 pag.
918 1145 1016 1184 268.
1073 1141 1191 1193 Apud
1211 1141 1473 1179 Themistitun

805 1213 846 1250 p.
886 1201 969 1240 290
1010 1200 1053 1236 C.
1093 1199 1161 1250 (p.
1191 1198 1287 1245 351,
1312 1197 1377 1238 15.
1408 1199 1473 1237 16.

804 1255 1001 1306 Diudorf.)
1036 1263 1157 1294 exstat
1197 1255 1407 1306 διμνααῖος
1436 1261 1473 1290 et

805 1317 989 1366 μνααῖος.
1047 1312 1110 1350 Ad
1128 1314 1251 1364 ipsam
1271 1325 1354 1348 rem
1374 1312 1473 1347 bene

803 1378 939 1408 monet
965 1371 1202 1420 VVesseling.
1233 1382 1283 1406 ex
1326 1367 1472 1404 Herod.

807 1429 840 1465 V
842 1430 871 1475 1,
894 1430 949 1468 79
972 1429 1080 1465 binas
1100 1429 1224 1464 minas
1234 1425 1338 1478 apud
1350 1427 1473 1463 Grae-

806 1498 871 1522 cos
890 1485 1064 1521 solemne
1083 1485 1125 1522 iu
1152 1485 1323 1534 singulos
1351 1483 1474 1534 capti-

805 1555 874 1580 vos
893 1541 1142 1579 redemtionis
1162 1542 1329 1592 pretinm
1345 1540 1473 1577 fuisse.

805 1598 869 1636 Ad
888 1607 1059 1637 nostram
1078 1606 1278 1636 monetam
1306 1598 1338 1635 si
1357 1610 1473 1635 revo—

806 1657 923 1704 caris,
972 1670 993 1693 e
1044 1657 1220 1694 VVurmii
1265 1655 1474 1692 rationibus

807 1720 919 1750 eruut
941 1715 993 1754 86
1006 1713 1144 1751 ssoreni
1161 1713 1215 1754 52
1235 1713 1378 1762 cruc-ig.
1394 1713 1475 1749 sive

804 1770 859 1811 48
889 1769 1036 1808 Thaler
1057 1773 1082 1811 6
1110 1771 1237 1807 Gross.
1269 1770 1416 1807 Saxon.
1437 1769 1473 1804 A

802 1827 921 1864 Fabio
940 1828 1125 1875 Maximo,
1146 1833 1189 1863 ut
1207 1825 1282 1863 hoc
1317 1825 1471 1873 addam,

803 1886 999 1921 Romanos
1019 1885 1066 1921 ab
1096 1884 1312 1920 Hannibale
1341 1889 1471 1933 captos

804 1939 1031 1987 redimente,
1056 1939 1245 1978 dabantur
1259 1941 1301 1976 111
1320 1939 1472 1990 singula

806 1998 950 2048 capita,
971 2004 1066 2034 teste
1087 1995 1294 2034 Plutarcho
1316 1998 1354 2032 in
1366 1997 1473 2033 Fabii

806 2055 882 2092 Vit.
913 2067 995 2105 cap.
1028 2057 1053 2094 7
1084 2054 1257 2092 ducentae
1296 2056 1473 2104 quinqua-

806 2113 914 2160 ginta
935 2109 1161 2159 drachmae3
1192 2123 1291 2163 quae
1319 2123 1474 2148 summa

806 2167 958 2205 excedit
978 2180 1065 2204 eam
1079 2198 1089 2217 ‚
1110 2181 1209 2220 quae
1234 2166 1338 2219 apud
1352 2169 1474 2205 Grae-

807 2238 871 2262 cos
891 2225 1073 2273 invaluit,
1097 2224 1255 2262 dimidio
1276 2226 1417 2263 minae.

864 2277 1137 2334 ἀνεκρέμασαν
1166 2281 1207 2330 ἐς
1242 2279 1315 2332 τήν
1356 2277 1473 2333 ἐκρό-

805 2340 948 2388 nom]
997 2341 1056 2375 De
1096 2341 1375 2391 praepositione
1416 2338 1474 2385 εἰς

806 2394 897 2433 huic
935 2397 1053 2434 verbo
1094 2395 1224 2434 addita
1249 2409 1330 2434 non
1364 2396 1473 2432 aliter

809 2459 924 2504 atque
955 2453 1079 2490 veihis
1098 2457 1280 2500 κεῖσθαι,
1307 2451 1474 2499 καθέζε-

810 2514 926 2558 σθαι,
948 2511 1028 2547 aliis
1050 2510 1151 2548 conf.
1167 2508 1304 2547 Matth.
1326 2511 1392 2547 Gr.
1406 2510 1473 2546 Gr.

808 2579 899 2634 pag.
928 2568 1036 2608 1142
1058 2580 1139 2619 seq.
1202 2567 1307 2603 Infra
1332 2567 1388 2613 V,
1420 2565 1473 2606 95

809 2618 1084 2675 ἀνεκρέμασαν
1113 2620 1211 2676 πρὸ
1225 2639 1245 2670 ς
1274 2619 1326 2662 τὸ
1352 2618 1474 2672 Ἀθή-

809 2695 940 2719 ναιον.
1007 2679 1070 2717 Ad
1107 2680 1316 2718 formulam
1355 2678 1472 2729 αι’περ

811 2735 868 2776 ε’τι
895 2751 963 2775 και
995 2735 1034 2783 ἐς
1061 2734 1128 2787 ἐμὲ
1156 2730 1260 2787 ἦσαν
1291 2734 1364 2786 (ita
1384 2734 1475 2772 dedi

810 2805 881 2844 pro
912 2791 1033 2842 ἕσαν)
1065 2794 1295 2844 περιεοῦσαι
1335 2793 1474 2830 similia

812 2848 1003 2903 quaedam
1024 2850 1203 2888 excitavit
1218 2847 1404 2888 Valcken.
1424 2862 1473 2887 ex
