1806 3181
452 117 539 160 718

876 119 1336 160 HERODOTI

454 226 518 273 ἐπ’
561 226 744 271 αὐτοῖσι.
803 226 1011 284 ἐδέδμητο
1053 228 1099 273 δὲ
1131 234 1267 287 τεῖχος
1304 231 1415 276 κατὰ
1446 229 1607 284 ταύτας
1633 233 1711 286 τὰς

430 293 661 350 6έσβολᾶς·
691 294 764 338 καὶ
792 294 844 339 τό
867 313 915 352 γε
947 297 1137 342 παλαιόν
1165 297 1300 342 πύλαι
1330 299 1504 356 ἐπῆσαν.
1536 300 1765 357 ἔδειμανδὸ
1803 304 1806 309 ’

455 362 502 406 δὲ
537 362 706 414 Φωκέες
733 361 783 406 τὸ
816 369 966 420 τεῖχος,
1000 367 1233 418 δείσαντες,
1263 366 1352 410 ἐπεὶ
1392 369 1601 412 Θεσσαλοὶ
1629 363 1708 424 ἦλ-

452 435 542 473 θον
570 429 617 474 ἐκ
649 434 923 486 Θεσπρωτῶν
944 433 1193 490 οἰκήσοντες
1212 437 1293 490 γῆν
1321 434 1400 490 τὴν
1414 437 1609 490 Αἰολίδα,
1630 436 1711 494 τήν

425 503 449 537 7
458 514 538 553 περ
578 501 663 541 νῦν
701 498 904 543 ἐκτέαται.
943 499 1014 544 ἅτε
1045 499 1098 557 δὴ
1128 502 1409 557 πειρωμένων
1434 507 1522 546 τῶν
1553 507 1712 548 Θεσσα·

452 569 544 608 λῶν
579 567 954 623 καταστρέφεσθαί
995 579 1153 624 σφεας,
1183 572 1314 613 τοῦτο
1350 572 1711 625 προεφυλάξαντο

452 635 497 676 οἱ
528 633 716 685 Φωκέες·
746 635 820 678 καὶ
848 634 897 678 τὸ
923 634 1043 689 ὕδωρ
1073 635 1121 678 τὸ
1156 638 1323 692 θερμὸν
1340 640 1435 682 τότε
1456 638 1618 693 ἐπῆκαν
1641 638 1712 682 έπὶ
1790 683 1794 685 ,

449 701 530 757 τὴν
559 702 729 753 ἔσοδον,
758 700 817 753 ὠς
847 701 901 745 ἂν
928 705 1231 760 χαραδρωθείη
1262 702 1286 747 ὁ
1316 707 1478 760 χῶρος·
1518 708 1608 748 πᾶν
1635 710 1768 763 paq-40

450 767 716 825 χανειόμενοι
744 768 857 821 ὅκως
886 769 944 826 μή
974 783 1054 826 σφι
1083 769 1306 827 ἐσβάλοιεν
1336 773 1380 815 οἷ
1402 773 1611 817 Θεσσαλοὶ
1641 773 1712 818 ἐπὶ

423 843 444 877 8
460 835 540 892 τὴν
568 836 727 893 χώρην.

790 839 848 881 Τὸ
880 838 959 893 μέν
988 855 1072 882 νυν
1100 843 1237 895 τεῖχος
1265 837 1315 882 τὸ
1346 836 1532 894 ἀρχαῖον
1563 841 1610 884 ἐκ
1631 856 1712 884 πα-

450 907 581 947 λαιοῦ
627 921 672 948 τε
710 905 938 963 ἐδέδμητο,
973 905 1125 949 καὶτὸ
1163 905 1297 949 πλέον
1334 904 1472 950 αὐτοῦ
1511 906 1595 962 ἤδη
1623 906 1711 951 ὑπὸ

420 970 617 1027 9χρόνου
646 972 796 1025 ἔκειτο,
826 979 939 1017 τοῖσι
970 973 1030 1026 δὲ,
1064 968 1189 1024 αὖτις
1206 972 1445 1028 ὀρθώσασι,
1475 972 1712 1026 ἔδοξεταύ-

448 1056 502 1096 τῃ
532 1038 776 1096 ἀπαμύνειν
805 1039 891 1086 ἀπὸ
920 1044 996 1099 τῆς
1021 1039 1226 1094 Ἑλλάδος
1252 1040 1331 1085 τὸν
1357 1040 1599 1099 βάρβαρον.
1627 1041 1769 1099 κοί-,45

394 1214 680 1253 Schneidewin.
699 1213 747 1251 ad
756 1215 861 1266 Ibyci
870 1215 1053 1265 fragmm.

393 1286 434 1323 Ρ.
460 1275 550 1314 181.
608 1271 780 1319 Accedit,
803 1270 909 1323 quod
930 1272 1052 1308 omnis

393 1328 490 1366 haec
518 1330 623 1379 regio
653 1329 826 1365 Herculis
869 1329 1053 1378 religione

396 1393 617 1422 consecrata
651 1384 821 1432 videtur,
861 1385 959 1421 bene
981 1385 1054 1421 ob-

393 1449 568 1480 servante
600 1442 641 1480 C.
673 1442 716 1480 0.
751 1441 902 1481 Mijller.
922 1442 1015 1478 Dor.
1034 1442 1053 1477 I

392 1513 433 1550 p.
455 1498 537 1539 427
558 1512 638 1550 seq.
659 1499 688 1535 si
702 1497 858 1549 quidem
878 1498 932 1533 ibi
960 1498 1054 1533 fun-

395 1554 466 1592 dus
499 1556 606 1607 quasi
633 1555 785 1590 fabulae
806 1553 853 1590 de
874 1555 1052 1602 Hercule,

395 1613 462 1664 qui
491 1625 540 1648 ex
566 1610 624 1649 his
644 1611 860 1658 montibus,
882 1623 961 1647 non
982 1611 1054 1646 ali-

393 1675 452 1705 ter
490 1675 604 1720 atque
637 1674 768 1718 postea
816 1665 1051 1715 Heraclidae,

392 1738 612 1776 progressus
631 1737 752 1776 eoque
769 1724 884 1761 etiam
903 1736 1052 1774 regres-

393 1795 456 1820 sus
477 1781 582 1818 diem
602 1782 736 1819 obiisse
755 1781 886 1818 fertur.

451 1838 640 1890 ἐδέδμητο
688 1835 731 1877 δὲ
777 1841 903 1888 τεῖχος
950 1832 1050 1876 κατὰ

394 1891 541 1941 ταύτας
581 1892 651 1942 τὰς
698 1891 882 1945 ἐσβολάς]
925 1894 970 1929 In
990 1891 1049 1930 his

394 1952 567 1989 faucibus
579 1946 941 2004 φρούρια(εαείαἰία)
955 1949 1050 1987 olim

394 2008 508 2045 fuisse
537 2008 675 2045 Strabo
703 2020 856 2059 quoque
893 2013 1050 2044 testatur

392 2064 418 2103 l.
456 2066 482 2101 l.
531 2065 759 2114 Intelligitur
797 2070 926 2101 autem
956 2076 1050 2114 pro-

391 2121 454 2157 cul
476 2119 591 2157 dubio
612 2122 675 2157 ille
708 2122 827 2167 locus,
858 2121 924 2157 ubi
944 2133 1047 2156 nunc

391 2178 612 2215 Turcorum
633 2178 831 2227 portitores
847 2205 856 2223 ,
887 2177 1051 2226 vectigal

393 2245 416 2271 a
434 2234 712 2270 transeuntibus
735 2233 943 2282 exigentes,
967 2233 1050 2268 col-

394 2291 509 2328 locati
536 2296 622 2327 sunt
655 2289 837 2338 exiguum
871 2288 919 2324 ad
949 2301 1050 2338 pon-

396 2354 477 2384 tem
491 2377 500 2395 ,
532 2360 612 2383 non
642 2347 758 2396 longe
779 2345 824 2380 ab
845 2345 916 2380 illis
932 2344 1050 2381 fonti-

396 2404 466 2441 bus
507 2402 649 2440 calidis.
726 2402 827 2448 Quin
877 2407 1051 2438 veterum

397 2466 751 2505 monumentorum,
773 2457 820 2495 de
842 2458 978 2509 quibus
1000 2457 1049 2496 cf.

397 2518 563 2568 Appian.
591 2517 676 2568 Syr.
709 2518 778 2556 97.
810 2516 970 2564 Procop.
992 2515 1050 2550 De

398 2573 568 2612 aedifico.
582 2574 646 2622 IV,
661 2575 724 2620 12,
746 2571 922 2623 reliquias
934 2583 1049 2622 quas-

399 2629 488 2667 dam
509 2629 633 2667 adhuc
653 2630 756 2666 cerni
767 2629 901 2666 volunt
911 2634 947 2664 et
966 2627 1048 2677 ipso

396 2688 436 2723 in
445 2688 542 2734 loco,
564 2688 629 2739 qui
640 2686 808 2722 maxime
816 2684 992 2738 'omnimn
1003 2684 1049 2720 sit

397 2750 577 2795 angustus
613 2756 657 2781 ao
698 2743 949 2793 periculosus,
982 2740 1047 2778 ubi

1107 1214 1222 1267 pauci
1241 1215 1382 1252 multos
1401 1213 1606 1266 prohibere
1621 1213 1768 1265 possint

1109 1271 1385 1322 aggredientes.
1444 1271 1553 1309 conf.
1591 1273 1713 1308 Kruse
1739 1272 1767 1310 l.

1107 1329 1133 1367 l.
1155 1343 1194 1379 p.
1219 1331 1297 1369 130
1315 1335 1352 1364 et
1375 1328 1415 1364 in
1430 1329 1563 1379 primis
1581 1327 1768 1366 Vaudon-

1109 1391 1230 1422 court.
1250 1385 1277 1422 l.
1298 1385 1324 1423 l.
1346 1398 1385 1435 p.
1409 1387 1486 1426 281
1510 1398 1618 1437 seqq.
1657 1383 1768 1422 Idem

1107 1448 1266 1479 testatur
1284 1440 1472 1482 Dodwell,
1493 1442 1520 1479 l.
1539 1443 1564 1482 l.
1586 1454 1673 1492 pag.
1687 1442 1767 1482 139

1108 1512 1149 1536 se
1178 1511 1258 1534 non
1287 1499 1402 1548 longe
1427 1511 1449 1534 a
1483 1498 1651 1535 fontibus
1673 1498 1768 1535 cali-

1110 1554 1166 1592 dis
1186 1556 1386 1591 moenium
1411 1567 1454 1591 ac
1472 1555 1582 1591 turris
1603 1567 1767 1605 conspe-

1108 1612 1207 1648 xisse
1229 1610 1418 1662 quaedam
1427 1611 1597 1661 vestigia,
1618 1624 1690 1647 nec
1705 1617 1766 1647 ta-

1108 1681 1199 1704 men
1216 1668 1280 1704 illa
1301 1666 1459 1718 quidem
1477 1666 1588 1705 valde
1603 1673 1765 1704 vetusta.

1107 1745 1164 1751 —
1195 1725 1253 1760 De
1295 1723 1330 1761 T
1329 1724 1496 1773 hesprotis
1529 1723 1630 1760 conf.
1666 1729 1764 1762 nott.

1107 1779 1156 1818 ad
1187 1781 1232 1829 V,
1254 1782 1308 1821 92
1330 1781 1366 1825 ᾧ.
1379 1782 1418 1820 7.
1476 1781 1535 1816 De
1565 1779 1764 1828 Thessalia,

1108 1850 1206 1890 quae
1237 1837 1330 1873 olim
1360 1836 1476 1874 Aeolis
1503 1836 1575 1873 fuit
1595 1835 1696 1873 dicta
1717 1836 1764 1872 ab

1105 1895 1241 1942 Aeolo,
1261 1893 1504 1930 Deucalionis
1518 1899 1673 1944 nepote,
1695 1892 1763 1945 qui

1107 1952 1199 1988 olim
1232 1949 1332 1987 hanc
1361 1950 1560 2000 regionem
1599 1951 1764 1986 tenuisse

1105 2008 1236 2055 fertur,
1280 2007 1381 2044 conf.
1412 2005 1571 2046 Diodor.
1601 2006 1665 2054 IV,
1695 2007 1763 2046 67.

1108 2065 1232 2102 Strab.
1262 2064 1351 2101 VIII
1381 2075 1470 2114 pag.
1501 2063 1582 2104 587
1610 2076 1642 2100 s.
1672 2073 1762 2113 pag.

1163 2176 1217 2224 αἱς
1245 2172 1298 2215 ὂῖν
1326 2172 1608 2226 χαραδρωθείη
1631 2169 1654 2212 ὁ
1679 2173 1761 2223 χῶ·

1107 2234 1201 2283 ρος]
1232 2233 1258 2271 i.
1281 2245 1313 2269 e.
1343 2244 1409 2281 quo
1433 2231 1667 2279 voraginosus
1684 2229 1761 2279 fle-

1104 2293 1158 2326 ret
1191 2289 1306 2335 locus,
1349 2289 1535 2335 voragines
1566 2299 1593 2324 s,
1604 2286 1761 2336 fissuras
1792 2289 1804 2338 J*

1107 2346 1289 2395 acciperet.
1331 2342 1419 2380 Vid.
1439 2344 1488 2392 II,
1509 2342 1563 2383 25
1584 2341 1650 2381 fin.
1671 2342 1761 2380 coll.
1786 2347 1803 2392 μ’

1105 2402 1174 2448 ΙΧ,
1200 2403 1292 2441 102.
1335 2402 1392 2437 De
1410 2413 1481 2437 usu
1501 2398 1657 2449 optativi
1676 2403 1762 2449 post
1783 2414 1804 2430 0

1108 2455 1160 2503 ὥς
1184 2453 1235 2495 ἂν
1256 2457 1355 2493 conf.
1380 2454 1515 2495 Matth.
1545 2455 1612 2491 Gr.
1639 2454 1704 2492 Gr.
1721 2454 1759 2500 §.
1777 2391 1804 2595 ὁ

1107 2513 1189 2554 520
1221 2520 1300 2551 not.
1331 2517 1357 2554 2
1384 2527 1423 2564 p.
1457 2514 1576 2553 1003·
1604 2532 1655 2544 --
1712 2511 1777 2556 Ins

1106 2583 1211 2621 seqq.
1236 2568 1356 2609 ἔκειτο
1378 2569 1542 2619 accipio:
1573 2567 1686 2605 iacuit
1703 2566 1760 2604 di.
1777 2564 1802 2615 ,χῇ

1105 2630 1200 2675 ruta,
1222 2624 1550 2678 quemadmodum
1574 2623 1662 2660 alibi
1677 2625 1759 2662 κεῖ·
1776 2618 1806 2667 'r'

1107 2687 1206 2722 σθαι
1225 2683 1272 2720 de
1291 2682 1462 2730 mortuis,
1485 2681 1551 2734 qui
1569 2679 1639 2716 sub
1659 2676 1758 2716 terra
1773 2679 1785 2718 ζτ

1104 2740 1241 2790 iacent,
1261 2740 1292 2789 I,
1313 2738 1380 2780 65.
1402 2739 1466 2788 IV,
1486 2738 1550 2777 11.
1572 2736 1642 2786 IX,
1666 2731 1771 2777 105?
