1834 3258
574 214 877 252 ERATO.
936 215 1010 254 VI.
1344 216 1425 255 411

160 327 274 382 ,,εἷ-ἠ,
304 324 560 380 χαριζοίμην
587 322 653 373 ἄν,
682 321 784 381 μήτ’
815 323 894 367 ἕνα
922 322 1069 380 ὑμέων
1086 321 1303 378 ἐξαίρετον
1322 321 1426 368 οἲπο-

131 394 377 447 2,,κρίνων,
422 392 527 448 μήτε
565 392 671 443 τούς
706 392 886 443 λοιποὺς
927 390 1273 447 ἀποδοκιμάζων.
1328 391 1426 436 ἀλλ’

158 458 242 514 ,,οὐ
271 459 355 516 γὰρ
379 458 451 504 οἷά
479 461 522 505 τέ
543 460 652 513 ἐστι,
683 464 782 517 μιῆς
810 462 909 518 πέρι
936 460 1164 515 παρθένου
1192 458 1425 514 βουλεύον-

157 545 252 583 ,,τα,
282 533 390 572 πᾶσι
418 527 528 573 κατοὶ
547 527 657 573 νόον
685 528 872 573 ποιέειν·
904 531 1018 572 τοῖσι
1046 527 1126 584 μὲν
1156 525 1304 583 ’ὑμέων
1324 527 1427 573 ἄπε-

157 597 490 653 ,,λαυνομένοισι
517 598 646 641 τοῦδε
674 600 753 641 τοῦ
782 595 948 653 γάμου,
978 594 1194 639 τάλαντον
1213 594 1427 653 ἀργυρίου

157 663 350 722 ,,ὲ“κάστῳ
382 664 550 722 δωρεὴν
582 666 737 722 δίδωμι
765 668 841 721 τῆς
870 662 1070 717 ἀξιώσιος
1112 666 1254 708 εἵνεκα
1283 670 1358 722 τῆς
1388 667 1482 720 ἐξ25

159 733 287 790 ,ἐμεῦ
323 736 482 789 γῆμαι,
523 733 597 777 καὶ
635 737 712 789 τῆς
749 733 790 785 ἐξ
820 735 947 777 οἴκου
977 732 1237 790 ἀποδημίης·
1279 738 1338 791 τῷ
1380 737 1426 779 δὲ

156 801 470 858 ,,Ἀλκμαίωνος
488 801 715 857 Μεγακλέϊ
733 801 875 857 ἐγγυῶ
903 805 1040 846 παῖδα
1064 802 1144 858 τὴν
1174 801 1282 858 ἐμήν
1306 800 1426 858 Ἀγα-

154 872 356 927 ,,ρι’στην,
387 869 563 925 νόμοισι
591 874 705 914 τοῖσι
730 868 1015 926 Ἀθηναίων.“
1054 871 1253 926 φαμένου
1284 871 1330 914 δὲ
1360 872 1428 926 ἐγ-

126 942 356 996 ὃγυᾶσθαι
384 939 662 996 Μεγακλέος,
717 937 958 994 ἐκεκύρωτο
990 938 1013 982 ὁ
1043 938 1184 995 γάμος
1214 939 1424 983 Κλεισθέη
1437 946 1484 981 30
1672 978 1673 985 ,

157 1015 234 1051 νεῖ.
289 1005 421 1064 Ἀμφὶ
468 1006 548 1063 μὲν
582 1008 752 1061 κρίσιος
796 1011 887 1049 τῶν
923 1005 1187 1063 μνηστήρων
1233 1011 1425 1055 τοσαῦτα
1483 1005 1760 1034 Hisnaflfflfsthe‘

150 1075 334 1128 ἐγένετο,
363 1075 437 1119 καὶ
458 1073 572 1118 οὕτω
599 1072 935 1131 Ἀλκμαιωνίδαι
952 1074 1214 1131 ἐβώσθησαν
1235 1074 1319 1118 dvo?
1341 1075 1422 1133 τὴν

121 1142 349 1187 2Ὲλλάδα.
413 1142 596 1187 Τούτων
626 1143 673 1186 δὲ
701 1141 1082 1198 συνοικησάντων,
1113 1144 1276 1197 γίνεται
1296 1145 1422 1192 Κλει-
1481 1174 1523 1210 [5⁷
1551 1176 1666 1210 θαῖμα
1683 1163 1745 1212 ng

150 1211 310 1269 σθὲνης
348 1226 392 1255 τε
422 1209 446 1255 ὁ
477 1210 555 1263 τὰς
584 1210 728 1267 φυλὰς
757 1210 831 1253 καὶ
859 1209 939 1267 τήν
971 1211 1268 1266 δημοκρατίην
1292 1207 1757 1279 Ἀθη-Βὸξζξξξζξξῗῑῃῇξξᾶ-

151 1281 316 1324 ναίοισι
344 1277 637 1337 καταστήσας,
677 1279 787 1335 ἔχων
824 1277 874 1322 τό
915 1277 1090 1334 οὔνομα
1119 1277 1205 1325 άπὸ
1237 1281 1318 1321 τοῦ
1349 1297 1425 1336 μη-
1482 1276 1758 1348 ῧξξξζζζέᾗῗῇξῇᾗ

149 1347 422 1404 τροπάτορος
459 1351 543 1392 τοῦ
582 1348 859 1392 Σικυωνίου·
916 1341 1047 1397 οὗτός
1083 1362 1128 1390 τε
1166 1345 1220 1403 δή
1259 1347 1426 1402 γίνεται
1483 1345 1567 1379 parit
1596 1346 1757 1375 Pes¹⁴³¹e¹¹¹·

124 1417 401 1472 3Μεγακλέϊ,
456 1417 532 1460 καὶ
563 1415 863 1473 Ἱπποκράτης.
927 1414 975 1458 ἐκ
1018 1415 1066 1459 δὲ
1099 1413 1421 1472 Ἱπποκράτεος,

153 1485 410 1542 Μεγακλέης
439 1500 484 1528 τε
512 1482 667 1537 ἄλλος,
696 1484 769 1528 καὶ
801 1483 1026 1539 Ἀγαρίστη
1056 1481 1185 1541 ἄλλη,
1227 1482 1314 1529 ἀπὸ
1347 1489 1480 1542 τῆς4ο

150 1553 441 1604 Κλεισθένεος
463 1549 716 1609 Ἀγαρίστης
733 1552 891 1608 ἔχουσα
919 1551 968 1595 τό
992 1551 1186 1608 οὕνομα·
1215 1551 1244 1610 ἢ
1273 1552 1424 1598 συνοι-

147 1619 320 1677 κήσασά
355 1637 401 1665 τε
439 1621 686 1678 Ξανθίππῳ
727 1624 789 1678 τῷ
826 1618 1107 1678 Ἀρίφρονος,
1153 1621 1228 1665 καὶ
1267 1622 1424 1679 ἔγκυος

23 1001 34 1015 ⁴

0 1000 84 1045 '⁵31
1482 1048 1550 1075 nes,
1560 1048 1660 1067 novae
1671 1040 1747 1068 Athe

1480 1074 1631 1101 niensium
1656 1075 1760 1103 decem

1481 1107 1513 1134 in
1532 1108 1627 1134 tribus
1650 1108 1727 1135 ‹livi-

1479 1141 1573 1168 sionis
1608 1146 1715 1169 auctor

95 1818 182 1856 liam
208 1831 352 1857 uxorem
369 1818 554 1867 ducerem,
584 1820 755 1871 itemque

92 1874 480 1926 Schweighaeuserus
500 1877 540 1911 in
556 1877 653 1914 Lex.
673 1879 757 1913 He-

91 1931 174 1969 rod.
186 1946 224 1969 eo
245 1933 334 1982 quod
352 1945 404 1970 me
423 1932 570 1982 dignati
588 1935 682 1983 estis,
695 1947 756 1970 οιι-

90 1990 148 2026 ius
168 2001 185 2026 e
205 1989 304 2026 domo
323 2001 464 2027 uxorem
483 1989 655 2026 duceretis
667 2019 676 2037 ,
699 1991 757 2026 al-

89 2051 218 2082 terum
249 2048 321 2097 τῆς
356 2046 524 2083 referens
553 2045 602 2083 ad
635 2042 754 2094 ἀξιώ-

90 2113 176 2149 σιος
208 2108 323 2154 atque
362 2103 648 2154 subintelligens
681 2106 755 2154 τῆς

88 2156 187 2210 ὑμῖν
210 2160 272 2197 vel
292 2156 382 2211 παρ’
399 2158 515 2210 ’ὑμῶν
544 2160 755 2212 γεγονυίας

88 2222 202 2268 atque
226 2215 268 2265 ἐξ
287 2215 382 2267 ἐμεῦ
410 2215 515 2253 idem
536 2218 661 2254 valere
683 2216 754 2253 οδε

86 2279 223 2310 notans
253 2280 368 2326 atque
390 2272 430 2322 ἐξ
456 2272 582 2323 οἴκου,
604 2288 620 2311 e
655 2274 753 2312 domo

90 2341 180 2369 mea.

143 2384 272 2438 ἐγγυῶ
290 2387 434 2436 παῖδα]
450 2388 662 2434 „oblatam
685 2400 752 2425 ac-

87 2440 230 2493 cipiens
271 2443 532 2481 conditionem
559 2445 751 2495 Megacles

86 2511 181 2536 mox
220 2497 370 2538 dicebat
405 2500 640 2554 ἐγγυᾶσθαι.
704 2503 749 2538 111

86 2556 223 2593 talibus
245 2554 269 2596 o‘
289 2553 426 2605 διδοῦς
447 2557 581 2613 ἐγγυᾷ·
604 2557 746 2610 ἐγγυᾶ-

86 2627 150 2652 ται
178 2611 203 2652 ὁ
228 2610 446 2664 λαμβάνων
474 2613 577 2665 apud
595 2616 746 2652 Isaeum

86 2682 125 2719 p.
146 2668 213 2717 40,
235 2672 302 2710 37.
324 2668 378 2710 42
400 2684 437 2720 p.
459 2670 526 2719 41,
548 2674 614 2712 27.
638 2672 746 2723 [pag.

86 2725 154 2775 59,
182 2740 220 2777 p.
241 2725 308 2774 42,
343 2728 369 2767 ’7
398 2725 548 2776 Reisk.]
580 2729 745 2766 Pausan.

85 2782 149 2831 IV,
170 2785 196 2823 9
219 2784 256 2828 ξ.
279 2782 344 2823 5.“
385 2783 603 2822 Valcken.
635 2784 746 2830 Quod

87 2839 255 2891 sequitur
274 2837 492 2893 ἐκεκύρωτο
521 2841 747 2894 plusquam-

812 1820 1027 1872 perfectum
1062 1820 1190 1857 aoristi
1222 1820 1324 1858 vices
1344 1834 1477 1872 gerere

812 1876 987 1924 videtur,
1016 1883 1060 1913 ut
1088 1877 1237 1928 saepius
1258 1877 1361 1928 apud
1393 1880 1478 1916 He-

812 1932 1005 1982 rodotum,
1029 1934 1253 1971 observante
1263 1933 1399 1973 Matth.
1412 1937 1478 1974 Gr.

814 1992 880 2027 Gr.
901 2002 990 2041 pag.
1013 1989 1108 2031 959.

1001 2080 1094 2132 Cap.
1117 2081 1298 2123 CXXXI.

869 2155 1115 2211 ἐβώσθησαν
1140 2156 1219 2200 dvo?
1236 2158 1310 2211 την
1331 2158 1473 2202 Ἑλλά-

811 2216 879 2266 δα]
891 2218 916 2254 ἰ.
929 2230 962 2254 e.
975 2217 1142 2256 celebrati
1158 2221 1239 2256 sunt
1255 2232 1319 2270 per
1345 2232 1474 2258 omnem

810 2274 1010 2313 Graeciam.
1057 2276 1117 2312 De
1142 2275 1266 2312 forma
1286 2273 1474 2327 ἐβώσθη-

810 2342 884 2370 σαν
905 2332 1007 2369 conf.
1027 2338 1123 2371 nott.
1149 2331 1197 2369 ad
1212 2334 1241 2382 Ι,
1267 2336 1331 2373 10.
1368 2333 1472 2372 Add.

808 2389 907 2437 VIII,
934 2386 1026 2430 124.
1083 2390 1177 2426 Mox
1207 2385 1362 2430 τούτων
1382 2390 1471 2428 dedi

808 2458 877 2496 pro
898 2444 1083 2485 τουτέων.
1113 2448 1172 2483 De
1193 2445 1386 2484 Clisthene
1396 2461 1470 2499 po-

806 2503 982 2553 pularem
1009 2504 1065 2539 rei
1099 2504 1274 2554 publicae
1303 2504 1471 2541 formam

805 2558 967 2596 Athenis
1007 2561 1259 2598 constituente
1303 2560 1469 2598 vidimus

804 2615 853 2653 ad
872 2617 917 2665 V,
948 2619 1016 2657 66.
1075 2615 1139 2654 Ad
1168 2613 1469 2670 μητροπάτορος

804 2673 906 2710 conf.
927 2673 973 2721 V,
995 2676 1062 2714 67.
1102 2675 1201 2711 Satis
1222 2680 1351 2710 autem
1372 2688 1468 2711 con-

802 2737 895 2779 stat,
915 2731 1032 2767 moris
1045 2730 1157 2767 fuisse
1170 2729 1272 2780 apud
1287 2732 1465 2779 Graecos,

803 2794 846 2824 ut
865 2787 904 2823 in
926 2793 1066 2837 nepote
1087 2788 1147 2823 avi
1160 2799 1304 2824 nomen
1314 2795 1466 2839 repete-

803 2850 918 2881 retur.
968 2842 1053 2881 Vid.
1085 2844 1208 2881 Marx.
1244 2843 1292 2882 ad
1321 2844 1465 2896 Ephori
