<?xml version="1.0" encoding="UTF-8"?>
<!DOCTYPE html PUBLIC "-//W3C//DTD XHTML 1.0 Transitional//EN"
    "http://www.w3.org/TR/xhtml1/DTD/xhtml1-transitional.dtd">
<html xmlns="http://www.w3.org/1999/xhtml" xml:lang="en" lang="en">
 <head>
  <title>
</title>
<meta http-equiv="Content-Type" content="text/html;charset=utf-8" />
  <meta name='ocr-system' content='tesseract 3.04.00' />
  <meta name='ocr-capabilities' content='ocr_page ocr_carea ocr_par ocr_line ocrx_word'/>
</head>
<body>
  <div class='ocr_page' id='page_1' title='image "./musaeherodoto03hero/musaeherodoto03hero_0064.png"; bbox 0 0 1815 3181; ppageno 0'>
   <div class='ocr_carea' id='block_1_1' title="bbox 275 354 553 407">
    <p class='ocr_par' dir='ltr' id='par_1_1' title="bbox 275 354 553 407">
     <span class='ocr_line' id='line_1_1' title="bbox 275 354 553 407; baseline -0.004 -11"><span class='ocrx_word' id='word_1_1' title='bbox 275 356 341 401; x_wconf 86' lang='grc'>36</span> <span class='ocrx_word' id='word_1_2' title='bbox 402 354 553 407; x_wconf 84' lang='grc' dir='ltr'>γίζετο.</span> 
     </span>
    </p>
   </div>
   <div class='ocr_carea' id='block_1_2' title="bbox 72 419 352 515">
    <p class='ocr_par' dir='ltr' id='par_1_2' title="bbox 74 419 352 482">
     <span class='ocr_line' id='line_1_2' title="bbox 74 419 352 455; baseline -0.004 -6"><span class='ocrx_word' id='word_1_3' title='bbox 74 421 163 455; x_wconf 88' lang='lat' dir='ltr'><strong>Quod</strong></span> <span class='ocrx_word' id='word_1_4' title='bbox 194 419 320 447; x_wconf 79' lang='lat' dir='ltr'>eons1sii111</span> <span class='ocrx_word' id='word_1_5' title='bbox 304 428 352 448; x_wconf 87' lang='lat' dir='ltr'>um</span> 
     </span>
     <span class='ocr_line' id='line_1_3' title="bbox 72 452 300 515; baseline -0.01 -32.979"><span class='ocrx_word' id='word_1_6' title='bbox 72 463 166 515; x_wconf 64' lang='lat' dir='ltr'>culmlli</span> <span class='ocrx_word' id='word_1_7' title='bbox 162 462 236 481; x_wconf 83' lang='lat' dir='ltr'><em>suae</em></span> <span class='ocrx_word' id='word_1_8' title='bbox 220 452 300 480; x_wconf 69' lang='lat' dir='ltr'><em>eat-f</em></span> 
     </span>
    </p>
   </div>
   <div class='ocr_carea' id='block_1_3' title="bbox 71 493 351 626">
    <p class='ocr_par' dir='ltr' id='par_1_3' title="bbox 71 493 342 625">
     <span class='ocr_line' id='line_1_4' title="bbox 71 493 294 583; baseline -0.013 0"><span class='ocrx_word' id='word_1_9' title='bbox 71 493 131 583; x_wconf 53' lang='grc' dir='ltr'>ζ’</span> <span class='ocrx_word' id='word_1_10' title='bbox 88 564 145 583; x_wconf 83' lang='lat' dir='ltr'>aue</span> <span class='ocrx_word' id='word_1_11' title='bbox 127 530 294 582; x_wconf 77' lang='lat' dir='ltr'><em>quilesm</em></span> 
     </span>
     <span class='ocr_line' id='line_1_5' title="bbox 73 562 351 626; baseline -0.011 -9"><span class='ocrx_word' id='word_1_12' title='bbox 73 589 200 626; x_wconf 61' lang='grc'>[2,143]</span> <span class='ocrx_word' id='word_1_13' title='bbox 211 562 351 616; x_wconf 54' lang='grc' dir='ltr'>εηαειέἰιίι.</span> 
     </span>
    </p>
   </div>
   <div class='ocr_carea' id='block_1_4' title="bbox 397 177 454 216">
    <p class='ocr_par' dir='ltr' id='par_1_4' title="bbox 397 177 454 216">
     <span class='ocr_line' id='line_1_6' title="bbox 397 177 454 216; baseline 0 0"><span class='ocrx_word' id='word_1_14' title='bbox 397 177 454 216; x_wconf 78' lang='lat'>56</span> 
     </span>
    </p>
   </div>
   <div class='ocr_carea' id='block_1_5' title="bbox 792 171 1253 208">
    <p class='ocr_par' dir='ltr' id='par_1_5' title="bbox 792 171 1253 208">
     <span class='ocr_line' id='line_1_7' title="bbox 792 171 1253 208; baseline 0 0"><span class='ocrx_word' id='word_1_15' title='bbox 792 171 1253 208; x_wconf 87' lang='lat' dir='ltr'><strong>HERODOTI</strong></span> 
     </span>
    </p>
   </div>
   <div class='ocr_carea' id='block_1_6' title="bbox 404 277 1665 340">
    <p class='ocr_par' dir='ltr' id='par_1_6' title="bbox 404 277 1665 340">
     <span class='ocr_line' id='line_1_8' title="bbox 404 277 1665 340; baseline -0.005 -12"><span class='ocrx_word' id='word_1_16' title='bbox 404 295 481 340; x_wconf 89' lang='grc' dir='ltr'>σης</span> <span class='ocrx_word' id='word_1_17' title='bbox 509 286 582 340; x_wconf 80' lang='grc' dir='ltr'>τῆς</span> <span class='ocrx_word' id='word_1_18' title='bbox 611 281 835 338; x_wconf 81' lang='grc' dir='ltr'>Μιλήτου,</span> <span class='ocrx_word' id='word_1_19' title='bbox 882 277 1056 336; x_wconf 79' lang='grc' dir='ltr'>οὐδαμοὶ</span> <span class='ocrx_word' id='word_1_20' title='bbox 1094 279 1138 331; x_wconf 79' lang='grc' dir='ltr'>ἐς</span> <span class='ocrx_word' id='word_1_21' title='bbox 1167 279 1303 336; x_wconf 73' lang='grc' dir='ltr'>αὐτὴν</span> <span class='ocrx_word' id='word_1_22' title='bbox 1331 278 1448 336; x_wconf 77' lang='grc' dir='ltr'>ἥξειν</span> <span class='ocrx_word' id='word_1_23' title='bbox 1488 278 1549 323; x_wconf 79' lang='grc' dir='ltr'>ἔτι</span> <span class='ocrx_word' id='word_1_24' title='bbox 1575 278 1665 323; x_wconf 84' lang='grc' dir='ltr'>ἐλο-</span> 
     </span>
    </p>
   </div>
   <div class='ocr_carea' id='block_1_7' title="bbox 410 345 1722 474">
    <p class='ocr_par' dir='ltr' id='par_1_7' title="bbox 410 345 1722 474">
     <span class='ocr_line' id='line_1_9' title="bbox 627 345 1722 403; baseline -0.004 -10"><span class='ocrx_word' id='word_1_25' title='bbox 627 350 828 400; x_wconf 86' lang='grc' dir='ltr'>Ἱστιαῖος</span> <span class='ocrx_word' id='word_1_26' title='bbox 888 348 969 403; x_wconf 83' lang='grc' dir='ltr'>μέν</span> <span class='ocrx_word' id='word_1_27' title='bbox 1012 365 1107 397; x_wconf 64' lang='grc' dir='ltr'>Δνυν</span> <span class='ocrx_word' id='word_1_28' title='bbox 1154 352 1292 392; x_wconf 82' lang='grc' dir='ltr'>ταῦτα</span> <span class='ocrx_word' id='word_1_29' title='bbox 1343 345 1722 402; x_wconf 81' lang='grc' dir='ltr'>διανοεύμενος,4ο</span> 
     </span>
     <span class='ocr_line' id='line_1_10' title="bbox 410 414 1667 474; baseline -0.005 -10"><span class='ocrx_word' id='word_1_30' title='bbox 410 419 627 474; x_wconf 85' lang='grc' dir='ltr'>ἀπέπεμπε</span> <span class='ocrx_word' id='word_1_31' title='bbox 669 416 748 460; x_wconf 84' lang='grc' dir='ltr'>τόν</span> <span class='ocrx_word' id='word_1_32' title='bbox 788 415 997 472; x_wconf 87' lang='grc' dir='ltr'>α’γγελον·</span> <span class='ocrx_word' id='word_1_33' title='bbox 1040 415 1323 473; x_wconf 78' lang='grc' dir='ltr'>Ἀρισταγόρῃ</span> <span class='ocrx_word' id='word_1_34' title='bbox 1354 415 1400 459; x_wconf 77' lang='grc' dir='ltr'>δὲ</span> <span class='ocrx_word' id='word_1_35' title='bbox 1435 414 1667 460; x_wconf 79' lang='grc' dir='ltr'>συνέπιπτε</span> 
     </span>
    </p>
   </div>
   <div class='ocr_carea' id='block_1_8' title="bbox 172 481 1666 548">
    <p class='ocr_par' dir='ltr' id='par_1_8' title="bbox 172 481 1666 548">
     <span class='ocr_line' id='line_1_11' title="bbox 172 481 1666 548; baseline -0.002 -18.934"><span class='ocrx_word' id='word_1_36' title='bbox 172 495 321 548; x_wconf 52' lang='lat' dir='ltr'><em>perfia</em></span> <span class='ocrx_word' id='word_1_37' title='bbox 297 528 346 548; x_wconf 84' lang='lat' dir='ltr'><em>a</em></span> <span class='ocrx_word' id='word_1_38' title='bbox 375 492 486 532; x_wconf 71' lang='grc' dir='ltr'>Ξτοῦ</span> <span class='ocrx_word' id='word_1_39' title='bbox 515 485 654 530; x_wconf 79' lang='grc' dir='ltr'>αὐτοῦ</span> <span class='ocrx_word' id='word_1_40' title='bbox 682 482 849 540; x_wconf 86' lang='grc' dir='ltr'>χρόνον</span> <span class='ocrx_word' id='word_1_41' title='bbox 877 483 1018 528; x_wconf 84' lang='grc' dir='ltr'>πάντα</span> <span class='ocrx_word' id='word_1_42' title='bbox 1045 488 1184 528; x_wconf 85' lang='grc' dir='ltr'>ταῦτα</span> <span class='ocrx_word' id='word_1_43' title='bbox 1213 481 1493 528; x_wconf 87' lang='grc' dir='ltr'>συνελθόντα.</span> <span class='ocrx_word' id='word_1_44' title='bbox 1542 482 1666 538; x_wconf 80' lang='grc' dir='ltr'>ἐβου-</span> 
     </span>
    </p>
   </div>
   <div class='ocr_carea' id='block_1_9' title="bbox 377 547 1734 1356">
    <p class='ocr_par' dir='ltr' id='par_1_9' title="bbox 377 547 1727 814">
     <span class='ocr_line' id='line_1_12' title="bbox 409 547 1670 609; baseline -0.004 -10"><span class='ocrx_word' id='word_1_45' title='bbox 409 553 557 599; x_wconf 82' lang='grc' dir='ltr'>λεύετο</span> <span class='ocrx_word' id='word_1_46' title='bbox 590 547 653 596; x_wconf 51' lang='lat' dir='ltr'>aiv</span> <span class='ocrx_word' id='word_1_47' title='bbox 689 551 794 607; x_wconf 79' lang='grc' dir='ltr'>μετὰ</span> <span class='ocrx_word' id='word_1_48' title='bbox 830 555 920 596; x_wconf 78' lang='grc' dir='ltr'>τῶν</span> <span class='ocrx_word' id='word_1_49' title='bbox 948 551 1241 606; x_wconf 81' lang='grc' dir='ltr'>στασιωτέων,</span> <span class='ocrx_word' id='word_1_50' title='bbox 1274 550 1469 609; x_wconf 78' lang='grc' dir='ltr'><strong><em>ἐκφήνας</em></strong></span> <span class='ocrx_word' id='word_1_51' title='bbox 1505 548 1588 607; x_wconf 76' lang='grc' dir='ltr'>τήν</span> <span class='ocrx_word' id='word_1_52' title='bbox 1625 566 1670 594; x_wconf 86' lang='grc' dir='ltr'>τε</span> 
     </span>
     <span class='ocr_line' id='line_1_13' title="bbox 404 616 1671 678; baseline -0.005 -10"><span class='ocrx_word' id='word_1_53' title='bbox 404 623 570 668; x_wconf 80' lang='grc' dir='ltr'><strong>ἑωυτοῦ</strong></span> <span class='ocrx_word' id='word_1_54' title='bbox 598 619 779 678; x_wconf 77' lang='grc' dir='ltr'>γνώμην</span> <span class='ocrx_word' id='word_1_55' title='bbox 808 621 883 664; x_wconf 88' lang='grc' dir='ltr'>καὶ</span> <span class='ocrx_word' id='word_1_56' title='bbox 910 619 963 664; x_wconf 84' lang='grc' dir='ltr'>τά</span> <span class='ocrx_word' id='word_1_57' title='bbox 993 619 1113 674; x_wconf 78' lang='grc' dir='ltr'>παρα</span> <span class='ocrx_word' id='word_1_58' title='bbox 1142 623 1224 663; x_wconf 83' lang='grc' dir='ltr'>τοῦ</span> <span class='ocrx_word' id='word_1_59' title='bbox 1258 618 1463 663; x_wconf 90' lang='grc' dir='ltr'>Ἱστιαίου</span> <span class='ocrx_word' id='word_1_60' title='bbox 1494 616 1671 674; x_wconf 87' lang='grc' dir='ltr'>ἀπιγμέ-</span> 
     </span>
     <span class='ocr_line' id='line_1_14' title="bbox 404 684 1727 746; baseline -0.006 -12"><span class='ocrx_word' id='word_1_61' title='bbox 404 691 558 734; x_wconf 86' lang='grc' dir='ltr'>να.οῑ</span> <span class='ocrx_word' id='word_1_62' title='bbox 594 688 674 746; x_wconf 79' lang='grc' dir='ltr'>μὲν</span> <span class='ocrx_word' id='word_1_63' title='bbox 716 689 769 745; x_wconf 84' lang='grc' dir='ltr'>δὴ</span> <span class='ocrx_word' id='word_1_64' title='bbox 812 686 936 732; x_wconf 73' lang='grc' dir='ltr'>ἄλλοι</span> <span class='ocrx_word' id='word_1_65' title='bbox 974 688 1132 739; x_wconf 77' lang='grc' dir='ltr'>πάντες</span> <span class='ocrx_word' id='word_1_66' title='bbox 1166 686 1346 745; x_wconf 74' lang='grc' dir='ltr'>γνώμην</span> <span class='ocrx_word' id='word_1_67' title='bbox 1380 685 1491 731; x_wconf 74' lang='grc' dir='ltr'>κατὰ</span> <span class='ocrx_word' id='word_1_68' title='bbox 1531 684 1727 729; x_wconf 75' lang='grc' dir='ltr'>τῶυτό45</span> 
     </span>
     <span class='ocr_line' id='line_1_15' title="bbox 377 752 1673 814; baseline -0.003 -14"><span class='ocrx_word' id='word_1_69' title='bbox 377 758 683 814; x_wconf 74' lang='grc' dir='ltr'>δέξεφέροντο,</span> <span class='ocrx_word' id='word_1_70' title='bbox 720 756 970 808; x_wconf 77' lang='grc' dir='ltr'><strong><em>κελεύοντες</em></strong></span> <span class='ocrx_word' id='word_1_71' title='bbox 1009 752 1290 800; x_wconf 79' lang='grc' dir='ltr'>ἀπίστασθαι.</span> <span class='ocrx_word' id='word_1_72' title='bbox 1344 755 1570 805; x_wconf 83' lang='grc' dir='ltr'>Ἑκαταῖος</span> <span class='ocrx_word' id='word_1_73' title='bbox 1611 753 1673 803; x_wconf 78' lang='grc' dir='ltr'>δὲ,</span> 
     </span>
    </p>

    <p class='ocr_par' dir='ltr' id='par_1_10' title="bbox 379 819 1734 1356">
     <span class='ocr_line' id='line_1_16' title="bbox 406 819 1677 882; baseline -0.004 -13"><span class='ocrx_word' id='word_1_74' title='bbox 406 827 429 870; x_wconf 91' lang='grc' dir='ltr'><strong><em>ὁ</em></strong></span> <span class='ocrx_word' id='word_1_75' title='bbox 459 824 714 882; x_wconf 79' lang='grc' dir='ltr'>λογοποιὸς,</span> <span class='ocrx_word' id='word_1_76' title='bbox 756 829 909 878; x_wconf 77' lang='grc' dir='ltr'>πρῶτα</span> <span class='ocrx_word' id='word_1_77' title='bbox 954 825 1034 880; x_wconf 75' lang='grc' dir='ltr'>μὲν</span> <span class='ocrx_word' id='word_1_78' title='bbox 1076 823 1160 868; x_wconf 83' lang='grc' dir='ltr'>οὐκ</span> <span class='ocrx_word' id='word_1_79' title='bbox 1198 824 1248 867; x_wconf 75' lang='grc' dir='ltr'>ἔα</span> <span class='ocrx_word' id='word_1_80' title='bbox 1285 821 1479 878; x_wconf 89' lang='grc' dir='ltr'>πόλεμον</span> <span class='ocrx_word' id='word_1_81' title='bbox 1509 819 1677 878; x_wconf 80' lang='grc' dir='ltr'>βασιλέϊ</span> 
     </span>
     <span class='ocr_line' id='line_1_17' title="bbox 405 889 1705 949; baseline -0.005 -11"><span class='ocrx_word' id='word_1_82' title='bbox 405 899 494 938; x_wconf 79' lang='grc' dir='ltr'>τῶν</span> <span class='ocrx_word' id='word_1_83' title='bbox 526 893 732 949; x_wconf 87' lang='grc' dir='ltr'>Περσέων</span> <span class='ocrx_word' id='word_1_84' title='bbox 762 892 1076 949; x_wconf 76' lang='grc' dir='ltr'>ἀναιρέεσθαι,</span> <span class='ocrx_word' id='word_1_85' title='bbox 1121 891 1373 948; x_wconf 75' lang='grc' dir='ltr'>καταλέγων</span> <span class='ocrx_word' id='word_1_86' title='bbox 1401 889 1456 933; x_wconf 84' lang='grc' dir='ltr'>τά</span> <span class='ocrx_word' id='word_1_87' title='bbox 1483 906 1528 933; x_wconf 87' lang='grc' dir='ltr'>τε</span> <span class='ocrx_word' id='word_1_88' title='bbox 1557 889 1705 932; x_wconf 75' lang='grc' dir='ltr'>ἔθνεα</span> 
     </span>
     <span class='ocr_line' id='line_1_18' title="bbox 405 953 1678 1018; baseline -0.006 -11"><span class='ocrx_word' id='word_1_89' title='bbox 405 963 547 1008; x_wconf 80' lang='grc' dir='ltr'>πάντα</span> <span class='ocrx_word' id='word_1_90' title='bbox 575 965 662 1006; x_wconf 81' lang='grc' dir='ltr'>τῶν</span> <span class='ocrx_word' id='word_1_91' title='bbox 689 957 793 1018; x_wconf 81' lang='grc' dir='ltr'>ἦρχε</span> <span class='ocrx_word' id='word_1_92' title='bbox 822 966 1034 1017; x_wconf 87' lang='grc' dir='ltr'>Δαρεῖος,</span> <span class='ocrx_word' id='word_1_93' title='bbox 1074 961 1148 1004; x_wconf 82' lang='grc' dir='ltr'>καὶ</span> <span class='ocrx_word' id='word_1_94' title='bbox 1185 958 1265 1016; x_wconf 84' lang='grc' dir='ltr'>τὴν</span> <span class='ocrx_word' id='word_1_95' title='bbox 1307 957 1496 1013; x_wconf 87' lang='grc' dir='ltr'>δύναμιν</span> <span class='ocrx_word' id='word_1_96' title='bbox 1525 953 1678 1000; x_wconf 73' lang='grc' dir='ltr'>αὐτοῦ.</span> 
     </span>
     <span class='ocr_line' id='line_1_19' title="bbox 416 1023 1734 1083; baseline -0.007 -9"><span class='ocrx_word' id='word_1_97' title='bbox 416 1030 510 1075; x_wconf 81' lang='grc' dir='ltr'>ἐπεί</span> <span class='ocrx_word' id='word_1_98' title='bbox 530 1046 574 1074; x_wconf 85' lang='grc' dir='ltr'>τε</span> <span class='ocrx_word' id='word_1_99' title='bbox 596 1029 643 1073; x_wconf 81' lang='grc' dir='ltr'>δὲ</span> <span class='ocrx_word' id='word_1_100' title='bbox 669 1026 752 1073; x_wconf 79' lang='grc' dir='ltr'>οὐκ</span> <span class='ocrx_word' id='word_1_101' title='bbox 781 1029 938 1082; x_wconf 75' lang='grc' dir='ltr'>ἔπειθε,</span> <span class='ocrx_word' id='word_1_102' title='bbox 968 1028 1148 1083; x_wconf 84' lang='grc' dir='ltr'>δεύτερα</span> <span class='ocrx_word' id='word_1_103' title='bbox 1169 1025 1458 1083; x_wconf 83' lang='grc' dir='ltr'>συνεβούλευε</span> <span class='ocrx_word' id='word_1_104' title='bbox 1487 1023 1734 1077; x_wconf 86' lang='grc' dir='ltr'>,,ποιεέιν50</span> 
     </span>
     <span class='ocr_line' id='line_1_20' title="bbox 379 1090 1678 1153; baseline -0.005 -12"><span class='ocrx_word' id='word_1_105' title='bbox 379 1097 558 1150; x_wconf 77' lang='grc' dir='ltr'>4,,ὅκως</span> <span class='ocrx_word' id='word_1_106' title='bbox 577 1095 840 1152; x_wconf 85' lang='grc' dir='ltr'>ναυκράτεες</span> <span class='ocrx_word' id='word_1_107' title='bbox 862 1101 939 1153; x_wconf 87' lang='grc' dir='ltr'>τῆς</span> <span class='ocrx_word' id='word_1_108' title='bbox 956 1096 1183 1152; x_wconf 68' lang='grc' dir='ltr'>θαλάσσης</span> <span class='ocrx_word' id='word_1_109' title='bbox 1205 1095 1392 1139; x_wconf 74' lang='grc' dir='ltr'>ἔσονται.</span> <span class='ocrx_word' id='word_1_110' title='bbox 1437 1090 1576 1143; x_wconf 76' lang='grc' dir='ltr'>ἄλλως</span> <span class='ocrx_word' id='word_1_111' title='bbox 1597 1090 1678 1146; x_wconf 84' lang='grc' dir='ltr'>μέν</span> 
     </span>
     <span class='ocr_line' id='line_1_21' title="bbox 408 1161 1677 1222; baseline -0.003 -14"><span class='ocrx_word' id='word_1_112' title='bbox 408 1181 518 1219; x_wconf 87' lang='grc' dir='ltr'>,,νυν</span> <span class='ocrx_word' id='word_1_113' title='bbox 547 1163 762 1221; x_wconf 81' lang='grc' dir='ltr'>οὐδαμῶς,</span> <span class='ocrx_word' id='word_1_114' title='bbox 798 1165 882 1222; x_wconf 74' lang='grc' dir='ltr'>ἔφη</span> <span class='ocrx_word' id='word_1_115' title='bbox 910 1165 1061 1221; x_wconf 85' lang='grc' dir='ltr'>λέγων,</span> <span class='ocrx_word' id='word_1_116' title='bbox 1093 1164 1255 1219; x_wconf 77' lang='grc' dir='ltr'>ἐνορᾶν</span> <span class='ocrx_word' id='word_1_117' title='bbox 1285 1161 1495 1216; x_wconf 77' lang='grc' dir='ltr'>ἐσόμενον</span> <span class='ocrx_word' id='word_1_118' title='bbox 1522 1165 1677 1205; x_wconf 90' lang='grc' dir='ltr'>τοῦτο·</span> 
     </span>
     <span class='ocr_line' id='line_1_22' title="bbox 409 1229 1678 1290; baseline -0.003 -14"><span class='ocrx_word' id='word_1_119' title='bbox 409 1233 701 1285; x_wconf 75' lang='grc' dir='ltr'>,,έπίστασθαι</span> <span class='ocrx_word' id='word_1_120' title='bbox 735 1234 820 1290; x_wconf 70' lang='grc' dir='ltr'>γάρ</span> <span class='ocrx_word' id='word_1_121' title='bbox 862 1232 942 1290; x_wconf 81' lang='grc' dir='ltr'>τὴν</span> <span class='ocrx_word' id='word_1_122' title='bbox 981 1231 1171 1288; x_wconf 82' lang='grc' dir='ltr'>δύναμιν</span> <span class='ocrx_word' id='word_1_123' title='bbox 1210 1230 1290 1287; x_wconf 79' lang='grc' dir='ltr'>τὴν</span> <span class='ocrx_word' id='word_1_124' title='bbox 1318 1231 1551 1286; x_wconf 84' lang='grc' dir='ltr'>Μιλησίων</span> <span class='ocrx_word' id='word_1_125' title='bbox 1580 1229 1678 1273; x_wconf 82' lang='grc' dir='ltr'>ἐοῦ-</span> 
     </span>
     <span class='ocr_line' id='line_1_23' title="bbox 409 1295 1677 1356; baseline -0.004 -11"><span class='ocrx_word' id='word_1_126' title='bbox 409 1312 524 1355; x_wconf 88' lang='grc' dir='ltr'>,,σαν</span> <span class='ocrx_word' id='word_1_127' title='bbox 554 1299 765 1346; x_wconf 86' lang='grc' dir='ltr'>ἀσθενέα·</span> <span class='ocrx_word' id='word_1_128' title='bbox 797 1303 834 1346; x_wconf 83' lang='grc' dir='ltr'>εἰ</span> <span class='ocrx_word' id='word_1_129' title='bbox 860 1301 907 1346; x_wconf 74' lang='grc' dir='ltr'>δὲ</span> <span class='ocrx_word' id='word_1_130' title='bbox 935 1299 988 1344; x_wconf 85' lang='grc' dir='ltr'>τά</span> <span class='ocrx_word' id='word_1_131' title='bbox 1017 1298 1213 1356; x_wconf 85' lang='grc' dir='ltr'>χρήματα</span> <span class='ocrx_word' id='word_1_132' title='bbox 1241 1300 1520 1354; x_wconf 80' lang='grc' dir='ltr'>καταιρεθείη</span> <span class='ocrx_word' id='word_1_133' title='bbox 1548 1297 1600 1342; x_wconf 79' lang='grc' dir='ltr'>τὰ</span> <span class='ocrx_word' id='word_1_134' title='bbox 1628 1295 1677 1341; x_wconf 78' lang='grc' dir='ltr'>ἐκ</span> 
     </span>
    </p>
   </div>
   <div class='ocr_carea' id='block_1_10' title="bbox 360 1423 485 1427">
    <p class='ocr_par' dir='ltr' id='par_1_11' title="bbox 360 1423 485 1427">
     <span class='ocr_line' id='line_1_24' title="bbox 360 1423 485 1427; baseline 0 0"><span class='ocrx_word' id='word_1_135' title='bbox 360 1423 485 1427; x_wconf 95' lang='lat' dir='ltr'> </span> 
     </span>
    </p>
   </div>
   <div class='ocr_carea' id='block_1_11' title="bbox 487 1423 626 1429">
    <p class='ocr_par' dir='ltr' id='par_1_12' title="bbox 487 1423 626 1429">
     <span class='ocr_line' id='line_1_25' title="bbox 487 1423 626 1429; baseline 0 0"><span class='ocrx_word' id='word_1_136' title='bbox 487 1423 626 1429; x_wconf 95' lang='lat' dir='ltr'> </span> 
     </span>
    </p>
   </div>
   <div class='ocr_carea' id='block_1_12' title="bbox 357 1483 1019 1654">
    <p class='ocr_par' dir='ltr' id='par_1_13' title="bbox 357 1483 1019 1654">
     <span class='ocr_line' id='line_1_26' title="bbox 357 1483 1018 1539; baseline 0.006 -15"><span class='ocrx_word' id='word_1_137' title='bbox 357 1485 542 1525; x_wconf 83' lang='lat' dir='ltr'><strong>Trachin.</strong></span> <span class='ocrx_word' id='word_1_138' title='bbox 562 1501 618 1526; x_wconf 83' lang='lat' dir='ltr'>vs.</span> <span class='ocrx_word' id='word_1_139' title='bbox 648 1490 743 1529; x_wconf 85' lang='lat'>631.</span> <span class='ocrx_word' id='word_1_140' title='bbox 764 1509 819 1515; x_wconf 75' lang='lat'>-—</span> <span class='ocrx_word' id='word_1_141' title='bbox 859 1483 1018 1539; x_wconf 78' lang='grc' dir='ltr'>ον’δαμά</span> 
     </span>
     <span class='ocr_line' id='line_1_27' title="bbox 357 1543 1019 1596; baseline 0 -14"><span class='ocrx_word' id='word_1_142' title='bbox 357 1558 447 1582; x_wconf 88' lang='lat' dir='ltr'>cum</span> <span class='ocrx_word' id='word_1_143' title='bbox 477 1545 594 1582; x_wconf 85' lang='lat' dir='ltr'><em>Gaisf.</em></span> <span class='ocrx_word' id='word_1_144' title='bbox 629 1551 667 1581; x_wconf 86' lang='lat' dir='ltr'><em>et</em></span> <span class='ocrx_word' id='word_1_145' title='bbox 684 1543 820 1582; x_wconf 76' lang='lat' dir='ltr'>Matth.</span> <span class='ocrx_word' id='word_1_146' title='bbox 843 1543 931 1582; x_wconf 85' lang='lat' dir='ltr'><em>dedi</em></span> <span class='ocrx_word' id='word_1_147' title='bbox 950 1557 1019 1596; x_wconf 93' lang='lat' dir='ltr'>pro</span> 
     </span>
     <span class='ocr_line' id='line_1_28' title="bbox 359 1596 532 1654; baseline -0.012 -13"><span class='ocrx_word' id='word_1_148' title='bbox 359 1596 532 1654; x_wconf 81' lang='grc' dir='ltr'>ου’δαμᾶ.</span> 
     </span>
    </p>
   </div>
   <div class='ocr_carea' id='block_1_13' title="bbox 546 1690 843 1741">
    <p class='ocr_par' dir='ltr' id='par_1_14' title="bbox 546 1690 843 1741">
     <span class='ocr_line' id='line_1_29' title="bbox 546 1690 843 1741; baseline -0.003 -13"><span class='ocrx_word' id='word_1_149' title='bbox 546 1691 639 1741; x_wconf 85' lang='lat' dir='ltr'>Cap.</span> <span class='ocrx_word' id='word_1_150' title='bbox 660 1690 843 1728; x_wconf 89' lang='lat' dir='ltr'>XXXVI.</span> 
     </span>
    </p>
   </div>
   <div class='ocr_carea' id='block_1_14' title="bbox 360 1765 1034 2835">
    <p class='ocr_par' dir='ltr' id='par_1_15' title="bbox 360 1765 1026 2498">
     <span class='ocr_line' id='line_1_30' title="bbox 416 1765 1022 1822; baseline -0.003 -13"><span class='ocrx_word' id='word_1_151' title='bbox 416 1766 580 1822; x_wconf 76' lang='grc' dir='ltr'>γνώμην</span> <span class='ocrx_word' id='word_1_152' title='bbox 611 1766 711 1808; x_wconf 65' lang='lat' dir='ltr'><em>nato?</em></span> <span class='ocrx_word' id='word_1_153' title='bbox 732 1765 859 1809; x_wconf 76' lang='grc' dir='ltr'>τωύτό</span> <span class='ocrx_word' id='word_1_154' title='bbox 892 1768 1022 1818; x_wconf 77' lang='grc' dir='ltr'>ἐξεφέ-</span> 
     </span>
     <span class='ocr_line' id='line_1_31' title="bbox 360 1826 1025 1878; baseline -0.008 -11"><span class='ocrx_word' id='word_1_155' title='bbox 360 1828 506 1878; x_wconf 83' lang='grc' dir='ltr'>ροντο]</span> <span class='ocrx_word' id='word_1_156' title='bbox 545 1828 571 1863; x_wconf 89' lang='lat' dir='ltr'>i.</span> <span class='ocrx_word' id='word_1_157' title='bbox 604 1840 638 1867; x_wconf 87' lang='lat' dir='ltr'><em>e.</em></span> <span class='ocrx_word' id='word_1_158' title='bbox 676 1828 713 1863; x_wconf 82' lang='lat' dir='ltr'>in</span> <span class='ocrx_word' id='word_1_159' title='bbox 731 1826 871 1863; x_wconf 80' lang='lat' dir='ltr'><em>eandem</em></span> <span class='ocrx_word' id='word_1_160' title='bbox 899 1838 1025 1863; x_wconf 81' lang='lat' dir='ltr'><em>cessere</em></span> 
     </span>
     <span class='ocr_line' id='line_1_32' title="bbox 361 1883 1024 1929; baseline -0.005 -8"><span class='ocrx_word' id='word_1_161' title='bbox 361 1885 586 1929; x_wconf 83' lang='lat' dir='ltr'><em>sententiam,</em></span> <span class='ocrx_word' id='word_1_162' title='bbox 614 1883 759 1920; x_wconf 80' lang='lat' dir='ltr'><em>eandem</em></span> <span class='ocrx_word' id='word_1_163' title='bbox 779 1883 936 1919; x_wconf 77' lang='lat' dir='ltr'><em>tulerunt</em></span> <span class='ocrx_word' id='word_1_164' title='bbox 947 1895 1024 1919; x_wconf 81' lang='lat' dir='ltr'><em>sen-</em></span> 
     </span>
     <span class='ocr_line' id='line_1_33' title="bbox 363 1933 1025 2006; baseline -0.002 -28"><span class='ocrx_word' id='word_1_165' title='bbox 363 1942 520 1978; x_wconf 80' lang='lat' dir='ltr'><em>tentiam.</em></span> <span class='ocrx_word' id='word_1_166' title='bbox 571 1940 648 1976; x_wconf 89' lang='lat' dir='ltr'>Ubi</span> <span class='ocrx_word' id='word_1_167' title='bbox 667 1937 909 1990; x_wconf 82' lang='grc' dir='ltr'>ἐκφέρεσθαι</span> <span class='ocrx_word' id='word_1_168' title='bbox 921 1933 1025 2006; x_wconf 76' lang='grc' dir='ltr'>γνώ-</span> 
     </span>
     <span class='ocr_line' id='line_1_34' title="bbox 364 1990 1025 2048; baseline -0.002 -13"><span class='ocrx_word' id='word_1_169' title='bbox 364 2012 445 2047; x_wconf 89' lang='grc' dir='ltr'>μην</span> <span class='ocrx_word' id='word_1_170' title='bbox 474 1995 611 2032; x_wconf 88' lang='lat' dir='ltr'><em>eodem</em></span> <span class='ocrx_word' id='word_1_171' title='bbox 639 2009 772 2042; x_wconf 88' lang='lat' dir='ltr'><em>sensu,</em></span> <span class='ocrx_word' id='word_1_172' title='bbox 821 2009 897 2048; x_wconf 91' lang='lat' dir='ltr'>quo</span> <span class='ocrx_word' id='word_1_173' title='bbox 928 1990 1025 2034; x_wconf 82' lang='grc' dir='ltr'>ἀπο·</span> 
     </span>
     <span class='ocr_line' id='line_1_35' title="bbox 366 2047 1025 2102; baseline -0.003 -10"><span class='ocrx_word' id='word_1_174' title='bbox 366 2053 634 2100; x_wconf 81' lang='grc' dir='ltr'>δείκνυσθαι,</span> <span class='ocrx_word' id='word_1_175' title='bbox 721 2047 1025 2102; x_wconf 82' lang='grc' dir='ltr'>ἀποφαίνεσθαι</span> 
     </span>
     <span class='ocr_line' id='line_1_36' title="bbox 365 2104 1025 2161; baseline -0.006 -13"><span class='ocrx_word' id='word_1_176' title='bbox 365 2104 553 2161; x_wconf 70' lang='grc' dir='ltr'>γνώμην,</span> <span class='ocrx_word' id='word_1_177' title='bbox 576 2107 623 2144; x_wconf 83' lang='lat' dir='ltr'>de</span> <span class='ocrx_word' id='word_1_178' title='bbox 646 2120 722 2159; x_wconf 88' lang='lat' dir='ltr'>quo</span> <span class='ocrx_word' id='word_1_179' title='bbox 743 2108 844 2144; x_wconf 88' lang='lat' dir='ltr'>conf.</span> <span class='ocrx_word' id='word_1_180' title='bbox 866 2115 963 2144; x_wconf 86' lang='lat' dir='ltr'><strong>nott.</strong></span> <span class='ocrx_word' id='word_1_181' title='bbox 977 2106 1025 2143; x_wconf 81' lang='lat' dir='ltr'>ad</span> 
     </span>
     <span class='ocr_line' id='line_1_37' title="bbox 366 2162 1025 2213; baseline -0.003 -11"><span class='ocrx_word' id='word_1_182' title='bbox 366 2167 396 2213; x_wconf 93' lang='grc' dir='ltr'>Ι,</span> <span class='ocrx_word' id='word_1_183' title='bbox 420 2168 513 2206; x_wconf 86' lang='grc'>170</span> <span class='ocrx_word' id='word_1_184' title='bbox 570 2166 648 2200; x_wconf 78' lang='lat' dir='ltr'><em>Nec</em></span> <span class='ocrx_word' id='word_1_185' title='bbox 683 2164 850 2200; x_wconf 72' lang='lat' dir='ltr'><strong>mulnun</strong></span> <span class='ocrx_word' id='word_1_186' title='bbox 870 2162 1025 2210; x_wconf 83' lang='lat' dir='ltr'>recedit,</span> 
     </span>
     <span class='ocr_line' id='line_1_38' title="bbox 368 2219 1026 2286; baseline -0.002 -28"><span class='ocrx_word' id='word_1_187' title='bbox 368 2219 473 2286; x_wconf 90' lang='lat' dir='ltr'>quod</span> <span class='ocrx_word' id='word_1_188' title='bbox 511 2221 627 2271; x_wconf 88' lang='lat' dir='ltr'>paulo</span> <span class='ocrx_word' id='word_1_189' title='bbox 657 2227 745 2256; x_wconf 84' lang='lat' dir='ltr'><em>ante</em></span> <span class='ocrx_word' id='word_1_190' title='bbox 782 2221 920 2270; x_wconf 74' lang='lat' dir='ltr'><em>legitur</em></span> <span class='ocrx_word' id='word_1_191' title='bbox 957 2219 1026 2258; x_wconf 83' lang='grc' dir='ltr'>ἐκ-</span> 
     </span>
     <span class='ocr_line' id='line_1_39' title="bbox 368 2273 1026 2332; baseline -0.005 -16"><span class='ocrx_word' id='word_1_192' title='bbox 368 2294 440 2332; x_wconf 86' lang='grc' dir='ltr'>φη</span> <span class='ocrx_word' id='word_1_193' title='bbox 460 2292 548 2324; x_wconf 85' lang='grc' dir='ltr'>νας</span> <span class='ocrx_word' id='word_1_194' title='bbox 574 2273 648 2327; x_wconf 83' lang='grc' dir='ltr'>τὴν</span> <span class='ocrx_word' id='word_1_195' title='bbox 675 2274 826 2316; x_wconf 76' lang='grc' dir='ltr'>ἑωυτοῦ</span> <span class='ocrx_word' id='word_1_196' title='bbox 848 2290 1026 2327; x_wconf 83' lang='grc' dir='ltr'>γνωμην,</span> 
     </span>
     <span class='ocr_line' id='line_1_40' title="bbox 367 2332 1027 2385; baseline -0.008 -13"><span class='ocrx_word' id='word_1_197' title='bbox 367 2335 529 2385; x_wconf 82' lang='lat' dir='ltr'><em>aperire,</em></span> <span class='ocrx_word' id='word_1_198' title='bbox 565 2332 766 2380; x_wconf 80' lang='lat' dir='ltr'><em>declarare,</em></span> <span class='ocrx_word' id='word_1_199' title='bbox 806 2333 919 2370; x_wconf 83' lang='lat' dir='ltr'><em>dzcere</em></span> <span class='ocrx_word' id='word_1_200' title='bbox 950 2345 1027 2368; x_wconf 84' lang='lat' dir='ltr'><em>sen-</em></span> 
     </span>
     <span class='ocr_line' id='line_1_41' title="bbox 369 2389 1027 2441; baseline -0.008 -13"><span class='ocrx_word' id='word_1_201' title='bbox 369 2392 539 2434; x_wconf 77' lang='lat' dir='ltr'><em>tentiam‚·</em></span> <span class='ocrx_word' id='word_1_202' title='bbox 593 2402 762 2441; x_wconf 87' lang='lat' dir='ltr'><strong>quocum</strong></span> <span class='ocrx_word' id='word_1_203' title='bbox 805 2389 907 2426; x_wconf 88' lang='lat' dir='ltr'><strong>conf.</strong></span> <span class='ocrx_word' id='word_1_204' title='bbox 945 2389 1027 2435; x_wconf 84' lang='lat' dir='ltr'><strong>Vll,</strong></span> 
     </span>
     <span class='ocr_line' id='line_1_42' title="bbox 374 2443 999 2498; baseline -0.008 -10"><span class='ocrx_word' id='word_1_205' title='bbox 374 2450 465 2494; x_wconf 83' lang='lat'>160,</span> <span class='ocrx_word' id='word_1_206' title='bbox 487 2446 552 2482; x_wconf 81' lang='lat' dir='ltr'>ubi</span> <span class='ocrx_word' id='word_1_207' title='bbox 573 2443 692 2498; x_wconf 83' lang='grc' dir='ltr'>λόγον</span> <span class='ocrx_word' id='word_1_208' title='bbox 712 2444 999 2496; x_wconf 80' lang='grc' dir='ltr'>ἐκφαίνειν.</span> 
     </span>
    </p>

    <p class='ocr_par' dir='ltr' id='par_1_16' title="bbox 372 2498 1034 2835">
     <span class='ocr_line' id='line_1_43' title="bbox 424 2498 1027 2553; baseline -0.003 -11"><span class='ocrx_word' id='word_1_209' title='bbox 424 2502 627 2549; x_wconf 85' lang='grc' dir='ltr'>Ἑκαταῖος</span> <span class='ocrx_word' id='word_1_210' title='bbox 661 2499 703 2541; x_wconf 74' lang='grc' dir='ltr'>δὲ</span> <span class='ocrx_word' id='word_1_211' title='bbox 732 2499 756 2541; x_wconf 79' lang='grc' dir='ltr'>ὁ</span> <span class='ocrx_word' id='word_1_212' title='bbox 797 2498 1027 2553; x_wconf 81' lang='grc' dir='ltr'>λογοποιός]</span> 
     </span>
     <span class='ocr_line' id='line_1_44' title="bbox 372 2556 1028 2604; baseline -0.005 -8"><span class='ocrx_word' id='word_1_213' title='bbox 372 2562 429 2597; x_wconf 91' lang='lat' dir='ltr'><em>De</em></span> <span class='ocrx_word' id='word_1_214' title='bbox 459 2559 640 2598; x_wconf 82' lang='lat' dir='ltr'><em>Hecataeo</em></span> <span class='ocrx_word' id='word_1_215' title='bbox 665 2558 768 2595; x_wconf 84' lang='lat' dir='ltr'><strong>conf.</strong></span> <span class='ocrx_word' id='word_1_216' title='bbox 794 2565 890 2595; x_wconf 84' lang='lat' dir='ltr'>nott.</span> <span class='ocrx_word' id='word_1_217' title='bbox 912 2556 961 2594; x_wconf 85' lang='lat' dir='ltr'>ad</span> <span class='ocrx_word' id='word_1_218' title='bbox 980 2558 1028 2604; x_wconf 87' lang='lat' dir='ltr'>H,</span> 
     </span>
     <span class='ocr_line' id='line_1_45' title="bbox 377 2613 1030 2664; baseline -0.006 -11"><span class='ocrx_word' id='word_1_219' title='bbox 377 2616 468 2657; x_wconf 82' lang='lat'>143.</span> <span class='ocrx_word' id='word_1_220' title='bbox 529 2613 632 2652; x_wconf 88' lang='lat' dir='ltr'><strong>Add.</strong></span> <span class='ocrx_word' id='word_1_221' title='bbox 661 2615 828 2652; x_wconf 82' lang='lat' dir='ltr'>Klausen</span> <span class='ocrx_word' id='word_1_222' title='bbox 857 2616 895 2650; x_wconf 87' lang='lat' dir='ltr'>in</span> <span class='ocrx_word' id='word_1_223' title='bbox 924 2615 1030 2664; x_wconf 84' lang='lat' dir='ltr'><em>frag-</em></span> 
     </span>
     <span class='ocr_line' id='line_1_46' title="bbox 374 2672 1031 2722; baseline -0.003 -14"><span class='ocrx_word' id='word_1_224' title='bbox 374 2679 508 2709; x_wconf 76' lang='lat' dir='ltr'><em>mentt.</em></span> <span class='ocrx_word' id='word_1_225' title='bbox 530 2673 663 2709; x_wconf 84' lang='lat' dir='ltr'><em>Hecat.</em></span> <span class='ocrx_word' id='word_1_226' title='bbox 684 2675 810 2722; x_wconf 79' lang='lat' dir='ltr'><em>pag.2</em></span> <span class='ocrx_word' id='word_1_227' title='bbox 828 2684 934 2722; x_wconf 87' lang='lat' dir='ltr'><em>seqq.</em></span> <span class='ocrx_word' id='word_1_228' title='bbox 954 2672 1031 2706; x_wconf 84' lang='lat' dir='ltr'><em>Le-</em></span> 
     </span>
     <span class='ocr_line' id='line_1_47' title="bbox 374 2726 1033 2779; baseline -0.002 -15"><span class='ocrx_word' id='word_1_229' title='bbox 374 2736 517 2779; x_wconf 82' lang='lat' dir='ltr'>guntur</span> <span class='ocrx_word' id='word_1_230' title='bbox 528 2728 711 2766; x_wconf 86' lang='lat' dir='ltr'>nonnulla</span> <span class='ocrx_word' id='word_1_231' title='bbox 731 2729 770 2764; x_wconf 87' lang='lat' dir='ltr'>in</span> <span class='ocrx_word' id='word_1_232' title='bbox 783 2726 939 2764; x_wconf 85' lang='lat' dir='ltr'><em>Diodori</em></span> <span class='ocrx_word' id='word_1_233' title='bbox 949 2728 1033 2763; x_wconf 86' lang='lat' dir='ltr'>Ex-</span> 
     </span>
     <span class='ocr_line' id='line_1_48' title="bbox 375 2782 1034 2835; baseline -0.002 -14"><span class='ocrx_word' id='word_1_234' title='bbox 375 2791 509 2835; x_wconf 83' lang='lat' dir='ltr'><em>cerptt.</em></span> <span class='ocrx_word' id='word_1_235' title='bbox 521 2785 605 2822; x_wconf 81' lang='lat' dir='ltr'>libri</span> <span class='ocrx_word' id='word_1_236' title='bbox 625 2785 777 2835; x_wconf 85' lang='lat' dir='ltr'><em>septimi</em></span> <span class='ocrx_word' id='word_1_237' title='bbox 797 2785 928 2821; x_wconf 81' lang='lat' dir='ltr'><em>aMaio</em></span> <span class='ocrx_word' id='word_1_238' title='bbox 951 2782 1034 2820; x_wconf 83' lang='lat' dir='ltr'><em>edi-</em></span> 
     </span>
    </p>
   </div>
   <div class='ocr_carea' id='block_1_15' title="bbox 1076 1483 1747 2837">
    <p class='ocr_par' dir='ltr' id='par_1_17' title="bbox 1076 1483 1740 1934">
     <span class='ocr_line' id='line_1_49' title="bbox 1079 1483 1734 1537; baseline -0.012 -11"><span class='ocrx_word' id='word_1_239' title='bbox 1079 1488 1124 1525; x_wconf 82' lang='lat' dir='ltr'>tis</span> <span class='ocrx_word' id='word_1_240' title='bbox 1158 1488 1286 1537; x_wconf 76' lang='lat' dir='ltr'><strong>(Nov.</strong></span> <span class='ocrx_word' id='word_1_241' title='bbox 1320 1486 1476 1523; x_wconf 86' lang='lat' dir='ltr'><em>Colleet.</em></span> <span class='ocrx_word' id='word_1_242' title='bbox 1508 1483 1664 1534; x_wconf 80' lang='lat' dir='ltr'>Scriptt.</span> <span class='ocrx_word' id='word_1_243' title='bbox 1697 1483 1734 1518; x_wconf 88' lang='lat'>11</span> 
     </span>
     <span class='ocr_line' id='line_1_50' title="bbox 1076 1539 1736 1609; baseline -0.009 -28"><span class='ocrx_word' id='word_1_244' title='bbox 1076 1558 1165 1596; x_wconf 83' lang='lat' dir='ltr'>pag.</span> <span class='ocrx_word' id='word_1_245' title='bbox 1182 1545 1254 1609; x_wconf 84' lang='lat'>38)</span> <span class='ocrx_word' id='word_1_246' title='bbox 1286 1542 1332 1580; x_wconf 88' lang='lat' dir='ltr'>de</span> <span class='ocrx_word' id='word_1_247' title='bbox 1352 1545 1542 1579; x_wconf 79' lang='lat' dir='ltr'><em>Hecataeo</em></span> <span class='ocrx_word' id='word_1_248' title='bbox 1562 1541 1609 1577; x_wconf 84' lang='lat' dir='ltr'>ab</span> <span class='ocrx_word' id='word_1_249' title='bbox 1629 1539 1736 1576; x_wconf 85' lang='lat' dir='ltr'><strong>Ioni-</strong></span> 
     </span>
     <span class='ocr_line' id='line_1_51' title="bbox 1076 1595 1737 1661; baseline -0.009 -23"><span class='ocrx_word' id='word_1_250' title='bbox 1076 1602 1146 1638; x_wconf 90' lang='lat' dir='ltr'>bus</span> <span class='ocrx_word' id='word_1_251' title='bbox 1166 1603 1281 1637; x_wconf 84' lang='lat' dir='ltr'><em>misso</em></span> <span class='ocrx_word' id='word_1_252' title='bbox 1303 1607 1450 1637; x_wconf 83' lang='lat' dir='ltr'><em>oratore</em></span> <span class='ocrx_word' id='word_1_253' title='bbox 1462 1597 1510 1635; x_wconf 87' lang='lat' dir='ltr'>ad</span> <span class='ocrx_word' id='word_1_254' title='bbox 1523 1595 1737 1661; x_wconf 83' lang='lat' dir='ltr'><em>Artapher-</em></span> 
     </span>
     <span class='ocr_line' id='line_1_52' title="bbox 1076 1650 1738 1707; baseline -0.005 -13"><span class='ocrx_word' id='word_1_255' title='bbox 1076 1671 1181 1694; x_wconf 88' lang='lat' dir='ltr'><em>nem.</em></span> <span class='ocrx_word' id='word_1_256' title='bbox 1206 1679 1263 1684; x_wconf 88' lang='lat'>--</span> <span class='ocrx_word' id='word_1_257' title='bbox 1310 1658 1356 1693; x_wconf 87' lang='lat' dir='ltr'>In</span> <span class='ocrx_word' id='word_1_258' title='bbox 1385 1668 1492 1707; x_wconf 82' lang='lat' dir='ltr'><em>seqq.</em></span> <span class='ocrx_word' id='word_1_259' title='bbox 1523 1652 1572 1691; x_wconf 82' lang='lat' dir='ltr'>ad</span> <span class='ocrx_word' id='word_1_260' title='bbox 1600 1668 1675 1693; x_wconf 85' lang='grc' dir='ltr'>ουκ</span> <span class='ocrx_word' id='word_1_261' title='bbox 1691 1650 1738 1691; x_wconf 82' lang='grc' dir='ltr'>εὀι</span> 
     </span>
     <span class='ocr_line' id='line_1_53' title="bbox 1076 1709 1738 1763; baseline -0.011 -11"><span class='ocrx_word' id='word_1_262' title='bbox 1076 1713 1353 1763; x_wconf 77' lang='lat' dir='ltr'><em>(dissuadebat)</em></span> <span class='ocrx_word' id='word_1_263' title='bbox 1384 1712 1486 1749; x_wconf 84' lang='lat' dir='ltr'>conf.</span> <span class='ocrx_word' id='word_1_264' title='bbox 1505 1712 1554 1759; x_wconf 90' lang='grc' dir='ltr'>Π,</span> <span class='ocrx_word' id='word_1_265' title='bbox 1576 1713 1643 1751; x_wconf 81' lang='lat'>30.</span> <span class='ocrx_word' id='word_1_266' title='bbox 1672 1709 1738 1757; x_wconf 88' lang='lat' dir='ltr'>IV,</span> 
     </span>
     <span class='ocr_line' id='line_1_54' title="bbox 1082 1766 1740 1811; baseline -0.009 -3"><span class='ocrx_word' id='word_1_267' title='bbox 1082 1769 1163 1811; x_wconf 79' lang='lat'>164</span> <span class='ocrx_word' id='word_1_268' title='bbox 1203 1777 1239 1807; x_wconf 84' lang='lat' dir='ltr'>et</span> <span class='ocrx_word' id='word_1_269' title='bbox 1279 1769 1328 1806; x_wconf 86' lang='lat' dir='ltr'>ad</span> <span class='ocrx_word' id='word_1_270' title='bbox 1367 1775 1596 1806; x_wconf 75' lang='lat' dir='ltr'>structuram</span> <span class='ocrx_word' id='word_1_271' title='bbox 1632 1766 1740 1805; x_wconf 79' lang='lat' dir='ltr'><em>verbi</em></span> 
     </span>
     <span class='ocr_line' id='line_1_55' title="bbox 1081 1822 1739 1878; baseline -0.011 -13"><span class='ocrx_word' id='word_1_272' title='bbox 1081 1822 1338 1878; x_wconf 84' lang='grc' dir='ltr'>ἀναιρεῖσθαι</span> <span class='ocrx_word' id='word_1_273' title='bbox 1386 1823 1523 1863; x_wconf 81' lang='lat' dir='ltr'><strong>Matth.</strong></span> <span class='ocrx_word' id='word_1_274' title='bbox 1564 1825 1631 1860; x_wconf 87' lang='lat' dir='ltr'>Gr.</span> <span class='ocrx_word' id='word_1_275' title='bbox 1671 1823 1739 1860; x_wconf 84' lang='lat' dir='ltr'>Gr.</span> 
     </span>
     <span class='ocr_line' id='line_1_56' title="bbox 1080 1885 1287 1934; baseline -0.01 -9"><span class='ocrx_word' id='word_1_276' title='bbox 1080 1896 1168 1934; x_wconf 78' lang='lat' dir='ltr'>pag</span> <span class='ocrx_word' id='word_1_277' title='bbox 1190 1885 1287 1924; x_wconf 82' lang='lat'>733</span> 
     </span>
    </p>

    <p class='ocr_par' dir='ltr' id='par_1_18' title="bbox 1081 1932 1747 2837">
     <span class='ocr_line' id='line_1_57' title="bbox 1138 1932 1741 1989; baseline -0.01 -11"><span class='ocrx_word' id='word_1_278' title='bbox 1138 1936 1242 1986; x_wconf 82' lang='grc' dir='ltr'>ὅκως</span> <span class='ocrx_word' id='word_1_279' title='bbox 1280 1932 1518 1989; x_wconf 82' lang='grc' dir='ltr'>ναυκράτεες</span> <span class='ocrx_word' id='word_1_280' title='bbox 1550 1937 1622 1986; x_wconf 84' lang='grc' dir='ltr'>τῆς</span> <span class='ocrx_word' id='word_1_281' title='bbox 1660 1938 1741 1973; x_wconf 84' lang='grc' dir='ltr'>θα-</span> 
     </span>
     <span class='ocr_line' id='line_1_58' title="bbox 1082 1990 1742 2046; baseline -0.014 -11"><span class='ocrx_word' id='word_1_282' title='bbox 1082 1991 1230 2046; x_wconf 78' lang='grc' dir='ltr'>λάσσης</span> <span class='ocrx_word' id='word_1_283' title='bbox 1265 1994 1449 2041; x_wconf 85' lang='grc' dir='ltr'>ε’σονται]</span> <span class='ocrx_word' id='word_1_284' title='bbox 1488 1991 1606 2043; x_wconf 89' lang='lat' dir='ltr'>Apud</span> <span class='ocrx_word' id='word_1_285' title='bbox 1626 1990 1742 2028; x_wconf 90' lang='lat' dir='ltr'>Thu-</span> 
     </span>
     <span class='ocr_line' id='line_1_59' title="bbox 1082 2049 1743 2103; baseline -0.008 -14"><span class='ocrx_word' id='word_1_286' title='bbox 1082 2052 1262 2103; x_wconf 76' lang='lat' dir='ltr'><em>cydidem</em></span> <span class='ocrx_word' id='word_1_287' title='bbox 1281 2052 1381 2097; x_wconf 83' lang='lat' dir='ltr'><strong>VIII,</strong></span> <span class='ocrx_word' id='word_1_288' title='bbox 1402 2052 1454 2091; x_wconf 84' lang='lat'>83</span> <span class='ocrx_word' id='word_1_289' title='bbox 1468 2078 1478 2097; x_wconf 91' lang='lat'><strong>,</strong></span> <span class='ocrx_word' id='word_1_290' title='bbox 1506 2056 1550 2085; x_wconf 92' lang='lat' dir='ltr'>ut</span> <span class='ocrx_word' id='word_1_291' title='bbox 1569 2049 1743 2085; x_wconf 82' lang='lat' dir='ltr'>observat</span> 
     </span>
     <span class='ocr_line' id='line_1_60' title="bbox 1082 2103 1742 2152; baseline -0.009 -7"><span class='ocrx_word' id='word_1_292' title='bbox 1082 2108 1131 2145; x_wconf 87' lang='lat' dir='ltr'>ad</span> <span class='ocrx_word' id='word_1_293' title='bbox 1151 2107 1191 2144; x_wconf 88' lang='lat' dir='ltr'>h.</span> <span class='ocrx_word' id='word_1_294' title='bbox 1211 2109 1238 2144; x_wconf 91' lang='lat' dir='ltr'>l.</span> <span class='ocrx_word' id='word_1_295' title='bbox 1258 2105 1443 2145; x_wconf 85' lang='lat' dir='ltr'>Valcken.</span> <span class='ocrx_word' id='word_1_296' title='bbox 1457 2133 1467 2152; x_wconf 88' lang='lat'>‚</span> <span class='ocrx_word' id='word_1_297' title='bbox 1499 2103 1584 2141; x_wconf 80' lang='lat' dir='ltr'>Chii</span> <span class='ocrx_word' id='word_1_298' title='bbox 1602 2117 1646 2141; x_wconf 84' lang='lat' dir='ltr'>ac</span> <span class='ocrx_word' id='word_1_299' title='bbox 1665 2105 1742 2140; x_wconf 85' lang='lat' dir='ltr'>Mi-</span> 
     </span>
     <span class='ocr_line' id='line_1_61' title="bbox 1081 2156 1744 2210; baseline 0 -10"><span class='ocrx_word' id='word_1_300' title='bbox 1081 2164 1163 2201; x_wconf 80' lang='lat' dir='ltr'><em>lesii</em></span> <span class='ocrx_word' id='word_1_301' title='bbox 1204 2162 1382 2200; x_wconf 82' lang='lat' dir='ltr'>dicuntur</span> <span class='ocrx_word' id='word_1_302' title='bbox 1412 2156 1744 2210; x_wconf 77' lang='grc' dir='ltr'>θαλασσοκράτο-</span> 
     </span>
     <span class='ocr_line' id='line_1_62' title="bbox 1084 2217 1742 2272; baseline -0.008 -14"><span class='ocrx_word' id='word_1_303' title='bbox 1084 2235 1161 2272; x_wconf 86' lang='grc' dir='ltr'>ρες.</span> <span class='ocrx_word' id='word_1_304' title='bbox 1218 2217 1335 2269; x_wconf 90' lang='lat' dir='ltr'>Apud</span> <span class='ocrx_word' id='word_1_305' title='bbox 1364 2217 1604 2255; x_wconf 84' lang='lat' dir='ltr'><em>Herodotum</em></span> <span class='ocrx_word' id='word_1_306' title='bbox 1631 2217 1742 2265; x_wconf 89' lang='lat' dir='ltr'>V1,9</span> 
     </span>
     <span class='ocr_line' id='line_1_63' title="bbox 1085 2272 1744 2339; baseline -0.005 -27"><span class='ocrx_word' id='word_1_307' title='bbox 1085 2272 1493 2325; x_wconf 59' lang='grc' dir='ltr'>ειεϊειῒναυκράτορες,</span> <span class='ocrx_word' id='word_1_308' title='bbox 1502 2272 1628 2339; x_wconf 64' lang='lat' dir='ltr'>quad*</span> <span class='ocrx_word' id='word_1_309' title='bbox 1617 2285 1744 2325; x_wconf 76' lang='lat' dir='ltr'><em>ipsum</em></span> 
     </span>
     <span class='ocr_line' id='line_1_64' title="bbox 1083 2329 1745 2383; baseline -0.003 -14"><span class='ocrx_word' id='word_1_310' title='bbox 1083 2331 1225 2383; x_wconf 84' lang='lat' dir='ltr'><strong>Thucy</strong></span> <span class='ocrx_word' id='word_1_311' title='bbox 1230 2331 1308 2369; x_wconf 85' lang='lat' dir='ltr'>didi</span> <span class='ocrx_word' id='word_1_312' title='bbox 1328 2332 1392 2379; x_wconf 89' lang='lat' dir='ltr'>VI,</span> <span class='ocrx_word' id='word_1_313' title='bbox 1417 2334 1468 2373; x_wconf 89' lang='lat'>18</span> <span class='ocrx_word' id='word_1_314' title='bbox 1499 2331 1644 2368; x_wconf 88' lang='lat' dir='ltr'><em>restitui</em></span> <span class='ocrx_word' id='word_1_315' title='bbox 1662 2329 1745 2368; x_wconf 86' lang='lat' dir='ltr'><strong>vult</strong></span> 
     </span>
     <span class='ocr_line' id='line_1_65' title="bbox 1083 2382 1745 2439; baseline 0 -13"><span class='ocrx_word' id='word_1_316' title='bbox 1083 2387 1269 2426; x_wconf 80' lang='lat' dir='ltr'>Valcken.</span> <span class='ocrx_word' id='word_1_317' title='bbox 1317 2401 1387 2439; x_wconf 88' lang='lat' dir='ltr'>pro</span> <span class='ocrx_word' id='word_1_318' title='bbox 1428 2386 1582 2438; x_wconf 80' lang='lat' dir='ltr'>vulgata</span> <span class='ocrx_word' id='word_1_319' title='bbox 1626 2382 1745 2426; x_wconf 70' lang='grc' dir='ltr'>αὖτο-</span> 
     </span>
     <span class='ocr_line' id='line_1_66' title="bbox 1085 2441 1744 2496; baseline -0.006 -12"><span class='ocrx_word' id='word_1_320' title='bbox 1085 2441 1288 2496; x_wconf 81' lang='grc' dir='ltr'>κράτορες.</span> <span class='ocrx_word' id='word_1_321' title='bbox 1345 2443 1408 2482; x_wconf 91' lang='lat' dir='ltr'>Ad</span> <span class='ocrx_word' id='word_1_322' title='bbox 1438 2444 1516 2494; x_wconf 86' lang='grc' dir='ltr'>ε’φη</span> <span class='ocrx_word' id='word_1_323' title='bbox 1537 2442 1661 2495; x_wconf 83' lang='grc' dir='ltr'>λέγων</span> <span class='ocrx_word' id='word_1_324' title='bbox 1692 2442 1744 2480; x_wconf 85' lang='lat' dir='ltr'>cf.</span> 
     </span>
     <span class='ocr_line' id='line_1_67' title="bbox 1085 2500 1744 2550; baseline -0.005 -11"><span class='ocrx_word' id='word_1_325' title='bbox 1085 2503 1117 2539; x_wconf 97' lang='lat' dir='ltr'><strong>V</strong></span> <span class='ocrx_word' id='word_1_326' title='bbox 1121 2530 1131 2549; x_wconf 92' lang='lat'>‚</span> <span class='ocrx_word' id='word_1_327' title='bbox 1147 2504 1197 2542; x_wconf 89' lang='lat'>18</span> <span class='ocrx_word' id='word_1_328' title='bbox 1219 2508 1256 2537; x_wconf 84' lang='lat' dir='ltr'><em>et</em></span> <span class='ocrx_word' id='word_1_329' title='bbox 1264 2500 1399 2538; x_wconf 81' lang='lat' dir='ltr'><strong>Matth.</strong></span> <span class='ocrx_word' id='word_1_330' title='bbox 1412 2502 1478 2538; x_wconf 88' lang='lat' dir='ltr'>Gr.</span> <span class='ocrx_word' id='word_1_331' title='bbox 1490 2502 1556 2537; x_wconf 87' lang='lat' dir='ltr'>Gr.</span> <span class='ocrx_word' id='word_1_332' title='bbox 1573 2514 1612 2550; x_wconf 88' lang='lat' dir='ltr'>p.</span> <span class='ocrx_word' id='word_1_333' title='bbox 1624 2501 1744 2540; x_wconf 88' lang='lat'>1310.</span> 
     </span>
     <span class='ocr_line' id='line_1_68' title="bbox 1086 2556 1744 2608; baseline -0.003 -14"><span class='ocrx_word' id='word_1_334' title='bbox 1086 2557 1147 2595; x_wconf 90' lang='lat' dir='ltr'>Ad</span> <span class='ocrx_word' id='word_1_335' title='bbox 1169 2558 1327 2594; x_wconf 81' lang='lat' dir='ltr'><em>verbum</em></span> <span class='ocrx_word' id='word_1_336' title='bbox 1348 2556 1495 2608; x_wconf 80' lang='grc' dir='ltr'>ἐνορᾶν</span> <span class='ocrx_word' id='word_1_337' title='bbox 1515 2556 1617 2594; x_wconf 84' lang='lat' dir='ltr'><strong>conf.</strong></span> <span class='ocrx_word' id='word_1_338' title='bbox 1639 2556 1744 2592; x_wconf 85' lang='lat' dir='ltr'><em>locos</em></span> 
     </span>
     <span class='ocr_line' id='line_1_69' title="bbox 1087 2611 1746 2665; baseline -0.005 -15"><span class='ocrx_word' id='word_1_339' title='bbox 1087 2615 1259 2665; x_wconf 83' lang='lat' dir='ltr'><em>geminos</em></span> <span class='ocrx_word' id='word_1_340' title='bbox 1278 2615 1308 2659; x_wconf 85' lang='grc' dir='ltr'>Ι,</span> <span class='ocrx_word' id='word_1_341' title='bbox 1323 2617 1414 2655; x_wconf 82' lang='lat'>123.</span> <span class='ocrx_word' id='word_1_342' title='bbox 1431 2616 1522 2661; x_wconf 88' lang='grc'>170,</span> <span class='ocrx_word' id='word_1_343' title='bbox 1543 2611 1630 2650; x_wconf 88' lang='lat' dir='ltr'>coll.</span> <span class='ocrx_word' id='word_1_344' title='bbox 1644 2612 1746 2659; x_wconf 87' lang='lat' dir='ltr'><strong>VIII,</strong></span> 
     </span>
     <span class='ocr_line' id='line_1_70' title="bbox 1093 2667 1746 2718; baseline -0.011 -7"><span class='ocrx_word' id='word_1_345' title='bbox 1093 2670 1170 2711; x_wconf 84' lang='lat'>140</span> <span class='ocrx_word' id='word_1_346' title='bbox 1201 2678 1237 2708; x_wconf 88' lang='lat' dir='ltr'><em>et</em></span> <span class='ocrx_word' id='word_1_347' title='bbox 1265 2672 1330 2718; x_wconf 88' lang='grc' dir='ltr'>ΠΙ,</span> <span class='ocrx_word' id='word_1_348' title='bbox 1359 2671 1426 2712; x_wconf 84' lang='grc'>53.</span> <span class='ocrx_word' id='word_1_349' title='bbox 1455 2691 1511 2698; x_wconf 89' lang='lat'>—-</span> <span class='ocrx_word' id='word_1_350' title='bbox 1548 2667 1612 2705; x_wconf 83' lang='lat' dir='ltr'>Ad</span> <span class='ocrx_word' id='word_1_351' title='bbox 1629 2668 1746 2706; x_wconf 78' lang='lat' dir='ltr'><em>verba</em></span> 
     </span>
     <span class='ocr_line' id='line_1_71' title="bbox 1090 2723 1745 2777; baseline -0.005 -12"><span class='ocrx_word' id='word_1_352' title='bbox 1090 2724 1137 2765; x_wconf 78' lang='grc' dir='ltr'>τοὶ</span> <span class='ocrx_word' id='word_1_353' title='bbox 1171 2725 1213 2766; x_wconf 82' lang='grc' dir='ltr'>ἐκ</span> <span class='ocrx_word' id='word_1_354' title='bbox 1240 2729 1312 2767; x_wconf 79' lang='grc' dir='ltr'>τοῦ</span> <span class='ocrx_word' id='word_1_355' title='bbox 1343 2726 1433 2777; x_wconf 80' lang='grc' dir='ltr'>ἷροῦ</span> <span class='ocrx_word' id='word_1_356' title='bbox 1453 2726 1526 2765; x_wconf 82' lang='grc' dir='ltr'>τοῦ</span> <span class='ocrx_word' id='word_1_357' title='bbox 1553 2723 1596 2764; x_wconf 82' lang='grc' dir='ltr'>ἐν</span> <span class='ocrx_word' id='word_1_358' title='bbox 1621 2727 1745 2775; x_wconf 84' lang='grc' dir='ltr'>Βραγ-</span> 
     </span>
     <span class='ocr_line' id='line_1_72' title="bbox 1092 2781 1747 2837; baseline 0.002 -15"><span class='ocrx_word' id='word_1_359' title='bbox 1092 2783 1225 2837; x_wconf 79' lang='grc' dir='ltr'>χίδῃσι</span> <span class='ocrx_word' id='word_1_360' title='bbox 1244 2784 1346 2821; x_wconf 85' lang='lat' dir='ltr'>conf.</span> <span class='ocrx_word' id='word_1_361' title='bbox 1366 2781 1504 2820; x_wconf 81' lang='lat' dir='ltr'><strong>Matth.</strong></span> <span class='ocrx_word' id='word_1_362' title='bbox 1522 2793 1611 2833; x_wconf 83' lang='lat' dir='ltr'>pag.</span> <span class='ocrx_word' id='word_1_363' title='bbox 1626 2782 1747 2822; x_wconf 81' lang='lat'>1193-</span> 
     </span>
    </p>
   </div>
  </div>
 </body>
</html>
