1851 3181
433 217 518 258 596
832 197 1302 243 HERODO'rl

411 330 530 381 4ρην
569 318 694 369 πόλις
737 318 790 374 τῇ
832 313 1003 372 οὔνομά
1040 313 1130 356 ἐστι
1169 306 1447 365 Μεσαμβρίη·
1487 303 1626 360 ἔχεται
1655 300 1703 344 δὲ

438 390 596 445 ταύτης
629 384 804 429 Θασίων
831 381 978 436 πόλις,
1008 379 1207 435 Στρύμη.
1265 375 1337 420 διὰ
1369 372 1416 417 δέ
1445 384 1594 428 σφεων
1621 369 1702 412 τοῦ

440 459 574 515 μέσου
625 455 786 504 Λίσσος
837 450 1032 506 ποταμός
1091 445 1302 502 διαῤῥὲει·
1373 441 1420 494 ὃς
1475 438 1572 484 τότε
1623 434 1762 481 οὐκ15

441 524 616 579 ἀντέσχε
659 520 709 564 τὰ
739 519 861 573 ὕδωρ
893 517 1095 573 παρέχων
1114 518 1174 571 τῷ
1199 512 1364 566 Ξέρξεω
1396 510 1589 564 στρατῷ,
1619 502 1706 548 ἀλλ’

413 592 625 637 5ἐπέλιπε.
683 588 710 645 ἡ
743 589 789 633 δὲ
808 587 925 645 χώρη
955 585 1064 640 αὕτη
1095 582 1231 626 πάλαι
1259 580 1337 636 μὲν
1366 576 1561 622 ἐκαλέετο
1597 576 1710 616 Γαλ-

444 661 594 715 λαϊκή,
624 661 710 701 νῦν
742 657 788 700 δὲ
818 650 1057 710 Βριαντική
1070 667 1090 703 ·,
1110 651 1198 695 ἔστι
1229 648 1377 704 μέντοι
1404 649 1464 704 τῷ
1495 638 1713 688 δικαιοτά-

286 732 385 778 109
443 747 503 787 τῳ
549 731 640 771 τῶν
668 724 812 781 λόγων
840 723 912 768 καὶ
955 721 1066 777 αὕτη
1099 715 1314 762 Κικόνων.
1371 711 1541 768 Δίαβάς
1570 709 1616 754 δὲ
1634 710 1714 752 τοῦ

115 798 275 827 Mamm·
305 797 356 825 ⁰³·
451 799 619 841 Λίσσου
658 794 857 847 ποταμοῦ
883 789 932 833 τὸ
981 789 1167 845 ῥέεθρον
1205 781 1580 840 ἀπεξηρασμένον,
1637 774 1769 821 πεῖ-20

115 841 190 861 caea
238 832 363 860 Abdera.

117 865 391 902 Palude⁵¹³¹¹¹³s³³
419 870 521 917 Ξλις
573 862 834 920 Ἑλληνίδας
871 856 1001 903 τάσδε
1041 854 1357 912 παραμείβετο,
1420 846 1711 903 ΒΙαρώνειαν,

121 909 153 930 ct
163 901 322 931 Bistonia:
334 899 390 927 flu<

394 1081 445 1119 cf.
464 1077 634 1129 Philippi
652 1075 772 1126 Epist.
793 1070 896 1124 apud
907 1071 1055 1107 Demo-

394 1136 519 1176 stheu.
540 1148 627 1186 pag.
649 1132 703 1174 94
726 1132 783 1182 [p.
805 1131 884 1170 163
902 1130 932 1175 I,
952 1128 971 1162 Ι
987 1125 1053 1173 R.]

397 1195 484 1233 coll.
507 1195 730 1243 Harpocrat.
751 1201 781 1225 s.
801 1200 840 1224 v.
861 1192 897 1221 et
919 1181 1056 1233 steph.

395 1254 492 1304 Byz.
522 1263 552 1287 s.
572 1262 609 1289 v.
631 1259 719 1297 pag.
742 1246 837 1285 682.
887 1241 1058 1278 Verbum

397 1308 571 1354 πολίζειν
592 1304 698 1353 attigi
719 1300 767 1338 ad
798 1300 845 1347 V,
868 1301 932 1338 13.
981 1297 1058 1332 Pro

399 1364 551 1409 Λίσσος
570 1362 741 1413 plerique
763 1354 876 1394 codd.
908 1354 1061 1398 Aloog:

401 1434 499 1474 quae
535 1417 671 1455 eadem
701 1414 874 1452 lectionis
904 1411 1062 1449 varietas

398 1479 480 1526 Vll,
504 1478 597 1517 109.

459 1531 505 1581 ὂς
523 1529 608 1571 τότε
629 1526 701 1570 οὐκ
722 1523 882 1577 οἷντὲσχε
901 1518 1064 1574 τόῧδωρ

402 1613 460 1620 -
480 1584 562 1630 ἄλλ’
586 1586 771 1633 ἐπέλιπε]
803 1585 920 1620 Recte
951 1579 1066 1631 pleri-

404 1661 480 1700 que
500 1646 585 1683 libri
601 1641 759 1692 ἀντέσχε
771 1653 840 1692 pro
857 1639 950 1676 olim
959 1636 1067 1684 vulg.

406 1701 612 1754 οἷντέσχετο
640 1697 684 1739 τό
712 1697 837 1748 ὕδωρ.
896 1694 954 1731 Cf.
985 1693 1065 1728 Eu-

406 1759 519 1799 stath.
549 1757 598 1795 ad
628 1758 786 1807 Dionys.
808 1753 889 1794 538
921 1756 957 1786 et
987 1751 1069 1785 He-

407 1817 532 1855 rodot.
552 1815 634 1863 Vll,
655 1813 723 1854 43.
746 1812 812 1852 58.
838 1810 932 1849 196.

465 1871 640 1914 ἐκαλέετο
661 1862 886 1915 Γαλλαϊκή,
916 1864 993 1902 νῦν
1026 1857 1070 1900 δὲ

409 1924 660 1983 Βριαντική]
710 1925 836 1975 Vulgo
878 1914 1071 1968 Γαλαϊκή.

409 1990 486 2025 Nos
508 1982 727 2034 Scliweigh.
749 1988 785 2017 et
814 1977 932 2016 Gaisf.
954 1975 1075 2013 secuti

411 2057 565 2089 sumus,
595 2042 661 2092 qui
693 2041 743 2076 ita
765 2051 785 2074 e
815 2033 1008 2073 Sancrofti
1026 2032 1074 2068 li-

412 2103 481 2138 bro
503 2097 703 2144 dederunt,
724 2092 928 2132 accedente
952 2089 1074 2128 Valla,

413 2157 521 2194 idem
562 2155 651 2190 fecit
689 2150 860 2189 Bekker.
920 2146 1077 2192 Quaerit

415 2225 505 2250 vero
544 2213 720 2261 Koppen.
762 2206 775 2257 (
797 2203 998 2254 Nordgest.
1038 2200 1076 2239 d.

414 2273 528 2307 Pont.
548 2280 636 2318 pag.
665 2268 736 2312 69)
769 2258 1080 2299 haec'Thraciae

418 2327 523 2377 regio
544 2323 712 2362 Gallaica
735 2333 830 2357 num
857 2316 905 2353 ad
925 2316 1078 2353 Galatas

418 2388 562 2435 spectet
602 2377 820 2418 Scordiscos
857 2372 905 2410 ad
941 2374 1080 2409 Istrum

419 2440 631 2478 habitantes
645 2465 656 2484 ,
676 2441 769 2472 teste
791 2431 978 2469 Strabone
999 2428 1079 2474 Vll,

417 2511 456 2549 p.
478 2498 559 2537 293
579 2508 609 2531 s.
638 2505 678 2543 p.
698 2490 780 2531 450
801 2488 843 2527 C.
901 2485 1081 2535 Propius,

421 2554 577 2604 opinor,
619 2548 693 2587 huc
730 2546 895 2598 pertinet
922 2553 1080 2591 campus

422 2609 604 2648 Priaticus
648 2616 767 2656 prope
806 2600 1082 2638 Maronitarum

423 2666 607 2704 ditionem
629 2660 731 2713 apud
756 2660 840 2697 Liv.
863 2654 1080 2700 XXXVIII,

425 2723 474 2763 41
509 2728 545 2758 et
574 2720 748 2758 Priantae
782 2712 885 2767 apud
912 2712 1013 2749 Plin.
1033 2711 1083 2747 H.

425 2780 472 2815 N.
496 2778 560 2825 lv,
583 2780 631 2817 11
655 2775 758 2824 (18)
789 2774 827 2818 ς.
855 2769 923 2810 41.
943 2790 995 2796 -
1025 2768 1084 2803 De

434 2833 620 2871 Ciconibus
639 2832 689 2870 cf.
707 2830 788 2878 VII,
811 2827 864 2869 59
884 2826 1086 2878 ibiq.nott.

1115 1064 1242 1103 Verba
1261 1063 1318 1114 τῷ
1340 1053 1577 1112 δικαιοτάτῳ
1602 1057 1684 1095 τῶν
1707 1048 1774 1092 λό-

1110 1137 1192 1178 γων
1215 1120 1364 1158 valent:
1397 1115 1585 1155 secundum
1603 1114 1774 1150 rationem

1113 1189 1264 1217 maxzme
1291 1188 1408 1213 veram
1432 1187 1461 1211 s.
1494 1185 1524 1209 ει
1554 1182 1672 1208 verum
1695 1180 1776 1205 ma-

1113 1237 1206 1273 xime
1224 1237 1364 1284 specteS,
1396 1241 1558 1281 quaeras.
1596 1227 1684 1263 Non
1705 1224 1778 1260 ali-

1115 1300 1173 1359 ter
1216 1291 1297 1338 vil,
1347 1290 1425 1329 103
1463 1281 1582 1326 παντὶ
1622 1284 1677 1336 τῷ
1717 1279 1779 1320 οἶ-

1119 1363 1220 1388 novt.

1338 1435 1431 1485 Cap.
1454 1431 1553 1469 CIX.

1184 1511 1509 1566 (ἶπεξηρασμένον
1527 1511 1545 1560 ]
1587 1509 1614 1547 i.
1649 1521 1684 1544 e.
1715 1518 1783 1543 ex·-

1123 1577 1306 1620 sz'ccatum,
1329 1569 1470 1608 bibendo
1493 1568 1713 1606 exhaustum.
1736 1566 1783 1599 111

1122 1630 1296 1670 Mediceo
1311 1624 1368 1667 οἷπ
1379 1642 1399 1666 o
1409 1622 1669 1676 ξηρασμὲνον,
1681 1617 1786 1672 quod

1124 1691 1163 1726 in
1185 1689 1313 1739 plures
1336 1684 1515 1733 deinceps
1534 1679 1681 1718 transiit
1702 1675 1786 1713 edi-

1125 1748 1270 1791 tiones,
1309 1742 1446 1778 merito
1474 1736 1735 1788 improbatum
1764 1744 1787 1768 a

1125 1806 1362 1840 Buttmauno
1379 1827 1388 1844 ‚
1418 1808 1535 1848 quem
1556 1793 1669 1831 citavi
1689 1789 1737 1826 ad
1755 1789 1787 1837 I,

1130 1861 1222 1901 186.
1236 1880 1286 1884 —
1301 1854 1363 1892 Ad
1383 1852 1642 1891 accusativum
1660 1842 1788 1894 πόλις,

1128 1916 1248 1968 qualis
1268 1912 1374 1950 idem
1392 1912 1433 1947 in
1453 1909 1529 1946 fine
1549 1919 1633 1957 cap.
1648 1935 1658 1953 ,
1687 1902 1792 1941 conf.

1128 1970 1265 2010 Matth.
1297 1971 1364 2008 Gr.
1400 1968 1468 2006 Gr.
1490 1967 1528 2012 §.
1547 1966 1615 2012 80,
1647 1964 1672 2003 6
1702 1971 1791 2012 pag.

1191 2078 1460 2134 ΙΠαρῶνειαν]
1474 2077 1650 2116 Maronea
1659 2088 1689 2114 s.
1703 2070 1794 2111 Ma-

1132 2144 1234 2180 ronia
1260 2153 1282 2177 a
1303 2137 1506 2176 Ciconibus
1527 2135 1619 2171 olim
1638 2130 1794 2168 habita-

1134 2207 1195 2246 ta,
1216 2204 1346 2249 postea
1366 2207 1387 2231 a
1408 2192 1510 2230 Chiis
1531 2188 1704 2234 condita,
1725 2186 1794 2224 ubi

1134 2267 1278 2292 nomen
1310 2253 1535 2299 Ortagureae
1565 2245 1730 2296 accepit,
1750 2248 1796 2280 ut

1133 2311 1247 2350 tradit
1267 2309 1412 2346 Plinius
1433 2307 1481 2342 H.
1492 2305 1538 2343 Ν.
1554 2303 1619 2350 IV,
1631 2304 1678 2342 11
1705 2295 1794 2350 (18)

1137 2371 1175 2414 ξ.
1196 2367 1262 2413 42,
1296 2366 1336 2402 in
1361 2364 1518 2413 regione
1538 2361 1627 2399 vino
1649 2357 1795 2408 optimo

1136 2424 1323 2462 celebrata
1346 2419 1442 2470 (vid.
1471 2419 1631 2455 Homer.
1643 2412 1797 2461 Od,1x‚

1139 2483 1237 2530 179)
1269 2478 1318 2516 ad
1353 2478 1515 2514 Nestum
1552 2473 1713 2510 fluvium
1738 2470 1798 2506 ia-

1138 2539 1215 2575 cuit
1234 2543 1327 2573 teste
1342 2534 1442 2570 Mela
1461 2533 1510 2579 11,
1533 2533 1560 2571 2
1580 2531 1618 2575 ξ.
1640 2530 1665 2569 8
1692 2532 1730 2563 et
1749 2522 1798 2561 ad

1140 2592 1379 2632 Constantini
1389 2602 1509 2641 usque
1519 2592 1683 2624 aetatem
1694 2593 1800 2621 com-

1139 2656 1387 2688 memoratur.
1443 2647 1554 2683 Nunc
1595 2642 1649 2678 ibi
1693 2639 1800 2676 vicus

1140 2706 1340 2755 Marogna.
1396 2700 1483 2741 Vid.
1504 2693 1732 2738 Tzsohucke
1747 2690 1798 2729 ad

1140 2764 1264 2800 Melae
1283 2763 1309 2799 l.
1329 2762 1356 2798 l.
1384 2771 1474 2811 pag.
1494 2758 1566 2798 131
1584 2764 1689 2804 seqq.
1702 2753 1801 2786 nott.

1142 2832 1279 2871 exegg.
1300 2818 1490 2855 Mauuert.
1511 2813 1651 2860 Geogr.
1672 2805 1712 2844 d.
1733 2806 1801 2843 Gr.
