1789 3213
0 540 78 588 [69

492 166 902 203 POLYMNIA.
960 166 1068 203 VII.

1323 165 1404 206 7⁰1

145 275 299 330 ,,σιέων
319 272 492 331 ἀνέμων
519 273 800 332 ὑπερβαλέειν
830 274 1012 331 Μαλέην
1042 272 1125 319 οὐκ
1155 271 1243 319 οἷοί
1270 288 1315 316 τε
1343 288 1408 328 γε·

144 345 338 398 ,,νέσθαι·
372 343 488 387 οὕτω
519 342 602 387 οὐκ
632 342 866 387 ἀπικέσθαι
895 343 937 394 ἐς
966 346 1211 398 Σαλαμῖνα,
1231 341 1304 385 καὶ
1334 339 1406 384 οὕ-

143 415 296 469 ,,δεμιῇ
324 413 528 468 κακότητι
557 415 791 468 λειφθῆναι
817 414 892 467 τῆς
924 411 1205 466 ναυμαχίηςέ6
1269 403 1404 453 Οὗτοι

144 480 223 537 μὲν
252 480 368 523 οὕτω
398 480 709 533 διεκρούσαντο
738 480 841 530 τούς
857 478 1117 534 “”’.Ελληνας

228 551 396 603 Κρῆτες
435 548 500 599 δὲ,
547 547 636 590 ἐπεί
665 548 708 590 τὲ
739 557 876 602 σφεας
905 542 1244 618 παρελάμβανον
1270 546 1312 589 οἷ
1339 544 1409 588 ἐπὶ
1467 548 1548 591 584

142 616 335 660 τούτοισι
356 614 582 672 ταχθέντες
595 613 823 672 Ελλήνων,
856 612 1064 671 ἐποέησαν
1077 614 1256 659 τοιόνδε
1289 613 1402 669 Πέμ-
1409 619 1432 653 2

143 692 300 737 ψαντες
329 701 457 739 κοινῃ
498 683 780 737 θεοπρόπους
823 683 865 735 ἐς
904 682 1156 738 Δελφους,1
1179 683 1256 726 τὸν
1295 681 1405 726 θεὸν

143 753 402 808 ἐπειρώτων,
415 754 454 795 εἴ
471 763 550 805 σφι
581 751 760 807 ἄμεινον
777 753 941 807 γίνεται
960 753 1224 807 τιμωρέουσι
1239 754 1291 808 τῇ
1315 749 1402 794 Ἑλ-

318 819 345 877 ἡ
387 821 433 864 δὲ
471 822 622 876 Πυθίη
652 820 940 876 υπεκρίνατο·

115 820 259 865 Ξλάδι.

999 855 1022 874 ,,
1027 815 1082 863 Ὦ,
1112 819 1285 876 νήπιοι,
1312 818 1402 862 ἐπι-
1413 823 1434 858 5

145 888 393 947 ,,μέμφεσθε
423 888 506 933 όσα
534 887 640 945 ὑμῖν
671 889 718 933 ἐκ
747 893 835 933 τῶν
863 889 1066 950 Μενέλεῳ
1090 887 1406 945 τιμωρημάτων

88 1089 235 1136 xerint,
268 1089 412 1135 attinet,
444 1089 532 1124 satis
566 1101 669 1124 nunc
691 1096 745 1126 est

87 1152 237 1193 notum,
271 1144 319 1181 ad
350 1145 497 1181 Maleae
517 1152 744 1195 promonto-

50 1252 55 1256 ἶ
88 1203 188 1238 rium
204 1216 234 1239 s.
259 1202 335 1253 Cap
378 1201 528 1250 Angeia,
560 1208 603 1238 ut
639 1215 744 1240 nunc

87 1266 250 1306 vocant,
289 1259 403 1295 maris
432 1259 576 1309 Aegaei
607 1258 745 1296 fluctus

90 1315 331 1353 occidentem
365 1328 492 1352 versus
521 1328 744 1366 procurrere

89 1379 127 1409 et
149 1386 239 1409 cum
258 1372 399 1409 Adriae
419 1372 594 1409 fluctibus
611 1385 749 1410 occur-

89 1430 257 1466 rentibus
291 1430 343 1466 ita
364 1429 561 1474 collidere,
600 1436 642 1466 ut
662 1443 749 1466 ma-

39 1482 41 1484 *
88 1487 218 1523 ximae
239 1488 458 1523 exoriantur
487 1486 620 1523 turbae
646 1494 750 1524 tem-

87 1550 329 1595 pestatesque
357 1543 622 1593 navigantibus
662 1556 750 1579 ma-

88 1601 195 1636 xime
222 1600 456 1651 perniciosae
468 1630 477 1648 ,
526 1601 750 1650 {raesertim

90 1670 181 1694 cum
208 1658 313 1694 venti
348 1670 418 1708 per
447 1663 629 1693 aestatem
664 1658 750 1707 ple-

89 1727 256 1766 rumque
286 1715 332 1750 ab
365 1715 510 1751 oriente
539 1713 673 1750 flantes
704 1726 747 1750 ac

88 1771 261 1807 maxima
300 1770 459 1822 quidem
499 1783 588 1807 cum
630 1768 750 1806 vehe-

89 1829 235 1864 mentia
263 1840 380 1865 naves
410 1827 572 1877 scopulis
602 1827 750 1864 saxisve

90 1884 308 1934 impingant
329 1890 393 1920 aut
409 1896 431 1920 a
451 1897 563 1920 cursu
584 1882 750 1920 deflexas

91 1947 191 1977 retro
222 1941 436 1978 coniiciant.
495 1939 581 1977 Vid.
615 1941 749 1976 Kruse.

92 1997 219 2033 Hellas
249 1998 266 2032 I
294 2010 331 2047 p.
364 1995 459 2037 304.
479 2018 536 2024 ——
575 1998 620 2032 In
642 2010 749 2049 seqq.

93 2048 262 2107 οὐδεμιῇ
285 2049 467 2103 κακότητι
491 2054 612 2091 valet:
648 2054 750 2091 nulla

91 2122 135 2147 ex
156 2110 298 2147 malzfftza
320 2123 350 2147 s.
371 2112 564 2161 pravztate.

153 2167 276 2206 Οὗτοι
289 2164 361 2216 μὲν
373 2163 476 2206 ου’τω
489 2163 646 2216 διεκροῦ
652 2178 749 2206 σαν-

92 2237 136 2262 το
165 2237 258 2270 τους
275 2220 510 2274 ”Ελληνας]
554 2224 707 2261 Graecos
728 2237 751 2262 α

94 2292 130 2317 se
167 2284 421 2317 summoverunt
459 2279 583 2317 reddit
629 2282 749 2318 Valla.

93 2337 242 2374 Mavult
271 2338 456 2374 Aemilius
476 2339 638 2375 Portus:
680 2337 752 2375 Ista·

96 2393 249 2431 Graecos
281 2395 335 2431 ita
361 2394 538 2432 eluserunt
565 2408 595 2435 s.
621 2396 675 2432 ita
686 2394 750 2445 fe-

90 2449 266 2501 fellerunt
278 2450 325 2486 ob
337 2463 448 2488 voces
460 2450 747 2489 antecedentes:

95 2503 194 2557 πρὸς
235 2503 276 2545 δὲ
314 2521 407 2553 τους
434 2503 643 2559 ΗΕλληνάς
677 2519 750 2556 σφι

97 2565 249 2614 σκῆψις
267 2561 514 2629 ἔπεποιητο,
542 2567 665 2618 τῇπερ
700 2562 750 2616 δή

96 2618 165 2659 καὶ
184 2614 414 2685 ἐχρήσαντο.
470 2620 639 2657 Verbum
668 2621 752 2659 δια-

98 2670 317 2728 κρουεσθαι
359 2688 408 2712 ex
435 2676 593 2727 Di0ny.s
629 2678 752 2714 Halic.

97 2733 144 2770 A.
173 2734 220 2769 R.
248 2734 286 2769 X
315 2732 462 2782 [17]p
485 2732 586 2780 643,
606 2730 672 2779 43,
695 2740 754 2770 at-

98 2790 235 2827 tulerat
264 2790 399 2827 Portus
429 2790 469 2826 iu
498 2790 594 2828 Lex.
619 2790 752 2837 Ionio„

802 1102 918 1140 quem
939 1087 1014 1127 vid.
1036 1101 1062 1125 s.
1076 1101 1113 1128 V.

801 1147 850 1182 H.
871 1147 917 1185 A.
940 1147 985 1185 R.
1006 1146 1050 1193 V,
1072 1148 1138 1187 30.

986 1235 1078 1286 Cap.
1100 1235 1272 1272 CLXIX.

863 1314 905 1353 οἵ
921 1313 985 1354 ἐπὶ
1016 1310 1193 1354 τούτοισι
1221 1311 1459 1365 ταχθέντες]

803 1370 866 1408 Ad
899 1379 1129 1408 structuram
1169 1372 1300 1409 confer
1330 1372 1377 1408 sis
1412 1372 1462 1415 Π,

806 1431 859 1469 38
880 1429 973 1479 ibiq.
995 1435 1092 1467 nott.
1117 1436 1154 1465 et
1183 1427 1271 1465 add.
1292 1427 1462 1466 Ellendt.

807 1484 855 1522 ad
875 1486 1026 1524 Arrian.
1046 1486 1148 1536 Exp.
1169 1486 1281 1525 Alex.
1299 1486 1328 1532 I,
1350 1487 1404 1525 28
1426 1485 1463 1530 §.

807 1541 846 1582 5.
895 1541 958 1578 Ad
979 1555 1116 1578 vocem
1131 1538 1392 1593 θεοπρόπους
1412 1541 1463 1578 cf.

806 1599 918 1634 allata
939 1597 987 1635 ad
1014 1599 1096 1647 VII,
1120 1597 1198 1640 140
1229 1605 1266 1635 et
1287 1597 1334 1635 de
1354 1599 1464 1635 locu-

805 1657 911 1692 tione
943 1654 981 1694 εἴ
1010 1668 1081 1704 σφι
1112 1652 1277 1706 ἄμεινον
1314 1655 1466 1706 γίνεται

808 1710 874 1764 (an
895 1714 981 1763 ipsis
996 1712 1181 1759 conducat,
1213 1713 1301 1749 utile
1321 1712 1386 1761 sit)
1409 1712 1468 1749 ci-

807 1775 885 1805 tata
917 1768 967 1805 ad
994 1770 1060 1816 111,
1092 1772 1143 1810 71
1168 1769 1255 1805 coll.
1282 1769 1346 1815 IV,
1371 1767 1466 1809 156.

812 1825 903 1866 157.
952 1826 1076 1877 Atque
1105 1826 1281 1862 observat
1307 1824 1355 1861 ad
1380 1823 1418 1861 h.
1439 1825 1463 1862 l.

808 1880 1116 1929 Valckenaerius‚
1134 1889 1354 1918 consuetam
1369 1881 1465 1919 fuis-

806 1952 845 1975 se
866 1939 1073 1975 formulam
1094 1938 1211 1975 deum
1228 1939 1464 1976 consulenti-

806 1996 898 2032 bus:
933 1995 968 2034 εἰ
990 1995 1266 2046 (πολεμοῦσι)
1298 1993 1463 2046 ἄμεινον

807 2051 914 2092 ἔσται
934 2066 962 2089 5.
986 2052 1068 2102 εἴη,
1097 2052 1352 2104 respondente
1378 2053 1463 2103 ple—

806 2122 971 2161 rumque
992 2108 1063 2146 deo
1076 2123 1144 2160 per
1157 2111 1370 2161 simplicem
1382 2110 1464 2146 for-

805 2167 954 2203 mulam
982 2163 1147 2217 α’μεινον
1180 2170 1303 2216 εἰναι,
1339 2167 1465 2218 qualia

807 2237 844 2262 v.
867 2236 900 2262 c.
924 2224 1146 2274 expresserit
1165 2225 1295 2261 Livius
1316 2224 1461 2271 XXIII,

811 2283 874 2319 11.
896 2281 1021 2328 XXV,
1044 2282 1110 2321 12.
1159 2281 1224 2318 Sic
1244 2279 1282 2319 h.
1307 2292 1462 2332 quoque

806 2337 891 2373 loco
924 2336 1040 2374 deum
1072 2339 1203 2387 paucis
1232 2335 1462 2388 respondere

805 2395 992 2444 potuisse:
1043 2390 1118 2432 οὐκ
1167 2391 1334 2443 ἄμεινον
1378 2392 1462 2433 ἔσε-

809 2455 928 2498 σθαι,
974 2449 1090 2502 idque
1122 2451 1250 2502 ipsum
1290 2457 1462 2488 constare

808 2509 1071 2558 experimento
1086 2537 1095 2555 ,
1146 2507 1265 2544 modo
1316 2519 1462 2554 eorum,

809 2577 905 2616 quae
922 2565 1024 2615 prius
1044 2565 1118 2600 sint
1143 2564 1329 2615 perpessi,
1364 2564 1463 2600 bene

807 2622 880 2658 sint
899 2633 1102 2658 memores.

867 2675 1141 2727 ἐπιμέμφεσθε
1170 2672 1243 2715 ὅσα
1265 2673 1365 2726 ’ὑμῖν
1385 2689 1418 2714 κ.
1428 2689 1463 2714 τ.

809 2731 863 2785 λ.]
899 2733 1159 2783 Conquerz'mini
1186 2732 1228 2769 cle
1245 2733 1400 2771 omnibus
1422 2732 1464 2770 il-

810 2790 866 2838 lis,
903 2803 1000 2839 quae.
1060 2791 1114 2827 Ita
1142 2790 1266 2828 ταῦτα
1305 2787 1466 2841 ἐπιμεμ-

1170 1086 1271 1125 Add.
1303 1086 1458 1138 Dionys.

1462 601 1625 629 Cretenses
1648 608 1736 635 opem

1462 636 1547 664 ferre
1566 636 1718 664 Graeciae

1462 672 1587 707 paratos
1608 678 1676 697 ora-

1463 706 1561 732 culum
1581 703 1705 742 Delphi-

1462 747 1528 766 cum
1547 747 1564 766 a
1583 737 1707 764 consilio

1464 774 1611 801 deterret.
