<?xml version="1.0" encoding="UTF-8"?>
<!DOCTYPE html PUBLIC "-//W3C//DTD XHTML 1.0 Transitional//EN"
    "http://www.w3.org/TR/xhtml1/DTD/xhtml1-transitional.dtd">
<html xmlns="http://www.w3.org/1999/xhtml" xml:lang="en" lang="en">
 <head>
  <title>
</title>
<meta http-equiv="Content-Type" content="text/html;charset=utf-8" />
  <meta name='ocr-system' content='tesseract 3.04.00' />
  <meta name='ocr-capabilities' content='ocr_page ocr_carea ocr_par ocr_line ocrx_word'/>
</head>
<body>
  <div class='ocr_page' id='page_1' title='image "./musaeherodoto03hero/musaeherodoto03hero_0162.png"; bbox 0 0 1815 3181; ppageno 0'>
   <div class='ocr_carea' id='block_1_1' title="bbox 258 490 326 536">
    <p class='ocr_par' dir='ltr' id='par_1_1' title="bbox 258 490 326 536">
     <span class='ocr_line' id='line_1_1' title="bbox 258 490 326 536; baseline -0.015 0"><span class='ocrx_word' id='word_1_1' title='bbox 258 490 326 536; x_wconf 81' lang='lat'>83</span> 
     </span>
    </p>
   </div>
   <div class='ocr_carea' id='block_1_2' title="bbox 45 554 327 590">
    <p class='ocr_par' dir='ltr' id='par_1_2' title="bbox 45 554 327 590">
     <span class='ocr_line' id='line_1_2' title="bbox 45 554 327 590; baseline 0 -7"><span class='ocrx_word' id='word_1_2' title='bbox 45 557 134 590; x_wconf 81' lang='lat' dir='ltr'>Quae</span> <span class='ocrx_word' id='word_1_3' title='bbox 158 554 327 584; x_wconf 78' lang='lat' dir='ltr'>simulacra</span> 
     </span>
    </p>
   </div>
   <div class='ocr_carea' id='block_1_3' title="bbox 43 590 294 660">
    <p class='ocr_par' dir='ltr' id='par_1_3' title="bbox 43 590 294 660">
     <span class='ocr_line' id='line_1_3' title="bbox 45 590 294 624; baseline 0 -7"><span class='ocrx_word' id='word_1_4' title='bbox 45 599 111 617; x_wconf 86' lang='lat' dir='ltr'>cum</span> <span class='ocrx_word' id='word_1_5' title='bbox 122 590 294 624; x_wconf 76' lang='lat' dir='ltr'><strong>Aeginetae</strong></span> 
     </span>
     <span class='ocr_line' id='line_1_4' title="bbox 43 623 234 660; baseline -0.01 -8"><span class='ocrx_word' id='word_1_6' title='bbox 43 623 234 660; x_wconf 83' lang='lat' dir='ltr'>rapuissent,</span> 
     </span>
    </p>
   </div>
   <div class='ocr_carea' id='block_1_4' title="bbox 383 181 464 220">
    <p class='ocr_par' dir='ltr' id='par_1_4' title="bbox 383 181 464 220">
     <span class='ocr_line' id='line_1_5' title="bbox 383 181 464 220; baseline 0.012 -1"><span class='ocrx_word' id='word_1_7' title='bbox 383 181 464 220; x_wconf 78' lang='lat'>152</span> 
     </span>
    </p>
   </div>
   <div class='ocr_carea' id='block_1_5' title="bbox 379 284 995 341">
    <p class='ocr_par' dir='ltr' id='par_1_5' title="bbox 379 284 995 341">
     <span class='ocr_line' id='line_1_6' title="bbox 379 284 995 341; baseline -0.005 -9"><span class='ocrx_word' id='word_1_8' title='bbox 379 288 580 332; x_wconf 81' lang='grc' dir='ltr'><strong><em>τούτοισι</em></strong></span> <span class='ocrx_word' id='word_1_9' title='bbox 623 289 667 331; x_wconf 82' lang='grc' dir='ltr'>οῖ</span> <span class='ocrx_word' id='word_1_10' title='bbox 697 284 995 341; x_wconf 74' lang='grc' dir='ltr'><strong><em>Ἐπιδαύριοι,</em></strong></span> 
     </span>
    </p>
   </div>
   <div class='ocr_carea' id='block_1_6' title="bbox 779 177 1248 214">
    <p class='ocr_par' dir='ltr' id='par_1_6' title="bbox 779 177 1248 214">
     <span class='ocr_line' id='line_1_7' title="bbox 779 177 1248 214; baseline 0 0"><span class='ocrx_word' id='word_1_11' title='bbox 779 177 1248 214; x_wconf 85' lang='lat' dir='ltr'>HERODOTI</span> 
     </span>
    </p>
   </div>
   <div class='ocr_carea' id='block_1_7' title="bbox 1045 284 1648 341">
    <p class='ocr_par' dir='ltr' id='par_1_7' title="bbox 1045 284 1648 341">
     <span class='ocr_line' id='line_1_8' title="bbox 1045 284 1648 341; baseline -0.003 -12"><span class='ocrx_word' id='word_1_12' title='bbox 1045 288 1135 329; x_wconf 77' lang='grc' dir='ltr'><strong><em>τῶν</em></strong></span> <span class='ocrx_word' id='word_1_13' title='bbox 1173 302 1218 330; x_wconf 85' lang='grc' dir='ltr'>τε</span> <span class='ocrx_word' id='word_1_14' title='bbox 1258 286 1432 330; x_wconf 74' lang='grc' dir='ltr'><strong><em>ἐδέοντο</em></strong></span> <span class='ocrx_word' id='word_1_15' title='bbox 1482 284 1648 341; x_wconf 75' lang='grc' dir='ltr'><strong><em>ἔτυχον,</em></strong></span> 
     </span>
    </p>
   </div>
   <div class='ocr_carea' id='block_1_8' title="bbox 379 352 1707 480">
    <p class='ocr_par' dir='ltr' id='par_1_8' title="bbox 379 352 1707 480">
     <span class='ocr_line' id='line_1_9' title="bbox 379 352 1651 412; baseline -0.003 -12"><span class='ocrx_word' id='word_1_16' title='bbox 379 357 452 400; x_wconf 81' lang='grc' dir='ltr'><strong><em>καὶ</em></strong></span> <span class='ocrx_word' id='word_1_17' title='bbox 483 354 711 412; x_wconf 77' lang='grc' dir='ltr'><strong><em>ἀγάλματα</em></strong></span> <span class='ocrx_word' id='word_1_18' title='bbox 740 354 788 398; x_wconf 79' lang='grc' dir='ltr'>ἐκ</span> <span class='ocrx_word' id='word_1_19' title='bbox 818 358 907 398; x_wconf 85' lang='grc' dir='ltr'><strong><em>τῶν</em></strong></span> <span class='ocrx_word' id='word_1_20' title='bbox 937 353 1115 398; x_wconf 83' lang='grc' dir='ltr'><strong><em>ἐλαιέων</em></strong></span> <span class='ocrx_word' id='word_1_21' title='bbox 1143 355 1335 398; x_wconf 80' lang='grc' dir='ltr'><strong>τουτέων</strong></span> <span class='ocrx_word' id='word_1_22' title='bbox 1363 352 1651 408; x_wconf 78' lang='grc' dir='ltr'><strong><em>ποιησάμενοι</em></strong></span> 
     </span>
     <span class='ocr_line' id='line_1_10' title="bbox 381 421 1707 480; baseline -0.002 -13"><span class='ocrx_word' id='word_1_23' title='bbox 381 424 641 480; x_wconf 82' lang='grc' dir='ltr'><strong><em>ἴδρύσαντο·</em></strong></span> <span class='ocrx_word' id='word_1_24' title='bbox 671 424 745 466; x_wconf 83' lang='grc' dir='ltr'><strong><em>καὶ</em></strong></span> <span class='ocrx_word' id='word_1_25' title='bbox 773 422 803 479; x_wconf 83' lang='grc' dir='ltr'>ἥ</span> <span class='ocrx_word' id='word_1_26' title='bbox 835 438 880 466; x_wconf 83' lang='grc' dir='ltr'>τε</span> <span class='ocrx_word' id='word_1_27' title='bbox 908 425 963 478; x_wconf 82' lang='grc' dir='ltr'>γῆ</span> <span class='ocrx_word' id='word_1_28' title='bbox 989 433 1070 478; x_wconf 83' lang='grc' dir='ltr'>σφι</span> <span class='ocrx_word' id='word_1_29' title='bbox 1101 422 1254 478; x_wconf 77' lang='grc' dir='ltr'>ἔφερε,</span> <span class='ocrx_word' id='word_1_30' title='bbox 1285 422 1360 465; x_wconf 83' lang='grc' dir='ltr'><strong><em>καὶ</em></strong></span> <span class='ocrx_word' id='word_1_31' title='bbox 1381 421 1707 478; x_wconf 78' lang='grc' dir='ltr'><strong><em>Ἀθηναίοισι95</em></strong></span> 
     </span>
    </p>
   </div>
   <div class='ocr_carea' id='block_1_9' title="bbox 385 489 975 537">
    <p class='ocr_par' dir='ltr' id='par_1_9' title="bbox 385 489 975 537">
     <span class='ocr_line' id='line_1_11' title="bbox 385 489 975 537; baseline -0.01 0"><span class='ocrx_word' id='word_1_32' title='bbox 385 491 609 537; x_wconf 79' lang='grc' dir='ltr'><strong><em>ἐπετέλεον</em></strong></span> <span class='ocrx_word' id='word_1_33' title='bbox 638 489 693 533; x_wconf 78' lang='grc' dir='ltr'>τοὶ</span> <span class='ocrx_word' id='word_1_34' title='bbox 724 491 975 535; x_wconf 78' lang='grc' dir='ltr'>συνέθεντο.</span> 
     </span>
    </p>
   </div>
   <div class='ocr_carea' id='block_1_10' title="bbox 1049 487 1652 546">
    <p class='ocr_par' dir='ltr' id='par_1_10' title="bbox 1049 487 1652 546">
     <span class='ocr_line' id='line_1_12' title="bbox 1049 487 1652 546; baseline -0.002 -12"><span class='ocrx_word' id='word_1_35' title='bbox 1049 493 1218 541; x_wconf 84' lang='grc' dir='ltr'><strong><em>Τοῦτον</em></strong></span> <span class='ocrx_word' id='word_1_36' title='bbox 1252 491 1296 534; x_wconf 87' lang='grc' dir='ltr'>δ’</span> <span class='ocrx_word' id='word_1_37' title='bbox 1339 490 1400 534; x_wconf 77' lang='grc' dir='ltr'>ἔτι</span> <span class='ocrx_word' id='word_1_38' title='bbox 1437 491 1515 534; x_wconf 88' lang='grc' dir='ltr'><strong><em>τόν</em></strong></span> <span class='ocrx_word' id='word_1_39' title='bbox 1554 487 1652 546; x_wconf 80' lang='grc' dir='ltr'><em>χρό-</em></span> 
     </span>
    </p>
   </div>
   <div class='ocr_carea' id='block_1_11' title="bbox 383 555 1653 614">
    <p class='ocr_par' dir='ltr' id='par_1_11' title="bbox 383 555 1653 614">
     <span class='ocr_line' id='line_1_13' title="bbox 383 555 1653 614; baseline -0.002 -11"><span class='ocrx_word' id='word_1_40' title='bbox 383 576 489 611; x_wconf 86' lang='grc' dir='ltr'><strong><em>νον,</em></strong></span> <span class='ocrx_word' id='word_1_41' title='bbox 519 559 593 602; x_wconf 84' lang='grc' dir='ltr'><strong><em>καὶ</em></strong></span> <span class='ocrx_word' id='word_1_42' title='bbox 622 560 708 614; x_wconf 80' lang='grc' dir='ltr'>πρὸ</span> <span class='ocrx_word' id='word_1_43' title='bbox 738 563 841 610; x_wconf 89' lang='grc' dir='ltr'><strong><em>τοῦ,</em></strong></span> <span class='ocrx_word' id='word_1_44' title='bbox 879 560 1112 614; x_wconf 82' lang='grc' dir='ltr'><strong><em>Αἰγινῆται</em></strong></span> <span class='ocrx_word' id='word_1_45' title='bbox 1136 555 1432 612; x_wconf 79' lang='grc' dir='ltr'><em>Ἐπιδαυρίων</em></span> <span class='ocrx_word' id='word_1_46' title='bbox 1468 557 1653 614; x_wconf 81' lang='grc' dir='ltr'><strong><em>ἤκουον,</em></strong></span> 
     </span>
    </p>
   </div>
   <div class='ocr_carea' id='block_1_12' title="bbox 379 624 1653 683">
    <p class='ocr_par' dir='ltr' id='par_1_12' title="bbox 379 624 1653 683">
     <span class='ocr_line' id='line_1_14' title="bbox 379 624 1653 683; baseline 0 -12"><span class='ocrx_word' id='word_1_47' title='bbox 379 628 433 671; x_wconf 80' lang='grc' dir='ltr'>τά</span> <span class='ocrx_word' id='word_1_48' title='bbox 460 642 506 671; x_wconf 84' lang='grc' dir='ltr'>τε</span> <span class='ocrx_word' id='word_1_49' title='bbox 538 624 669 678; x_wconf 83' lang='grc' dir='ltr'><strong><em>ἅλλα,</em></strong></span> <span class='ocrx_word' id='word_1_50' title='bbox 691 626 762 670; x_wconf 82' lang='grc' dir='ltr'><strong><em>καὶ</em></strong></span> <span class='ocrx_word' id='word_1_51' title='bbox 792 628 939 679; x_wconf 82' lang='grc' dir='ltr'><strong><em>δίκας,</em></strong></span> <span class='ocrx_word' id='word_1_52' title='bbox 972 627 1275 683; x_wconf 72' lang='grc' dir='ltr'><strong><em>διαβαίνοντες</em></strong></span> <span class='ocrx_word' id='word_1_53' title='bbox 1305 626 1348 677; x_wconf 80' lang='grc' dir='ltr'>ἐς</span> <span class='ocrx_word' id='word_1_54' title='bbox 1377 627 1653 682; x_wconf 83' lang='grc' dir='ltr'><strong><em>Ἐπίδαυρον,</em></strong></span> 
     </span>
    </p>
   </div>
   <div class='ocr_carea' id='block_1_13' title="bbox 329 737 524 744">
    <p class='ocr_par' dir='ltr' id='par_1_13' title="bbox 329 737 524 744">
     <span class='ocr_line' id='line_1_15' title="bbox 329 737 524 744; baseline 0 2437"><span class='ocrx_word' id='word_1_55' title='bbox 329 737 524 744; x_wconf 95' lang='lat' dir='ltr'> </span> 
     </span>
    </p>
   </div>
   <div class='ocr_carea' id='block_1_14' title="bbox 526 737 602 741">
    <p class='ocr_par' dir='ltr' id='par_1_14' title="bbox 526 737 602 741">
     <span class='ocr_line' id='line_1_16' title="bbox 526 737 602 741; baseline 0 0"><span class='ocrx_word' id='word_1_56' title='bbox 526 737 602 741; x_wconf 95' lang='lat' dir='ltr'> </span> 
     </span>
    </p>
   </div>
   <div class='ocr_carea' id='block_1_15' title="bbox 324 795 1015 2837">
    <p class='ocr_par' dir='ltr' id='par_1_15' title="bbox 324 795 1015 2837">
     <span class='ocr_line' id='line_1_17' title="bbox 326 795 996 854; baseline -0.003 -15"><span class='ocrx_word' id='word_1_57' title='bbox 326 798 393 853; x_wconf 74' lang='grc' dir='ltr'>ἱρὰ</span> <span class='ocrx_word' id='word_1_58' title='bbox 415 799 484 839; x_wconf 73' lang='grc' dir='ltr'><strong><em>καὶ</em></strong></span> <span class='ocrx_word' id='word_1_59' title='bbox 500 803 559 854; x_wconf 74' lang='grc' dir='ltr'>τῷ</span> <span class='ocrx_word' id='word_1_60' title='bbox 573 795 774 851; x_wconf 76' lang='grc' dir='ltr'>Ἐρεχθέι]</span> <span class='ocrx_word' id='word_1_61' title='bbox 806 802 996 839; x_wconf 82' lang='lat' dir='ltr'><strong>Voculam</strong></span> 
     </span>
     <span class='ocr_line' id='line_1_18' title="bbox 324 856 994 909; baseline -0.003 -13"><span class='ocrx_word' id='word_1_62' title='bbox 324 872 385 905; x_wconf 79' lang='grc' dir='ltr'>τε,</span> <span class='ocrx_word' id='word_1_63' title='bbox 419 870 538 909; x_wconf 84' lang='lat' dir='ltr'>quam</span> <span class='ocrx_word' id='word_1_64' title='bbox 566 858 803 908; x_wconf 83' lang='lat' dir='ltr'>Wesseling.</span> <span class='ocrx_word' id='word_1_65' title='bbox 837 856 994 896; x_wconf 82' lang='lat' dir='ltr'>Schaef.</span> 
     </span>
     <span class='ocr_line' id='line_1_19' title="bbox 327 912 996 962; baseline -0.001 -11"><span class='ocrx_word' id='word_1_66' title='bbox 327 922 365 952; x_wconf 88' lang='lat' dir='ltr'>et</span> <span class='ocrx_word' id='word_1_67' title='bbox 406 912 543 951; x_wconf 72' lang='lat' dir='ltr'>Matth.</span> <span class='ocrx_word' id='word_1_68' title='bbox 578 912 821 962; x_wconf 80' lang='lat' dir='ltr'>deleverant,</span> <span class='ocrx_word' id='word_1_69' title='bbox 856 915 996 952; x_wconf 88' lang='lat' dir='ltr'>retinui</span> 
     </span>
     <span class='ocr_line' id='line_1_20' title="bbox 327 970 995 1023; baseline 0 -15"><span class='ocrx_word' id='word_1_70' title='bbox 327 970 510 1023; x_wconf 75' lang='lat' dir='ltr'>equidem</span> <span class='ocrx_word' id='word_1_71' title='bbox 553 984 643 1007; x_wconf 89' lang='lat' dir='ltr'>cum</span> <span class='ocrx_word' id='word_1_72' title='bbox 673 970 864 1009; x_wconf 82' lang='lat' dir='ltr'>Gaisford.</span> <span class='ocrx_word' id='word_1_73' title='bbox 935 973 995 1008; x_wconf 90' lang='lat' dir='ltr'>De</span> 
     </span>
     <span class='ocr_line' id='line_1_21' title="bbox 326 1027 996 1079; baseline 0.001 -15"><span class='ocrx_word' id='word_1_74' title='bbox 326 1030 501 1065; x_wconf 86' lang='lat' dir='ltr'>Minerva</span> <span class='ocrx_word' id='word_1_75' title='bbox 529 1027 689 1065; x_wconf 89' lang='lat' dir='ltr'>Poliade</span> <span class='ocrx_word' id='word_1_76' title='bbox 714 1042 744 1066; x_wconf 92' lang='lat' dir='ltr'>s.</span> <span class='ocrx_word' id='word_1_77' title='bbox 766 1030 860 1065; x_wconf 81' lang='lat' dir='ltr'>arcis</span> <span class='ocrx_word' id='word_1_78' title='bbox 880 1041 996 1079; x_wconf 87' lang='lat' dir='ltr'>prae-</span> 
     </span>
     <span class='ocr_line' id='line_1_22' title="bbox 327 1084 995 1136; baseline 0 -14"><span class='ocrx_word' id='word_1_79' title='bbox 327 1084 409 1122; x_wconf 85' lang='lat' dir='ltr'><strong>side</strong></span> <span class='ocrx_word' id='word_1_80' title='bbox 429 1098 508 1121; x_wconf 89' lang='lat' dir='ltr'>non</span> <span class='ocrx_word' id='word_1_81' title='bbox 529 1086 651 1135; x_wconf 83' lang='lat' dir='ltr'>magis</span> <span class='ocrx_word' id='word_1_82' title='bbox 677 1098 772 1136; x_wconf 88' lang='lat' dir='ltr'>opus</span> <span class='ocrx_word' id='word_1_83' title='bbox 791 1086 902 1136; x_wconf 91' lang='lat' dir='ltr'>plura</span> <span class='ocrx_word' id='word_1_84' title='bbox 931 1098 995 1122; x_wconf 88' lang='lat' dir='ltr'>re-</span> 
     </span>
     <span class='ocr_line' id='line_1_23' title="bbox 328 1140 996 1194; baseline 0.001 -16"><span class='ocrx_word' id='word_1_85' title='bbox 328 1143 427 1178; x_wconf 85' lang='lat' dir='ltr'>ferre</span> <span class='ocrx_word' id='word_1_86' title='bbox 449 1154 566 1194; x_wconf 85' lang='lat' dir='ltr'>quam</span> <span class='ocrx_word' id='word_1_87' title='bbox 588 1141 635 1178; x_wconf 86' lang='lat' dir='ltr'>de</span> <span class='ocrx_word' id='word_1_88' title='bbox 655 1140 888 1190; x_wconf 85' lang='lat' dir='ltr'>Erechtheo,</span> <span class='ocrx_word' id='word_1_89' title='bbox 925 1155 996 1179; x_wconf 91' lang='lat' dir='ltr'>cu-</span> 
     </span>
     <span class='ocr_line' id='line_1_24' title="bbox 328 1197 995 1236; baseline -0.001 -1"><span class='ocrx_word' id='word_1_90' title='bbox 328 1201 388 1236; x_wconf 86' lang='lat' dir='ltr'>ius</span> <span class='ocrx_word' id='word_1_91' title='bbox 407 1197 544 1235; x_wconf 77' lang='lat' dir='ltr'>fanum</span> <span class='ocrx_word' id='word_1_92' title='bbox 574 1211 663 1235; x_wconf 90' lang='lat' dir='ltr'>cum</span> <span class='ocrx_word' id='word_1_93' title='bbox 682 1200 879 1236; x_wconf 87' lang='lat' dir='ltr'>Minervae</span> <span class='ocrx_word' id='word_1_94' title='bbox 900 1197 995 1236; x_wconf 84' lang='lat' dir='ltr'>aede</span> 
     </span>
     <span class='ocr_line' id='line_1_25' title="bbox 331 1255 993 1294; baseline 0 -1"><span class='ocrx_word' id='word_1_95' title='bbox 331 1256 582 1293; x_wconf 85' lang='lat' dir='ltr'>coniunctum</span> <span class='ocrx_word' id='word_1_96' title='bbox 601 1255 714 1293; x_wconf 88' lang='lat' dir='ltr'>fuisse</span> <span class='ocrx_word' id='word_1_97' title='bbox 735 1262 894 1293; x_wconf 85' lang='lat' dir='ltr'>constat.</span> <span class='ocrx_word' id='word_1_98' title='bbox 935 1255 993 1294; x_wconf 91' lang='lat' dir='ltr'>Cf.</span> 
     </span>
     <span class='ocr_line' id='line_1_26' title="bbox 331 1310 996 1359; baseline 0 -11"><span class='ocrx_word' id='word_1_99' title='bbox 331 1319 426 1352; x_wconf 86' lang='lat' dir='ltr'>nott.</span> <span class='ocrx_word' id='word_1_100' title='bbox 450 1310 498 1348; x_wconf 87' lang='lat' dir='ltr'>ad</span> <span class='ocrx_word' id='word_1_101' title='bbox 526 1313 592 1359; x_wconf 91' lang='lat' dir='ltr'>III,</span> <span class='ocrx_word' id='word_1_102' title='bbox 624 1312 678 1354; x_wconf 88' lang='lat'>59</span> <span class='ocrx_word' id='word_1_103' title='bbox 707 1313 794 1350; x_wconf 82' lang='lat' dir='ltr'>coll.</span> <span class='ocrx_word' id='word_1_104' title='bbox 815 1313 923 1357; x_wconf 83' lang='lat' dir='ltr'>VIII,</span> <span class='ocrx_word' id='word_1_105' title='bbox 943 1311 996 1353; x_wconf 89' lang='lat'>55</span> 
     </span>
     <span class='ocr_line' id='line_1_27' title="bbox 333 1369 998 1407; baseline 0.002 -2"><span class='ocrx_word' id='word_1_106' title='bbox 333 1382 374 1405; x_wconf 91' lang='lat' dir='ltr'>er</span> <span class='ocrx_word' id='word_1_107' title='bbox 395 1369 656 1406; x_wconf 80' lang='lat' dir='ltr'>C.O.Miiller.</span> <span class='ocrx_word' id='word_1_108' title='bbox 676 1370 734 1405; x_wconf 88' lang='lat' dir='ltr'>De</span> <span class='ocrx_word' id='word_1_109' title='bbox 744 1370 906 1407; x_wconf 83' lang='lat' dir='ltr'>Minerv.</span> <span class='ocrx_word' id='word_1_110' title='bbox 917 1370 998 1406; x_wconf 89' lang='lat' dir='ltr'>Po-</span> 
     </span>
     <span class='ocr_line' id='line_1_28' title="bbox 331 1425 996 1478; baseline -0.002 -15"><span class='ocrx_word' id='word_1_111' title='bbox 331 1425 422 1463; x_wconf 90' lang='lat' dir='ltr'>liad.</span> <span class='ocrx_word' id='word_1_112' title='bbox 444 1438 532 1476; x_wconf 89' lang='lat' dir='ltr'>pag.</span> <span class='ocrx_word' id='word_1_113' title='bbox 548 1427 600 1466; x_wconf 83' lang='lat'>69</span> <span class='ocrx_word' id='word_1_114' title='bbox 610 1439 703 1478; x_wconf 86' lang='lat' dir='ltr'>seq.‚</span> <span class='ocrx_word' id='word_1_115' title='bbox 724 1427 792 1478; x_wconf 90' lang='lat' dir='ltr'>qui</span> <span class='ocrx_word' id='word_1_116' title='bbox 812 1439 880 1463; x_wconf 87' lang='lat' dir='ltr'>cur</span> <span class='ocrx_word' id='word_1_117' title='bbox 900 1427 996 1462; x_wconf 83' lang='lat' dir='ltr'>eius-</span> 
     </span>
     <span class='ocr_line' id='line_1_29' title="bbox 334 1481 998 1533; baseline 0.002 -14"><span class='ocrx_word' id='word_1_118' title='bbox 334 1481 443 1519; x_wconf 86' lang='lat' dir='ltr'>modi</span> <span class='ocrx_word' id='word_1_119' title='bbox 481 1483 584 1533; x_wconf 86' lang='lat' dir='ltr'>leges</span> <span class='ocrx_word' id='word_1_120' title='bbox 615 1483 662 1520; x_wconf 88' lang='lat' dir='ltr'>ab</span> <span class='ocrx_word' id='word_1_121' title='bbox 700 1482 998 1520; x_wconf 78' lang='lat' dir='ltr'><strong>Atheniensibus</strong></span> 
     </span>
     <span class='ocr_line' id='line_1_30' title="bbox 332 1539 998 1590; baseline 0.002 -15"><span class='ocrx_word' id='word_1_122' title='bbox 332 1541 496 1590; x_wconf 84' lang='lat' dir='ltr'><strong>scriptae</strong></span> <span class='ocrx_word' id='word_1_123' title='bbox 509 1539 652 1576; x_wconf 86' lang='lat' dir='ltr'>fuerint</span> <span class='ocrx_word' id='word_1_124' title='bbox 671 1546 713 1576; x_wconf 88' lang='lat' dir='ltr'>ut</span> <span class='ocrx_word' id='word_1_125' title='bbox 727 1541 998 1590; x_wconf 82' lang='lat' dir='ltr'>intelligamus,</span> 
     </span>
     <span class='ocr_line' id='line_1_31' title="bbox 335 1596 1000 1644; baseline 0 -12"><span class='ocrx_word' id='word_1_126' title='bbox 335 1597 435 1633; x_wconf 90' lang='lat' dir='ltr'>bene</span> <span class='ocrx_word' id='word_1_127' title='bbox 456 1596 642 1644; x_wconf 80' lang='lat' dir='ltr'>observat,</span> <span class='ocrx_word' id='word_1_128' title='bbox 656 1597 728 1633; x_wconf 90' lang='lat' dir='ltr'>illis</span> <span class='ocrx_word' id='word_1_129' title='bbox 744 1598 856 1634; x_wconf 87' lang='lat' dir='ltr'>sacris</span> <span class='ocrx_word' id='word_1_130' title='bbox 870 1597 1000 1633; x_wconf 87' lang='lat' dir='ltr'>feren-</span> 
     </span>
     <span class='ocr_line' id='line_1_32' title="bbox 335 1651 1000 1690; baseline -0.002 0"><span class='ocrx_word' id='word_1_131' title='bbox 335 1651 392 1690; x_wconf 83' lang='lat' dir='ltr'>dis</span> <span class='ocrx_word' id='word_1_132' title='bbox 414 1651 542 1690; x_wconf 84' lang='lat' dir='ltr'>durius</span> <span class='ocrx_word' id='word_1_133' title='bbox 554 1653 705 1689; x_wconf 86' lang='lat' dir='ltr'>nullum</span> <span class='ocrx_word' id='word_1_134' title='bbox 717 1654 902 1690; x_wconf 89' lang='lat' dir='ltr'>tributum</span> <span class='ocrx_word' id='word_1_135' title='bbox 916 1654 1000 1689; x_wconf 90' lang='lat' dir='ltr'>Do-</span> 
     </span>
     <span class='ocr_line' id='line_1_33' title="bbox 334 1710 1000 1761; baseline 0 -16"><span class='ocrx_word' id='word_1_136' title='bbox 334 1710 520 1746; x_wconf 87' lang='lat' dir='ltr'>riensibus</span> <span class='ocrx_word' id='word_1_137' title='bbox 540 1711 689 1761; x_wconf 89' lang='lat' dir='ltr'>imponi</span> <span class='ocrx_word' id='word_1_138' title='bbox 709 1712 887 1760; x_wconf 86' lang='lat' dir='ltr'>potuisse,</span> <span class='ocrx_word' id='word_1_139' title='bbox 910 1722 1000 1747; x_wconf 89' lang='lat' dir='ltr'>cum</span> 
     </span>
     <span class='ocr_line' id='line_1_34' title="bbox 333 1765 1000 1818; baseline -0.003 -14"><span class='ocrx_word' id='word_1_140' title='bbox 333 1766 415 1804; x_wconf 85' lang='lat' dir='ltr'>scil.</span> <span class='ocrx_word' id='word_1_141' title='bbox 449 1768 590 1803; x_wconf 89' lang='lat' dir='ltr'>Ionum</span> <span class='ocrx_word' id='word_1_142' title='bbox 622 1765 716 1803; x_wconf 88' lang='lat' dir='ltr'>deae</span> <span class='ocrx_word' id='word_1_143' title='bbox 745 1768 931 1818; x_wconf 78' lang='lat' dir='ltr'>principi,</span> <span class='ocrx_word' id='word_1_144' title='bbox 960 1768 1000 1803; x_wconf 90' lang='lat' dir='ltr'>in</span> 
     </span>
     <span class='ocr_line' id='line_1_35' title="bbox 338 1822 1002 1861; baseline 0 -2"><span class='ocrx_word' id='word_1_145' title='bbox 338 1824 445 1859; x_wconf 90' lang='lat' dir='ltr'>cuius</span> <span class='ocrx_word' id='word_1_146' title='bbox 481 1822 619 1859; x_wconf 88' lang='lat' dir='ltr'>aedem</span> <span class='ocrx_word' id='word_1_147' title='bbox 650 1825 826 1860; x_wconf 89' lang='lat' dir='ltr'>Doriensi</span> <span class='ocrx_word' id='word_1_148' title='bbox 853 1823 1002 1861; x_wconf 91' lang='lat' dir='ltr'>homini</span> 
     </span>
     <span class='ocr_line' id='line_1_36' title="bbox 338 1879 1008 1932; baseline 0 -16"><span class='ocrx_word' id='word_1_149' title='bbox 338 1892 389 1916; x_wconf 85' lang='lat' dir='ltr'>ne</span> <span class='ocrx_word' id='word_1_150' title='bbox 423 1879 574 1930; x_wconf 79' lang='lat' dir='ltr'>ingredi</span> <span class='ocrx_word' id='word_1_151' title='bbox 595 1879 753 1932; x_wconf 88' lang='lat' dir='ltr'>quidem</span> <span class='ocrx_word' id='word_1_152' title='bbox 784 1881 937 1918; x_wconf 86' lang='lat' dir='ltr'>licuisse</span> <span class='ocrx_word' id='word_1_153' title='bbox 958 1893 1008 1916; x_wconf 83' lang='lat' dir='ltr'>ex</span> 
     </span>
     <span class='ocr_line' id='line_1_37' title="bbox 338 1936 1008 1990; baseline 0.003 -18"><span class='ocrx_word' id='word_1_154' title='bbox 338 1936 527 1974; x_wconf 87' lang='lat' dir='ltr'>Herodot.</span> <span class='ocrx_word' id='word_1_155' title='bbox 558 1937 610 1982; x_wconf 81' lang='lat' dir='ltr'>V,</span> <span class='ocrx_word' id='word_1_156' title='bbox 639 1939 693 1977; x_wconf 79' lang='lat'>72</span> <span class='ocrx_word' id='word_1_157' title='bbox 722 1938 866 1990; x_wconf 87' lang='lat' dir='ltr'>liquet,</span> <span class='ocrx_word' id='word_1_158' title='bbox 902 1949 1008 1974; x_wconf 82' lang='lat' dir='ltr'>sacra</span> 
     </span>
     <span class='ocr_line' id='line_1_38' title="bbox 340 1992 1008 2045; baseline 0.001 -16"><span class='ocrx_word' id='word_1_159' title='bbox 340 1992 478 2030; x_wconf 84' lang='lat' dir='ltr'>afferre</span> <span class='ocrx_word' id='word_1_160' title='bbox 528 1996 733 2045; x_wconf 79' lang='lat' dir='ltr'>quotannis</span> <span class='ocrx_word' id='word_1_161' title='bbox 767 2001 1008 2045; x_wconf 86' lang='lat' dir='ltr'>cogerentur.</span> 
     </span>
     <span class='ocr_line' id='line_1_39' title="bbox 342 2049 1008 2101; baseline 0.003 -15"><span class='ocrx_word' id='word_1_162' title='bbox 342 2049 483 2098; x_wconf 81' lang='lat' dir='ltr'>„Quid,</span> <span class='ocrx_word' id='word_1_163' title='bbox 512 2051 565 2087; x_wconf 89' lang='lat' dir='ltr'>ita</span> <span class='ocrx_word' id='word_1_164' title='bbox 599 2052 724 2101; x_wconf 85' lang='lat' dir='ltr'>pergit</span> <span class='ocrx_word' id='word_1_165' title='bbox 754 2052 906 2088; x_wconf 74' lang='lat' dir='ltr'>Mtiller.</span> <span class='ocrx_word' id='word_1_166' title='bbox 935 2051 961 2088; x_wconf 89' lang='lat' dir='ltr'>l.</span> <span class='ocrx_word' id='word_1_167' title='bbox 981 2051 1008 2088; x_wconf 90' lang='lat' dir='ltr'>l.</span> 
     </span>
     <span class='ocr_line' id='line_1_40' title="bbox 341 2107 1009 2158; baseline 0.003 -16"><span class='ocrx_word' id='word_1_168' title='bbox 341 2119 431 2158; x_wconf 83' lang='lat' dir='ltr'>pag.</span> <span class='ocrx_word' id='word_1_169' title='bbox 453 2110 519 2154; x_wconf 90' lang='lat'>70,</span> <span class='ocrx_word' id='word_1_170' title='bbox 540 2107 570 2143; x_wconf 93' lang='lat' dir='ltr'>si</span> <span class='ocrx_word' id='word_1_171' title='bbox 591 2109 715 2144; x_wconf 90' lang='lat' dir='ltr'>omnis</span> <span class='ocrx_word' id='word_1_172' title='bbox 735 2109 793 2145; x_wconf 83' lang='lat' dir='ltr'>vir</span> <span class='ocrx_word' id='word_1_173' title='bbox 815 2108 1009 2144; x_wconf 87' lang='lat' dir='ltr'>Doriensis</span> 
     </span>
     <span class='ocr_line' id='line_1_41' title="bbox 344 2161 1010 2214; baseline 0.002 -15"><span class='ocrx_word' id='word_1_174' title='bbox 344 2163 392 2199; x_wconf 89' lang='lat' dir='ltr'>ab</span> <span class='ocrx_word' id='word_1_175' title='bbox 422 2161 527 2199; x_wconf 90' lang='lat' dir='ltr'>aditu</span> <span class='ocrx_word' id='word_1_176' title='bbox 563 2161 675 2200; x_wconf 88' lang='lat' dir='ltr'>huius</span> <span class='ocrx_word' id='word_1_177' title='bbox 695 2165 830 2214; x_wconf 86' lang='lat' dir='ltr'>templi</span> <span class='ocrx_word' id='word_1_178' title='bbox 850 2164 1010 2200; x_wconf 89' lang='lat' dir='ltr'>arceba—</span> 
     </span>
     <span class='ocr_line' id='line_1_42' title="bbox 342 2218 1012 2271; baseline 0 -15"><span class='ocrx_word' id='word_1_179' title='bbox 342 2226 426 2267; x_wconf 85' lang='lat' dir='ltr'>tur,</span> <span class='ocrx_word' id='word_1_180' title='bbox 474 2218 689 2270; x_wconf 83' lang='lat' dir='ltr'>EpidauriiS</span> <span class='ocrx_word' id='word_1_181' title='bbox 732 2221 1012 2271; x_wconf 85' lang='lat' dir='ltr'>Aegineticisve</span> 
     </span>
     <span class='ocr_line' id='line_1_43' title="bbox 346 2276 1012 2327; baseline 0 -14"><span class='ocrx_word' id='word_1_182' title='bbox 346 2276 469 2326; x_wconf 79' lang='lat' dir='ltr'>magis</span> <span class='ocrx_word' id='word_1_183' title='bbox 498 2277 801 2326; x_wconf 85' lang='lat' dir='ltr'>ignominiosum</span> <span class='ocrx_word' id='word_1_184' title='bbox 831 2290 910 2314; x_wconf 88' lang='lat' dir='ltr'>esse</span> <span class='ocrx_word' id='word_1_185' title='bbox 938 2289 1012 2327; x_wconf 94' lang='lat' dir='ltr'>po-</span> 
     </span>
     <span class='ocr_line' id='line_1_44' title="bbox 345 2331 1010 2384; baseline 0 -15"><span class='ocrx_word' id='word_1_186' title='bbox 345 2339 463 2378; x_wconf 87' lang='lat' dir='ltr'>terat,</span> <span class='ocrx_word' id='word_1_187' title='bbox 502 2345 619 2384; x_wconf 89' lang='lat' dir='ltr'>quam</span> <span class='ocrx_word' id='word_1_188' title='bbox 659 2331 798 2371; x_wconf 88' lang='lat' dir='ltr'>hostias</span> <span class='ocrx_word' id='word_1_189' title='bbox 834 2332 1010 2369; x_wconf 87' lang='lat' dir='ltr'>advectas</span> 
     </span>
     <span class='ocr_line' id='line_1_45' title="bbox 347 2388 1009 2427; baseline 0 -2"><span class='ocrx_word' id='word_1_190' title='bbox 347 2390 479 2425; x_wconf 85' lang='lat' dir='ltr'>alienis</span> <span class='ocrx_word' id='word_1_191' title='bbox 500 2388 758 2427; x_wconf 88' lang='lat' dir='ltr'>sacerdotibus</span> <span class='ocrx_word' id='word_1_192' title='bbox 779 2389 872 2426; x_wconf 88' lang='lat' dir='ltr'>deae</span> <span class='ocrx_word' id='word_1_193' title='bbox 885 2388 1009 2426; x_wconf 87' lang='lat' dir='ltr'>Athe-</span> 
     </span>
     <span class='ocr_line' id='line_1_46' title="bbox 349 2446 1008 2497; baseline 0 -15"><span class='ocrx_word' id='word_1_194' title='bbox 349 2447 541 2482; x_wconf 84' lang='lat' dir='ltr'>niensium</span> <span class='ocrx_word' id='word_1_195' title='bbox 553 2446 735 2497; x_wconf 81' lang='lat' dir='ltr'>peculiari</span> <span class='ocrx_word' id='word_1_196' title='bbox 744 2447 815 2483; x_wconf 89' lang='lat' dir='ltr'>sibi</span> <span class='ocrx_word' id='word_1_197' title='bbox 825 2446 1008 2492; x_wconf 84' lang='lat' dir='ltr'>infensae,</span> 
     </span>
     <span class='ocr_line' id='line_1_47' title="bbox 351 2500 1010 2548; baseline 0 -9"><span class='ocrx_word' id='word_1_198' title='bbox 351 2501 572 2539; x_wconf 86' lang='lat' dir='ltr'>mactandas</span> <span class='ocrx_word' id='word_1_199' title='bbox 614 2500 832 2541; x_wconf 77' lang='lat' dir='ltr'>tradere?“</span> <span class='ocrx_word' id='word_1_200' title='bbox 898 2501 1010 2548; x_wconf 84' lang='lat' dir='ltr'>Quod</span> 
     </span>
     <span class='ocr_line' id='line_1_48' title="bbox 349 2557 1010 2611; baseline -0.002 -16"><span class='ocrx_word' id='word_1_201' title='bbox 349 2571 441 2596; x_wconf 86' lang='lat' dir='ltr'>vero</span> <span class='ocrx_word' id='word_1_202' title='bbox 463 2557 500 2595; x_wconf 90' lang='lat' dir='ltr'>h.</span> <span class='ocrx_word' id='word_1_203' title='bbox 513 2559 539 2595; x_wconf 92' lang='lat' dir='ltr'>l.</span> <span class='ocrx_word' id='word_1_204' title='bbox 558 2560 730 2596; x_wconf 87' lang='lat' dir='ltr'>Minerva</span> <span class='ocrx_word' id='word_1_205' title='bbox 749 2559 876 2597; x_wconf 81' lang='lat' dir='ltr'>Polias</span> <span class='ocrx_word' id='word_1_206' title='bbox 897 2567 1010 2611; x_wconf 77' lang='lat' dir='ltr'>atque</span> 
     </span>
     <span class='ocr_line' id='line_1_49' title="bbox 350 2614 1014 2652; baseline 0 0"><span class='ocrx_word' id='word_1_207' title='bbox 350 2614 589 2652; x_wconf 84' lang='lat' dir='ltr'>Erechtheus</span> <span class='ocrx_word' id='word_1_208' title='bbox 620 2617 856 2652; x_wconf 88' lang='lat' dir='ltr'>coniunctim</span> <span class='ocrx_word' id='word_1_209' title='bbox 885 2617 1014 2652; x_wconf 86' lang='lat' dir='ltr'>nomi-</span> 
     </span>
     <span class='ocr_line' id='line_1_50' title="bbox 349 2672 1014 2718; baseline 0 -10"><span class='ocrx_word' id='word_1_210' title='bbox 349 2679 502 2718; x_wconf 84' lang='lat' dir='ltr'>nantur,</span> <span class='ocrx_word' id='word_1_211' title='bbox 535 2672 745 2709; x_wconf 77' lang='lat' dir='ltr'>tenendum</span> <span class='ocrx_word' id='word_1_212' title='bbox 767 2680 839 2716; x_wconf 87' lang='lat' dir='ltr'>est,</span> <span class='ocrx_word' id='word_1_213' title='bbox 870 2673 905 2708; x_wconf 88' lang='lat' dir='ltr'>in</span> <span class='ocrx_word' id='word_1_214' title='bbox 929 2685 1014 2708; x_wconf 87' lang='lat' dir='ltr'>arce</span> 
     </span>
     <span class='ocr_line' id='line_1_51' title="bbox 352 2728 1015 2780; baseline 0.002 -16"><span class='ocrx_word' id='word_1_215' title='bbox 352 2741 474 2764; x_wconf 89' lang='lat' dir='ltr'>unum</span> <span class='ocrx_word' id='word_1_216' title='bbox 495 2728 675 2780; x_wconf 85' lang='lat' dir='ltr'>idemque</span> <span class='ocrx_word' id='word_1_217' title='bbox 706 2728 921 2765; x_wconf 82' lang='lat' dir='ltr'>aedificium</span> <span class='ocrx_word' id='word_1_218' title='bbox 945 2741 1015 2765; x_wconf 86' lang='lat' dir='ltr'>va—</span> 
     </span>
     <span class='ocr_line' id='line_1_52' title="bbox 354 2784 1014 2837; baseline 0 -16"><span class='ocrx_word' id='word_1_219' title='bbox 354 2786 416 2821; x_wconf 83' lang='lat' dir='ltr'>riis</span> <span class='ocrx_word' id='word_1_220' title='bbox 446 2784 535 2821; x_wconf 90' lang='lat' dir='ltr'>inde</span> <span class='ocrx_word' id='word_1_221' title='bbox 568 2787 860 2836; x_wconf 81' lang='lat' dir='ltr'>cognominibus</span> <span class='ocrx_word' id='word_1_222' title='bbox 881 2786 1014 2837; x_wconf 89' lang='lat' dir='ltr'>appel-</span> 
     </span>
    </p>
   </div>
   <div class='ocr_carea' id='block_1_16' title="bbox 1049 801 1720 1530">
    <p class='ocr_par' dir='ltr' id='par_1_16' title="bbox 1049 801 1720 1530">
     <span class='ocr_line' id='line_1_53' title="bbox 1051 801 1713 853; baseline 0.003 -16"><span class='ocrx_word' id='word_1_223' title='bbox 1051 801 1192 848; x_wconf 88' lang='lat' dir='ltr'>latum,</span> <span class='ocrx_word' id='word_1_224' title='bbox 1224 803 1378 853; x_wconf 88' lang='lat' dir='ltr'>utrique</span> <span class='ocrx_word' id='word_1_225' title='bbox 1406 803 1558 839; x_wconf 89' lang='lat' dir='ltr'>numini</span> <span class='ocrx_word' id='word_1_226' title='bbox 1576 804 1629 840; x_wconf 87' lang='lat' dir='ltr'>ita</span> <span class='ocrx_word' id='word_1_227' title='bbox 1647 802 1713 839; x_wconf 87' lang='lat' dir='ltr'>fu-</span> 
     </span>
     <span class='ocr_line' id='line_1_54' title="bbox 1051 859 1713 906; baseline 0.003 -12"><span class='ocrx_word' id='word_1_228' title='bbox 1051 859 1123 895; x_wconf 91' lang='lat' dir='ltr'>isse</span> <span class='ocrx_word' id='word_1_229' title='bbox 1145 865 1422 906; x_wconf 85' lang='lat' dir='ltr'>consecratum,</span> <span class='ocrx_word' id='word_1_230' title='bbox 1451 867 1496 896; x_wconf 88' lang='lat' dir='ltr'>ut</span> <span class='ocrx_word' id='word_1_231' title='bbox 1514 860 1713 897; x_wconf 87' lang='lat' dir='ltr'>interiecto</span> 
     </span>
     <span class='ocr_line' id='line_1_55' title="bbox 1051 914 1716 965; baseline 0.005 -15"><span class='ocrx_word' id='word_1_232' title='bbox 1051 915 1196 965; x_wconf 89' lang='lat' dir='ltr'>pariete</span> <span class='ocrx_word' id='word_1_233' title='bbox 1228 914 1324 952; x_wconf 80' lang='lat' dir='ltr'>illud</span> <span class='ocrx_word' id='word_1_234' title='bbox 1363 914 1639 953; x_wconf 84' lang='lat' dir='ltr'>discerneretur</span> <span class='ocrx_word' id='word_1_235' title='bbox 1674 917 1716 953; x_wconf 87' lang='lat' dir='ltr'>in</span> 
     </span>
     <span class='ocr_line' id='line_1_56' title="bbox 1052 966 1716 1024; baseline -0.002 -14"><span class='ocrx_word' id='word_1_236' title='bbox 1052 966 1244 1023; x_wconf 79' lang='grc' dir='ltr'><strong><em>οἷνδρῶνα</em></strong></span> <span class='ocrx_word' id='word_1_237' title='bbox 1273 972 1480 1024; x_wconf 88' lang='lat' dir='ltr'>quendam,</span> <span class='ocrx_word' id='word_1_238' title='bbox 1508 971 1716 1010; x_wconf 89' lang='lat' dir='ltr'>Erechthei</span> 
     </span>
     <span class='ocr_line' id='line_1_57' title="bbox 1050 1028 1716 1079; baseline 0.005 -15"><span class='ocrx_word' id='word_1_239' title='bbox 1050 1028 1188 1064; x_wconf 86' lang='lat' dir='ltr'>fanum</span> <span class='ocrx_word' id='word_1_240' title='bbox 1218 1029 1406 1066; x_wconf 86' lang='lat' dir='ltr'>orientem</span> <span class='ocrx_word' id='word_1_241' title='bbox 1434 1043 1586 1079; x_wconf 82' lang='lat' dir='ltr'>versus,</span> <span class='ocrx_word' id='word_1_242' title='bbox 1618 1031 1716 1067; x_wconf 85' lang='lat' dir='ltr'>etin</span> 
     </span>
     <span class='ocr_line' id='line_1_58' title="bbox 1050 1085 1716 1138; baseline 0.002 -15"><span class='ocrx_word' id='word_1_243' title='bbox 1050 1087 1282 1138; x_wconf 77' lang='grc' dir='ltr'><strong><em>γυναικῶνα</em></strong></span> <span class='ocrx_word' id='word_1_244' title='bbox 1303 1085 1543 1124; x_wconf 88' lang='lat' dir='ltr'>occidentem</span> <span class='ocrx_word' id='word_1_245' title='bbox 1572 1100 1716 1136; x_wconf 87' lang='lat' dir='ltr'>versus,</span> 
     </span>
     <span class='ocr_line' id='line_1_59' title="bbox 1050 1142 1718 1188; baseline 0.004 -10"><span class='ocrx_word' id='word_1_246' title='bbox 1050 1143 1246 1179; x_wconf 85' lang='lat' dir='ltr'>Minervae</span> <span class='ocrx_word' id='word_1_247' title='bbox 1274 1142 1411 1180; x_wconf 89' lang='lat' dir='ltr'>fanum</span> <span class='ocrx_word' id='word_1_248' title='bbox 1425 1170 1442 1188; x_wconf 87' lang='lat'>,</span> <span class='ocrx_word' id='word_1_249' title='bbox 1480 1144 1587 1181; x_wconf 84' lang='lat' dir='ltr'>cuius</span> <span class='ocrx_word' id='word_1_250' title='bbox 1613 1145 1718 1181; x_wconf 82' lang='lat' dir='ltr'>inte-</span> 
     </span>
     <span class='ocr_line' id='line_1_60' title="bbox 1051 1199 1718 1250; baseline 0.003 -15"><span class='ocrx_word' id='word_1_251' title='bbox 1051 1199 1128 1235; x_wconf 89' lang='lat' dir='ltr'>rior</span> <span class='ocrx_word' id='word_1_252' title='bbox 1146 1211 1232 1249; x_wconf 88' lang='lat' dir='ltr'>pars</span> <span class='ocrx_word' id='word_1_253' title='bbox 1253 1200 1324 1250; x_wconf 84' lang='lat' dir='ltr'>ipsi</span> <span class='ocrx_word' id='word_1_254' title='bbox 1343 1201 1562 1248; x_wconf 83' lang='lat' dir='ltr'>Minervae,</span> <span class='ocrx_word' id='word_1_255' title='bbox 1599 1201 1718 1237; x_wconf 90' lang='lat' dir='ltr'>altera</span> 
     </span>
     <span class='ocr_line' id='line_1_61' title="bbox 1049 1256 1720 1308; baseline 0.004 -16"><span class='ocrx_word' id='word_1_256' title='bbox 1049 1268 1136 1306; x_wconf 86' lang='lat' dir='ltr'>pars</span> <span class='ocrx_word' id='word_1_257' title='bbox 1157 1268 1279 1308; x_wconf 90' lang='lat' dir='ltr'>eaque</span> <span class='ocrx_word' id='word_1_258' title='bbox 1298 1258 1426 1294; x_wconf 86' lang='lat' dir='ltr'>minor</span> <span class='ocrx_word' id='word_1_259' title='bbox 1444 1256 1641 1294; x_wconf 89' lang='lat' dir='ltr'>Pandroso</span> <span class='ocrx_word' id='word_1_260' title='bbox 1658 1271 1720 1295; x_wconf 92' lang='lat' dir='ltr'>es-</span> 
     </span>
     <span class='ocr_line' id='line_1_62' title="bbox 1053 1314 1719 1351; baseline 0.003 -2"><span class='ocrx_word' id='word_1_261' title='bbox 1053 1319 1111 1349; x_wconf 91' lang='lat' dir='ltr'>set</span> <span class='ocrx_word' id='word_1_262' title='bbox 1140 1320 1371 1350; x_wconf 86' lang='lat' dir='ltr'>consecrata.</span> <span class='ocrx_word' id='word_1_263' title='bbox 1418 1314 1537 1350; x_wconf 85' lang='lat' dir='ltr'>Plura</span> <span class='ocrx_word' id='word_1_264' title='bbox 1565 1315 1719 1351; x_wconf 78' lang='lat' dir='ltr'>Mffller.</span> 
     </span>
     <span class='ocr_line' id='line_1_63' title="bbox 1053 1370 1719 1422; baseline 0.003 -16"><span class='ocrx_word' id='word_1_265' title='bbox 1053 1370 1080 1406; x_wconf 89' lang='lat' dir='ltr'>l.</span> <span class='ocrx_word' id='word_1_266' title='bbox 1102 1370 1125 1406; x_wconf 93' lang='lat' dir='ltr'>l.</span> <span class='ocrx_word' id='word_1_267' title='bbox 1149 1382 1237 1420; x_wconf 84' lang='lat' dir='ltr'>pag.</span> <span class='ocrx_word' id='word_1_268' title='bbox 1265 1373 1319 1410; x_wconf 78' lang='lat'>23</span> <span class='ocrx_word' id='word_1_269' title='bbox 1345 1371 1431 1407; x_wconf 90' lang='lat' dir='ltr'>coll.</span> <span class='ocrx_word' id='word_1_270' title='bbox 1463 1383 1553 1422; x_wconf 74' lang='lat' dir='ltr'>pag·</span> <span class='ocrx_word' id='word_1_271' title='bbox 1577 1374 1642 1413; x_wconf 87' lang='lat'>18.</span> <span class='ocrx_word' id='word_1_272' title='bbox 1661 1392 1719 1398; x_wconf 93' lang='lat'><strong>—</strong></span> 
     </span>
     <span class='ocr_line' id='line_1_64' title="bbox 1053 1424 1719 1479; baseline 0.003 -17"><span class='ocrx_word' id='word_1_273' title='bbox 1053 1427 1098 1462; x_wconf 92' lang='lat' dir='ltr'>In</span> <span class='ocrx_word' id='word_1_274' title='bbox 1118 1439 1226 1478; x_wconf 78' lang='lat' dir='ltr'>seqq.</span> <span class='ocrx_word' id='word_1_275' title='bbox 1247 1426 1297 1463; x_wconf 86' lang='lat' dir='ltr'>ad</span> <span class='ocrx_word' id='word_1_276' title='bbox 1316 1424 1588 1479; x_wconf 76' lang='grc' dir='ltr'><strong><em>ποιησάμενοι</em></strong></span> <span class='ocrx_word' id='word_1_277' title='bbox 1616 1427 1719 1465; x_wconf 84' lang='lat' dir='ltr'>conf.</span> 
     </span>
     <span class='ocr_line' id='line_1_65' title="bbox 1054 1483 1184 1530; baseline 0 -10"><span class='ocrx_word' id='word_1_278' title='bbox 1054 1483 1100 1530; x_wconf 88' lang='lat' dir='ltr'>V,</span> <span class='ocrx_word' id='word_1_279' title='bbox 1116 1486 1184 1523; x_wconf 86' lang='lat'>77.</span> 
     </span>
    </p>
   </div>
   <div class='ocr_carea' id='block_1_17' title="bbox 1228 1574 1561 1623">
    <p class='ocr_par' dir='ltr' id='par_1_17' title="bbox 1228 1574 1561 1623">
     <span class='ocr_line' id='line_1_66' title="bbox 1228 1574 1561 1623; baseline 0 -11"><span class='ocrx_word' id='word_1_280' title='bbox 1228 1574 1321 1623; x_wconf 80' lang='lat' dir='ltr'>cap.</span> <span class='ocrx_word' id='word_1_281' title='bbox 1341 1574 1561 1612; x_wconf 80' lang='lat' dir='ltr'>Lxxxm.</span> 
     </span>
    </p>
   </div>
   <div class='ocr_carea' id='block_1_18' title="bbox 1057 1649 1733 2838">
    <p class='ocr_par' dir='ltr' id='par_1_18' title="bbox 1057 1649 1726 2031">
     <span class='ocr_line' id='line_1_67' title="bbox 1119 1649 1720 1706; baseline 0.003 -15"><span class='ocrx_word' id='word_1_282' title='bbox 1119 1654 1272 1692; x_wconf 81' lang='grc' dir='ltr'><strong><em>Τοῦτον</em></strong></span> <span class='ocrx_word' id='word_1_283' title='bbox 1295 1649 1329 1691; x_wconf 81' lang='grc' dir='ltr'>δ’</span> <span class='ocrx_word' id='word_1_284' title='bbox 1349 1652 1403 1692; x_wconf 78' lang='grc' dir='ltr'>ἔτι</span> <span class='ocrx_word' id='word_1_285' title='bbox 1422 1651 1493 1693; x_wconf 75' lang='grc' dir='ltr'><strong><em>τόν</em></strong></span> <span class='ocrx_word' id='word_1_286' title='bbox 1518 1649 1667 1706; x_wconf 79' lang='grc' dir='ltr'><strong><em>χρόνον</em></strong></span> <span class='ocrx_word' id='word_1_287' title='bbox 1685 1669 1720 1693; x_wconf 84' lang='grc' dir='ltr'>κ.</span> 
     </span>
     <span class='ocr_line' id='line_1_68' title="bbox 1057 1709 1722 1761; baseline 0 -14"><span class='ocrx_word' id='word_1_288' title='bbox 1057 1723 1091 1747; x_wconf 88' lang='grc' dir='ltr'>τ.</span> <span class='ocrx_word' id='word_1_289' title='bbox 1120 1710 1179 1758; x_wconf 52' lang='lat' dir='ltr'>L]</span> <span class='ocrx_word' id='word_1_290' title='bbox 1211 1711 1374 1761; x_wconf 90' lang='lat' dir='ltr'>Inquirit</span> <span class='ocrx_word' id='word_1_291' title='bbox 1405 1711 1447 1746; x_wconf 88' lang='lat' dir='ltr'>in</span> <span class='ocrx_word' id='word_1_292' title='bbox 1474 1709 1549 1747; x_wconf 89' lang='lat' dir='ltr'>hoc</span> <span class='ocrx_word' id='word_1_293' title='bbox 1569 1718 1722 1761; x_wconf 87' lang='lat' dir='ltr'>tempus</span> 
     </span>
     <span class='ocr_line' id='line_1_69' title="bbox 1057 1767 1724 1806; baseline 0.006 -5"><span class='ocrx_word' id='word_1_294' title='bbox 1057 1768 1268 1803; x_wconf 83' lang='lat' dir='ltr'>accuratius</span> <span class='ocrx_word' id='word_1_295' title='bbox 1293 1767 1602 1804; x_wconf 84' lang='lat' dir='ltr'>constituendum</span> <span class='ocrx_word' id='word_1_296' title='bbox 1622 1768 1664 1806; x_wconf 87' lang='lat' dir='ltr'>C.</span> <span class='ocrx_word' id='word_1_297' title='bbox 1679 1768 1724 1805; x_wconf 86' lang='lat' dir='ltr'>O.</span> 
     </span>
     <span class='ocr_line' id='line_1_70' title="bbox 1062 1823 1723 1875; baseline 0.005 -17"><span class='ocrx_word' id='word_1_298' title='bbox 1062 1823 1214 1859; x_wconf 80' lang='lat' dir='ltr'>Miiller.</span> <span class='ocrx_word' id='word_1_299' title='bbox 1270 1824 1464 1873; x_wconf 81' lang='lat' dir='ltr'>Aeginett.</span> <span class='ocrx_word' id='word_1_300' title='bbox 1512 1837 1603 1875; x_wconf 81' lang='lat' dir='ltr'>pag.</span> <span class='ocrx_word' id='word_1_301' title='bbox 1655 1827 1723 1872; x_wconf 75' lang='lat'>73,</span> 
     </span>
     <span class='ocr_line' id='line_1_71' title="bbox 1063 1879 1726 1932; baseline 0.002 -15"><span class='ocrx_word' id='word_1_302' title='bbox 1063 1880 1131 1917; x_wconf 75' lang='lat' dir='ltr'>vix</span> <span class='ocrx_word' id='word_1_303' title='bbox 1169 1880 1261 1916; x_wconf 86' lang='lat' dir='ltr'>certi</span> <span class='ocrx_word' id='word_1_304' title='bbox 1301 1879 1394 1931; x_wconf 90' lang='lat' dir='ltr'>quid</span> <span class='ocrx_word' id='word_1_305' title='bbox 1425 1879 1586 1918; x_wconf 88' lang='lat' dir='ltr'>indicari</span> <span class='ocrx_word' id='word_1_306' title='bbox 1614 1893 1726 1932; x_wconf 84' lang='lat' dir='ltr'>posse</span> 
     </span>
     <span class='ocr_line' id='line_1_72' title="bbox 1064 1936 1726 1989; baseline 0.003 -17"><span class='ocrx_word' id='word_1_307' title='bbox 1064 1942 1193 1984; x_wconf 68' lang='lat' dir='ltr'>ratus,</span> <span class='ocrx_word' id='word_1_308' title='bbox 1224 1938 1263 1972; x_wconf 92' lang='lat' dir='ltr'>in</span> <span class='ocrx_word' id='word_1_309' title='bbox 1282 1936 1499 1989; x_wconf 86' lang='lat' dir='ltr'>Olympiad.</span> <span class='ocrx_word' id='word_1_310' title='bbox 1522 1940 1575 1979; x_wconf 89' lang='grc'>60</span> <span class='ocrx_word' id='word_1_311' title='bbox 1603 1938 1726 1974; x_wconf 80' lang='lat' dir='ltr'>ferme</span> 
     </span>
     <span class='ocr_line' id='line_1_73' title="bbox 1064 1992 1477 2031; baseline 0.005 -2"><span class='ocrx_word' id='word_1_312' title='bbox 1064 1994 1134 2030; x_wconf 90' lang='lat' dir='ltr'>ista</span> <span class='ocrx_word' id='word_1_313' title='bbox 1155 1992 1291 2030; x_wconf 87' lang='lat' dir='ltr'>cadere</span> <span class='ocrx_word' id='word_1_314' title='bbox 1312 1995 1477 2031; x_wconf 89' lang='lat' dir='ltr'>coniicit.</span> 
     </span>
    </p>

    <p class='ocr_par' dir='ltr' id='par_1_19' title="bbox 1067 2045 1733 2838">
     <span class='ocr_line' id='line_1_74' title="bbox 1122 2045 1728 2101; baseline 0 -13"><span class='ocrx_word' id='word_1_315' title='bbox 1122 2050 1190 2089; x_wconf 84' lang='grc' dir='ltr'><strong><em>καὶ</em></strong></span> <span class='ocrx_word' id='word_1_316' title='bbox 1217 2045 1728 2101; x_wconf 79' lang='grc' dir='ltr'><strong><em>δίκας-ἐδίδοσαν-παρ’</em></strong></span> 
     </span>
     <span class='ocr_line' id='line_1_75' title="bbox 1067 2101 1728 2158; baseline -0.002 -14"><span class='ocrx_word' id='word_1_317' title='bbox 1067 2101 1248 2155; x_wconf 67' lang='grc' dir='ltr'><strong><em>ἀλλήλων</em></strong></span> <span class='ocrx_word' id='word_1_318' title='bbox 1288 2107 1330 2145; x_wconf 81' lang='grc' dir='ltr'>οἵ</span> <span class='ocrx_word' id='word_1_319' title='bbox 1364 2107 1606 2158; x_wconf 80' lang='grc' dir='ltr'><strong><em>Αἰγινῆται]</em></strong></span> <span class='ocrx_word' id='word_1_320' title='bbox 1650 2109 1728 2144; x_wconf 90' lang='lat' dir='ltr'>Pro</span> 
     </span>
     <span class='ocr_line' id='line_1_76' title="bbox 1067 2162 1728 2213; baseline 0.005 -16"><span class='ocrx_word' id='word_1_321' title='bbox 1067 2163 1230 2213; x_wconf 87' lang='lat' dir='ltr'>simplici</span> <span class='ocrx_word' id='word_1_322' title='bbox 1251 2162 1317 2202; x_wconf 79' lang='grc' dir='ltr'><strong><em>καὶ</em></strong></span> <span class='ocrx_word' id='word_1_323' title='bbox 1326 2162 1510 2201; x_wconf 82' lang='lat' dir='ltr'>Valcken.</span> <span class='ocrx_word' id='word_1_324' title='bbox 1521 2165 1632 2201; x_wconf 89' lang='lat' dir='ltr'>scribi</span> <span class='ocrx_word' id='word_1_325' title='bbox 1643 2176 1728 2200; x_wconf 88' lang='lat' dir='ltr'>ma-</span> 
     </span>
     <span class='ocr_line' id='line_1_77' title="bbox 1068 2216 1730 2270; baseline 0.003 -15"><span class='ocrx_word' id='word_1_326' title='bbox 1068 2219 1150 2255; x_wconf 87' lang='lat' dir='ltr'>vult</span> <span class='ocrx_word' id='word_1_327' title='bbox 1180 2217 1248 2258; x_wconf 79' lang='grc' dir='ltr'><strong><em>καὶ</em></strong></span> <span class='ocrx_word' id='word_1_328' title='bbox 1283 2216 1333 2270; x_wconf 73' lang='grc' dir='ltr'>δή</span> <span class='ocrx_word' id='word_1_329' title='bbox 1355 2218 1443 2267; x_wconf 80' lang='grc' dir='ltr'><strong><em>καὶ,</em></strong></span> <span class='ocrx_word' id='word_1_330' title='bbox 1475 2227 1517 2257; x_wconf 88' lang='lat' dir='ltr'>ut</span> <span class='ocrx_word' id='word_1_331' title='bbox 1546 2234 1630 2258; x_wconf 91' lang='lat' dir='ltr'>mos</span> <span class='ocrx_word' id='word_1_332' title='bbox 1656 2221 1730 2258; x_wconf 89' lang='lat' dir='ltr'>fert</span> 
     </span>
     <span class='ocr_line' id='line_1_78' title="bbox 1067 2275 1729 2325; baseline 0.005 -14"><span class='ocrx_word' id='word_1_333' title='bbox 1067 2275 1275 2324; x_wconf 87' lang='lat' dir='ltr'>Herodoti,</span> <span class='ocrx_word' id='word_1_334' title='bbox 1337 2277 1589 2325; x_wconf 86' lang='lat' dir='ltr'>praecedente</span> <span class='ocrx_word' id='word_1_335' title='bbox 1618 2278 1729 2315; x_wconf 93' lang='lat' dir='ltr'>locu-</span> 
     </span>
     <span class='ocr_line' id='line_1_79' title="bbox 1067 2330 1731 2372; baseline 0.005 -4"><span class='ocrx_word' id='word_1_336' title='bbox 1067 2333 1171 2369; x_wconf 85' lang='lat' dir='ltr'>tione</span> <span class='ocrx_word' id='word_1_337' title='bbox 1191 2331 1238 2371; x_wconf 82' lang='grc' dir='ltr'>τά</span> <span class='ocrx_word' id='word_1_338' title='bbox 1264 2347 1304 2370; x_wconf 83' lang='grc' dir='ltr'>τε</span> <span class='ocrx_word' id='word_1_339' title='bbox 1326 2330 1438 2372; x_wconf 71' lang='grc' dir='ltr'><strong><em>ἄλλα.</em></strong></span> <span class='ocrx_word' id='word_1_340' title='bbox 1497 2335 1639 2372; x_wconf 86' lang='lat' dir='ltr'>Sensus</span> <span class='ocrx_word' id='word_1_341' title='bbox 1669 2335 1731 2371; x_wconf 90' lang='lat' dir='ltr'>lo·-</span> 
     </span>
     <span class='ocr_line' id='line_1_80' title="bbox 1067 2389 1732 2441; baseline 0.005 -16"><span class='ocrx_word' id='word_1_342' title='bbox 1067 2389 1101 2425; x_wconf 89' lang='lat' dir='ltr'>ci</span> <span class='ocrx_word' id='word_1_343' title='bbox 1123 2395 1196 2426; x_wconf 86' lang='lat' dir='ltr'>est:</span> <span class='ocrx_word' id='word_1_344' title='bbox 1239 2390 1430 2437; x_wconf 78' lang='lat' dir='ltr'>Aeginetae</span> <span class='ocrx_word' id='word_1_345' title='bbox 1457 2393 1514 2428; x_wconf 79' lang='lat' dir='ltr'>ius</span> <span class='ocrx_word' id='word_1_346' title='bbox 1543 2390 1732 2441; x_wconf 77' lang='lat' dir='ltr'>Epidauri</span> 
     </span>
     <span class='ocr_line' id='line_1_81' title="bbox 1067 2446 1729 2497; baseline 0.006 -16"><span class='ocrx_word' id='word_1_347' title='bbox 1067 2446 1216 2482; x_wconf 74' lang='lat' dir='ltr'>invicem</span> <span class='ocrx_word' id='word_1_348' title='bbox 1244 2447 1314 2483; x_wconf 71' lang='lat' dir='ltr'>sibi</span> <span class='ocrx_word' id='word_1_349' title='bbox 1351 2449 1438 2497; x_wconf 77' lang='lat' dir='ltr'>ipsis</span> <span class='ocrx_word' id='word_1_350' title='bbox 1471 2451 1503 2484; x_wconf 79' lang='lat' dir='ltr'>et</span> <span class='ocrx_word' id='word_1_351' title='bbox 1530 2448 1664 2485; x_wconf 83' lang='lat' dir='ltr'>dabant</span> <span class='ocrx_word' id='word_1_352' title='bbox 1695 2451 1729 2485; x_wconf 82' lang='lat' dir='ltr'>et</span> 
     </span>
     <span class='ocr_line' id='line_1_82' title="bbox 1068 2503 1730 2552; baseline 0.003 -14"><span class='ocrx_word' id='word_1_353' title='bbox 1068 2503 1285 2552; x_wconf 82' lang='lat' dir='ltr'>accipiebant</span> <span class='ocrx_word' id='word_1_354' title='bbox 1304 2504 1382 2540; x_wconf 86' lang='lat' dir='ltr'>sive</span> <span class='ocrx_word' id='word_1_355' title='bbox 1402 2504 1485 2540; x_wconf 88' lang='lat' dir='ltr'>lites</span> <span class='ocrx_word' id='word_1_356' title='bbox 1505 2517 1590 2542; x_wconf 90' lang='lat' dir='ltr'>suas</span> <span class='ocrx_word' id='word_1_357' title='bbox 1600 2517 1730 2541; x_wconf 85' lang='lat' dir='ltr'>coram</span> 
     </span>
     <span class='ocr_line' id='line_1_83' title="bbox 1068 2557 1728 2612; baseline 0.002 -17"><span class='ocrx_word' id='word_1_358' title='bbox 1068 2557 1195 2595; x_wconf 89' lang='lat' dir='ltr'>iudice</span> <span class='ocrx_word' id='word_1_359' title='bbox 1214 2558 1424 2610; x_wconf 88' lang='lat' dir='ltr'>Epidaurio</span> <span class='ocrx_word' id='word_1_360' title='bbox 1446 2559 1728 2612; x_wconf 85' lang='lat' dir='ltr'>disceptabant:</span> 
     </span>
     <span class='ocr_line' id='line_1_84' title="bbox 1073 2616 1730 2667; baseline 0.003 -16"><span class='ocrx_word' id='word_1_361' title='bbox 1073 2628 1148 2666; x_wconf 88' lang='lat' dir='ltr'>quo</span> <span class='ocrx_word' id='word_1_362' title='bbox 1179 2617 1260 2666; x_wconf 90' lang='lat' dir='ltr'>ipso</span> <span class='ocrx_word' id='word_1_363' title='bbox 1280 2630 1319 2652; x_wconf 88' lang='lat' dir='ltr'>se</span> <span class='ocrx_word' id='word_1_364' title='bbox 1343 2616 1557 2667; x_wconf 88' lang='lat' dir='ltr'>Epidauriis</span> <span class='ocrx_word' id='word_1_365' title='bbox 1577 2616 1730 2654; x_wconf 84' lang='lat' dir='ltr'>obedire</span> 
     </span>
     <span class='ocr_line' id='line_1_85' title="bbox 1072 2667 1732 2726; baseline 0.002 -17"><span class='ocrx_word' id='word_1_366' title='bbox 1072 2667 1268 2720; x_wconf 67' lang='grc' dir='ltr'><strong><em>(ἀκούειν</em></strong></span> <span class='ocrx_word' id='word_1_367' title='bbox 1289 2668 1580 2726; x_wconf 78' lang='grc' dir='ltr'><strong><em>Ἐπιδαυρίων)</em></strong></span> <span class='ocrx_word' id='word_1_368' title='bbox 1612 2686 1642 2712; x_wconf 90' lang='lat' dir='ltr'>s.</span> <span class='ocrx_word' id='word_1_369' title='bbox 1663 2686 1732 2710; x_wconf 89' lang='lat' dir='ltr'>eo-</span> 
     </span>
     <span class='ocr_line' id='line_1_86' title="bbox 1071 2729 1733 2780; baseline 0.003 -16"><span class='ocrx_word' id='word_1_370' title='bbox 1071 2741 1158 2764; x_wconf 89' lang='lat' dir='ltr'>rum</span> <span class='ocrx_word' id='word_1_371' title='bbox 1206 2731 1381 2780; x_wconf 84' lang='lat' dir='ltr'>potestati</span> <span class='ocrx_word' id='word_1_372' title='bbox 1436 2729 1605 2767; x_wconf 90' lang='lat' dir='ltr'>subditos</span> <span class='ocrx_word' id='word_1_373' title='bbox 1653 2743 1733 2767; x_wconf 84' lang='lat' dir='ltr'>esse</span> 
     </span>
     <span class='ocr_line' id='line_1_87' title="bbox 1073 2784 1733 2838; baseline 0.003 -16"><span class='ocrx_word' id='word_1_374' title='bbox 1073 2784 1315 2823; x_wconf 72' lang='lat' dir='ltr'>declarabant</span> <span class='ocrx_word' id='word_1_375' title='bbox 1328 2787 1481 2838; x_wconf 89' lang='lat' dir='ltr'>quippe,</span> <span class='ocrx_word' id='word_1_376' title='bbox 1502 2786 1733 2838; x_wconf 86' lang='lat' dir='ltr'>Epidaurio-</span> 
     </span>
    </p>
   </div>
  </div>
 </body>
</html>
