1815 3181
397 165 454 204 36

794 162 1255 199 HERODOTI

399 271 499 325 „nat
548 274 674 328 σοφῷ
725 267 830 320 δοὺς
879 266 1170 325 ἐγκτήσασθαι
1207 270 1338 314 πόλιν
1378 270 1425 314 ἐν
1473 272 1660 327 Θρηΐκῃς

403 340 503 393 ,,ἴνα
530 340 603 394 ἰ’δη
646 353 690 380 τε
720 336 1050 393 ναυπηγήσιμός
1077 337 1166 381 ἐστι
1196 337 1424 393 ἄφθονος,
1453 338 1526 382 καὶ
1555 343 1659 381 πολ·
1718 346 1798 386 383

401 408 499 460 ,,λοὶ
527 404 707 457 κωπέες,
738 404 809 448 καὶ
839 404 1024 460 μέταλλα
1055 402 1269 462 ἀργύρεα·
1301 406 1451 462 ὅμιλός
1479 423 1523 450 τε
1552 411 1714 449 πολ-21

344 581 436 605 cum
463 567 544 605 viro
577 565 688 603 docto
709 566 835 616 legere
855 571 1001 602 mutata

344 625 581 675 singularum
600 635 740 660 vocum
759 622 873 660 sede:
913 621 1001 661 ἔτυ-

345 696 386 732 χε
418 677 591 730 δωρεήν,
632 676 784 730 μισθόν
802 681 999 729 φυλακῆς.

345 738 447 774 Infra
489 737 545 784 V,
607 734 700 776 124.
723 748 732 772 ε
781 732 1001 786 Μύρκινον

349 790 520 845 -παροῖ
552 792 723 840 Δαρείου
754 790 907 843 δωρεήν
938 794 1001 829 λα-

348 846 444 901 βών.
511 849 661 886 Similia
701 848 892 901 quaedam
943 848 1002 884 af-

347 908 420 944 fert
449 906 681 955 Wesseling.
734 919 755 941 e
793 903 1001 956 Diophant.

347 962 550 999 Arithmet.
581 963 615 998 V
633 974 722 1012 pag.
752 964 857 1009 2693
892 961 1001 998 Stob.

347 1021 471 1057 Serm.
481 1019 665 1056 LXXXV
684 1031 772 1069 pag.
792 1017 873 1059 497
885 1020 1002 1054 Tom-

346 1079 399 1112 ΙΙΙ
434 1090 474 1127 p.
507 1078 588 1117 206
611 1075 728 1111 Gaisf.
768 1076 826 1110 De
857 1074 1004 1126 Myrci-

344 1147 387 1172 no
407 1132 508 1169 conf.
526 1132 571 1179 V,
597 1134 661 1171 11.
691 1129 784 1171 124.

401 1185 499 1235 δούς
524 1183 795 1240 ἔγκτήσασθαι
825 1183 944 1236 πόλιν
962 1186 1005 1225 ἐν

350 1245 534 1298 Θρηΐκῃ]
577 1242 689 1289 Quod
724 1245 817 1280 olim
843 1244 1006 1293 impres—

349 1315 435 1338 sum
477 1308 556 1337 erat
596 1300 863 1350 ἐγκτίσασθαι,
902 1298 943 1336 id
986 1313 1006 1334 e

349 1357 460 1395 codd.
481 1358 674 1394 nonnullis
694 1370 796 1393 nunc
817 1363 1007 1392 mutatum

349 1417 390 1451 in
412 1412 700 1466 ἐγκτήσασθαι,
731 1412 834 1465 quod
859 1412 1007 1449 dudum

349 1472 521 1507 voluerat
565 1470 801 1516 Valckew,
840 1482 860 1504 e
900 1470 1006 1505 cuius

351 1528 596 1564 annotatione
626 1525 675 1562 ad
704 1525 744 1562 h.
766 1527 791 1562 l.
821 1524 916 1562 haec
937 1524 1007 1561 ad-

349 1585 512 1621 scribere
531 1584 677 1634 placet:
706 1583 867 1630 „Quam
887 1595 908 1618 a
927 1583 1008 1618 Da-

349 1642 404 1678 rio
425 1641 583 1691 petierat
602 1640 721 1675 Mileti
741 1646 924 1689 tyrannus
935 1639 1008 1675 Hi—

347 1698 484 1734 stiaeus
519 1698 560 1732 in
592 1694 768 1732 Edonide
796 1697 1006 1746 regionem,

352 1750 566 1804 Μύρκινον
586 1752 747 1799 dictam,
776 1752 1008 1823 impetravit,

349 1810 394 1856 V,
419 1812 484 1849 11.
544 1805 741 1860 βουλόμει
745 1823 787 1854 ος
827 1809 869 1848 ἐν
906 1804 1008 1863 αὐτῇ

350 1862 469 1905 πόλιν
491 1867 641 1904 κτίσαι;
662 1867 702 1901 in
722 1865 816 1901 urbe
837 1864 1011 1903 conden-

351 1922 400 1959 da
420 1921 669 1972 deprehendit
682 1929 912 1973 occupatum
925 1923 1011 1958 Me-

351 1979 534 2029 gabazus,
566 1985 603 2015 et
621 1979 851 2030 simulatque
872 1977 1012 2017 Sardes

352 2037 535 2081 venisset,
567 2034 677 2071 docet
698 2036 760 2071 ille
781 2049 913 2086 regem
933 2036 1012 2072 mi-

351 2104 422 2127 nus
442 2090 572 2128 fecisse
592 2090 811 2141 prudenter,
836 2093 902 2144 qui
921 2105 1011 2143 per-

355 2148 511 2193 miserit,
541 2146 739 2184 hominem
760 2150 951 2185 Graecum
970 2149 1011 2184 in

352 2202 518 2240 Thracia
533 2199 798 2254 ἐγκτήσασθαι
806 2201 933 2252 πόλιν,
949 2217 1011 2241 ur-

354 2260 425 2296 bem
436 2259 503 2295 sibi
517 2260 759 2309 possidendam
769 2263 1009 2311 acquisivisse.

355 2317 588 2367 Frequenter
617 2319 778 2354 occurrit
809 2319 848 2354 in
868 2330 1012 2354 monu-

358 2373 494 2408 mentis
511 2373 625 2408 etiam
636 2372 791 2423 lapideis
813 2373 1013 2427 ἕγκτησιςε

357 2441 434 2480 quo
454 2441 565 2465 sensu
586 2427 656 2465 do(-
650 2430 735 2466 ·ebit
753 2429 1015 2468 Hemsterhus.

355 2484 404 2521 ad
425 2483 589 2535 Hesych.
611 2485 648 2520 in
670 2498 752 2522 voc.
781 2482 1012 2541 Ἐμπάμμω,

356 2542 552 2578 occasione
573 2541 674 2577 vocis
702 2536 934 2591 Ἐμπασεις,
966 2543 1014 2580 ad

358 2610 476 2649 quam
504 2596 580 2635 vid.
610 2597 756 2633 Albert.
824 2598 1014 2648 Quidquid

357 2666 524 2702 agrorum
540 2667 604 2690 seu
625 2653 762 2690 aedium
782 2667 859 2702 quis
871 2668 908 2691 in
919 2659 1015 2692 terra

358 2711 427 2746 sibi
441 2712 566 2759 patria
585 2716 847 2760 comparatum
856 2711 1013 2759 posside-

358 2767 438 2811 bat,
470 2779 561 2803 voce
591 2763 800 2817 κτημάτων
821 2766 1013 2815 significa-

1058 566 1193 615 batur,
1232 565 1404 619 ἔγκτημα
1424 567 1593 616 possessio
1613 564 1718 602 dice-

1058 623 1169 659 batur
1188 625 1226 660 in
1252 624 1393 672 regione
1417 623 1630 673 peregrina‚·
1660 621 1719 673 ἔγ-

1057 691 1193 729 κτησις
1219 682 1276 716 ius
1307 679 1508 716 istiusmodi
1535 678 1606 716 sibi
1636 690 1720 728 pos-

1057 737 1215 772 sessionis
1251 735 1496 786 acquirendae
1500 736 1526 756 ‘⁴
1574 735 1720 780 Quibus

1058 793 1131 828 alia
1161 791 1350 844 quaedam
1379 791 1484 829 addit
1515 790 1649 828 Valck.
1671 790 1720 827 de

1058 849 1214 885 vocibus
1235 845 1413 899 κτήματα
1445 855 1559 900 atque
1578 843 1720 900 ἐγκτή-

1059 919 1183 956 ματας
1205 905 1252 942 de
1272 919 1366 941 voce
1389 904 1567 956 ε’γκτησις
1586 906 1626 940 in
1648 917 1720 940 an·-

1058 963 1173 1013 tiquis
1220 963 1480 998 monumentis
1536 961 1720 998 tabulisve

1061 1018 1172 1055 obvia
1184 1019 1293 1069 plura
1304 1031 1458 1071 quoque
1468 1018 1592 1054 attulit
1600 1018 1721 1054 Wes—

1060 1076 1240 1125 selingius
1257 1104 1267 1122 ‚
1289 1077 1350 1112 cui
1371 1074 1459 1111 add.
1479 1075 1651 1111 Voemel.
1672 1072 1720 1110 ad

1061 1131 1309 1168 Demosthen.
1350 1130 1518 1182 Philipp.
1540 1132 1720 1181 Prolegg.

1062 1201 1150 1238 pag.
1183 1191 1234 1228 19
1262 1196 1342 1225 not.
1373 1191 1412 1228 7.
1471 1186 1534 1224 Ad
1559 1188 1722 1224 verbum

1063 1244 1279 1296 ἐγκτᾶσθαι
1326 1243 1511 1281 Valcken.
1575 1244 1724 1280 confert

1064 1302 1202 1338 Genes.
1226 1300 1293 1341 34.
1316 1304 1391 1347 103
1412 1299 1662 1337 Demosthen.
1687 1313 1721 1336 c.

1063 1357 1210 1407 Polycl.
1231 1369 1320 1408 pag.
1342 1359 1435 1404 667,
1466 1360 1516 1397 13
1531 1357 1586 1407 [p.
1602 1357 1723 1401 1208,

1063 1417 1116 1454 27
1130 1412 1294 1462 Reisk.].
1328 1413 1395 1450 Cr.
1417 1412 1724 1450 additLetronne

1064 1477 1102 1506 et
1133 1469 1355 1507 Boissonad.
1386 1471 1426 1506 in
1461 1468 1574 1507 huius
1605 1469 1725 1505 Com-

1063 1534 1199 1564 mentt.
1230 1526 1279 1563 ad
1305 1528 1478 1578 Inscript.
1508 1527 1655 1563 Actiac.
1675 1524 1725 1562 ad

1066 1584 1210 1620 calcem
1241 1584 1428 1620 Holstenii
1470 1583 1644 1633 Epistoll.
1683 1595 1724 1633 p.

1066 1639 1161 1681 455.
1228 1641 1274 1676 Iu
1314 1652 1390 1692 quo
1431 1639 1570 1676 eodem
1606 1639 1725 1676 verbo

1064 1697 1144 1733 vim
1180 1709 1292 1733 suam
1330 1697 1466 1733 retinet
1496 1696 1725 1747 praepositio

1065 1751 1129 1800 ε’ν,
1169 1766 1290 1805 aeque
1319 1760 1433 1805 atque
1463 1754 1515 1789 in
1514 1754 1603 1790 aliis
1623 1754 1726 1789 eius-

1063 1809 1171 1846 modi
1202 1811 1339 1857 verbis,
1379 1804 1727 1859 ἐνστοατοπεδεύε·

1069 1870 1190 1914 σθαι,
1247 1865 1561 1918 ἐναγωνίζεσθαι
1573 1895 1582 1913 ,
1623 1866 1724 1901 aliis·
1715 1892 1726 1911 ,

1069 1922 1116 1959 de
1146 1923 1282 1974 quibus
1314 1921 1392 1960 vid.
1423 1923 1655 1972 Wesseling.
1677 1920 1726 1958 ad

1067 1978 1210 2016 Herod.
1231 1981 1301 2026 IX,
1323 1983 1348 2020 7
1373 1986 1410 2016 et
1439 1992 1538 2031 quae
1558 1978 1725 2016 diximus

1067 2037 1109 2072 in
1141 2036 1319 2073 Creuzeri
1345 2036 1489 2072 Melett.
1518 2037 1573 2072 111
1601 2049 1640 2086 p.
1671 2036 1726 2076 72

1068 2092 1116 2128 ad
1164 2090 1358 2129 Plutarch.
1407 2093 1609 2128 Artaxerx.
1657 2093 1726 2132 22.

1065 2150 1144 2185 Nec
1173 2149 1281 2185 aliter
1313 2148 1392 2184 fere
1415 2147 1517 2199 apud
1545 2149 1727 2185 Nostrum

1065 2205 1130 2252 Vl,
1175 2207 1277 2245 102:
1318 2201 1629 2255 ἐπιτηδεῶτατον
1649 2218 1728 2255 χω-

1068 2261 1156 2313 ρίον
1173 2280 1219 2288 -
1233 2259 1484 2300 ἐνιππεῦσαι.
1509 2260 1728 2309 VH,59.—

1066 2319 1111 2354 In
1150 2318 1325 2368 proxime
1363 2331 1469 2369 seqq.
1516 2319 1728 2368 iunguntur

1073 2370 1254 2420 δεινός-τε
1274 2372 1339 2412 καὶ
1354 2372 1478 2423 σοφός
1489 2375 1662 2420 solemni,
1684 2379 1728 2410 ut

1071 2429 1244 2478 videtur,
1273 2443 1401 2477 more,
1440 2429 1486 2467 de
1516 2444 1592 2483 quo
1614 2443 1636 2467 a
1656 2429 1725 2469 Cr.

1069 2486 1244 2524 laudatus
1272 2486 1470 2524 Heindorf,
1499 2487 1548 2524 ad
1576 2488 1726 2524 Platon.

1071 2543 1235 2581 Pliaedr.
1263 2544 1299 2589 §.
1313 2543 1365 2585 50
1386 2556 1472 2594 pag.
1486 2543 1580 2590 245,
1601 2545 1729 2580 Hero-

1072 2599 1174 2638 dotei
1194 2601 1268 2637 loci
1287 2613 1364 2636 non
1386 2603 1604 2637 immemor.

1127 2656 1195 2695 ἵνα
1227 2657 1291 2706 ἴδη
1331 2671 1371 2694 τε
1399 2678 1453 2684 -
1484 2654 1622 2695 πολλοὶ
1651 2669 1727 2694 κω-

1069 2711 1185 2760 πέες]
1209 2714 1388 2760 „Abietes
1409 2712 1457 2749 ad
1476 2725 1591 2749 naves
1609 2711 1729 2748 fabri-

1071 2768 1209 2805 caudas
1232 2769 1299 2822 ἴδη
1324 2769 1502 2807 dicuntur
1521 2763 1728 2820 νανπηγή·
