<?xml version="1.0" encoding="UTF-8"?>
<!DOCTYPE html PUBLIC "-//W3C//DTD XHTML 1.0 Transitional//EN"
    "http://www.w3.org/TR/xhtml1/DTD/xhtml1-transitional.dtd">
<html xmlns="http://www.w3.org/1999/xhtml" xml:lang="en" lang="en">
 <head>
  <title>
</title>
<meta http-equiv="Content-Type" content="text/html;charset=utf-8" />
  <meta name='ocr-system' content='tesseract 3.04.00' />
  <meta name='ocr-capabilities' content='ocr_page ocr_carea ocr_par ocr_line ocrx_word'/>
</head>
<body>
  <div class='ocr_page' id='page_1' title='image "./musaeherodoto03hero/musaeherodoto03hero_0686.png"; bbox 0 0 1806 3181; ppageno 0'>
   <div class='ocr_carea' id='block_1_1' title="bbox 255 708 351 756">
    <p class='ocr_par' dir='ltr' id='par_1_1' title="bbox 255 708 351 756">
     <span class='ocr_line' id='line_1_1' title="bbox 255 708 351 756; baseline 0.021 -2"><span class='ocrx_word' id='word_1_1' title='bbox 255 708 351 756; x_wconf 83' lang='lat'><em>151</em></span> 
     </span>
    </p>
   </div>
   <div class='ocr_carea' id='block_1_2' title="bbox 416 119 499 159">
    <p class='ocr_par' dir='ltr' id='par_1_2' title="bbox 416 119 499 159">
     <span class='ocr_line' id='line_1_2' title="bbox 416 119 499 159; baseline -0.012 0"><span class='ocrx_word' id='word_1_2' title='bbox 416 119 499 159; x_wconf 77' lang='lat'><em>67⁰</em></span> 
     </span>
    </p>
   </div>
   <div class='ocr_carea' id='block_1_3' title="bbox 814 118 1275 182">
    <p class='ocr_par' dir='ltr' id='par_1_3' title="bbox 814 118 1275 182">
     <span class='ocr_line' id='line_1_3' title="bbox 814 118 1275 182; baseline 0.004 -29"><span class='ocrx_word' id='word_1_3' title='bbox 814 118 1275 182; x_wconf 51' lang='lat' dir='ltr'>HJiRODOTl</span> 
     </span>
    </p>
   </div>
   <div class='ocr_carea' id='block_1_4' title="bbox 388 225 1734 624">
    <p class='ocr_par' dir='ltr' id='par_1_4' title="bbox 388 225 1734 624">
     <span class='ocr_line' id='line_1_4' title="bbox 417 225 1679 286; baseline 0.003 -16"><span class='ocrx_word' id='word_1_4' title='bbox 417 225 625 283; x_wconf 61' lang='grc' dir='ltr'><em>»ἡσυχίην</em></span> <span class='ocrx_word' id='word_1_5' title='bbox 668 226 843 281; x_wconf 73' lang='grc' dir='ltr'><em>ἔχοντας</em></span> <span class='ocrx_word' id='word_1_6' title='bbox 884 228 1113 282; x_wconf 78' lang='grc' dir='ltr'><strong><em>κατῆσθαι.</em></strong></span> <span class='ocrx_word' id='word_1_7' title='bbox 1170 226 1225 283; x_wconf 74' lang='grc' dir='ltr'><em>ἢν</em></span> <span class='ocrx_word' id='word_1_8' title='bbox 1260 227 1344 283; x_wconf 72' lang='grc' dir='ltr'><em>γὰρ</em></span> <span class='ocrx_word' id='word_1_9' title='bbox 1372 227 1466 284; x_wconf 79' lang='grc' dir='ltr'><em>ἐμοὶ</em></span> <span class='ocrx_word' id='word_1_10' title='bbox 1504 230 1679 286; x_wconf 76' lang='grc' dir='ltr'><em>γένηται</em></span> 
     </span>
     <span class='ocr_line' id='line_1_5' title="bbox 388 292 1676 351; baseline 0.005 -16"><span class='ocrx_word' id='word_1_11' title='bbox 388 294 557 347; x_wconf 78' lang='grc' dir='ltr'><em>4,,κατοέ</em></span> <span class='ocrx_word' id='word_1_12' title='bbox 588 293 708 346; x_wconf 85' lang='grc' dir='ltr'><em>νόον,</em></span> <span class='ocrx_word' id='word_1_13' title='bbox 739 292 965 350; x_wconf 75' lang='grc' dir='ltr'><em>οὐδαμοῦς</em></span> <span class='ocrx_word' id='word_1_14' title='bbox 997 294 1178 350; x_wconf 79' lang='grc' dir='ltr'><em>μέζονας</em></span> <span class='ocrx_word' id='word_1_15' title='bbox 1206 294 1353 351; x_wconf 81' lang='grc' dir='ltr'><em>ὑμέων</em></span> <span class='ocrx_word' id='word_1_16' title='bbox 1371 296 1498 349; x_wconf 55' lang='grc' dir='ltr'><em>ἄξωέ(</em></span> <span class='ocrx_word' id='word_1_17' title='bbox 1565 301 1676 342; x_wconf 83' lang='grc' dir='ltr'><em>Ταΰ-</em></span> 
     </span>
     <span class='ocr_line' id='line_1_6' title="bbox 415 360 1678 422; baseline 0.003 -17"><span class='ocrx_word' id='word_1_18' title='bbox 415 379 469 405; x_wconf 90' lang='grc' dir='ltr'><em>τα</em></span> <span class='ocrx_word' id='word_1_19' title='bbox 508 360 781 413; x_wconf 70' lang='grc' dir='ltr'><em>ἀκούσαντας</em></span> <span class='ocrx_word' id='word_1_20' title='bbox 823 362 1043 419; x_wconf 76' lang='grc' dir='ltr'><strong><em>Ἀργείους</em></strong></span> <span class='ocrx_word' id='word_1_21' title='bbox 1088 361 1254 418; x_wconf 75' lang='grc' dir='ltr'><em>λέγεται</em></span> <span class='ocrx_word' id='word_1_22' title='bbox 1290 368 1469 420; x_wconf 78' lang='grc' dir='ltr'><em>πρῆγμα</em></span> <span class='ocrx_word' id='word_1_23' title='bbox 1497 365 1678 422; x_wconf 81' lang='grc' dir='ltr'><em>ποιήσα-</em></span> 
     </span>
     <span class='ocr_line' id='line_1_7' title="bbox 417 429 1734 490; baseline 0.001 -17"><span class='ocrx_word' id='word_1_24' title='bbox 417 435 549 481; x_wconf 73' lang='grc' dir='ltr'><em>σθαι,</em></span> <span class='ocrx_word' id='word_1_25' title='bbox 588 431 662 473; x_wconf 82' lang='grc' dir='ltr'><em>καὶ</em></span> <span class='ocrx_word' id='word_1_26' title='bbox 697 434 960 488; x_wconf 76' lang='grc' dir='ltr'><em>παραχρῆμα</em></span> <span class='ocrx_word' id='word_1_27' title='bbox 1000 431 1079 486; x_wconf 77' lang='grc' dir='ltr'><em>μὲν</em></span> <span class='ocrx_word' id='word_1_28' title='bbox 1123 429 1254 475; x_wconf 78' lang='grc' dir='ltr'><em>οὐδὲν</em></span> <span class='ocrx_word' id='word_1_29' title='bbox 1291 432 1734 490; x_wconf 78' lang='grc' dir='ltr'><em>ἐπαγγελλομένους75</em></span> 
     </span>
     <span class='ocr_line' id='line_1_8' title="bbox 415 497 1679 557; baseline 0.003 -16"><span class='ocrx_word' id='word_1_30' title='bbox 415 497 670 553; x_wconf 81' lang='grc' dir='ltr'><em>μεταιτέειν·</em></span> <span class='ocrx_word' id='word_1_31' title='bbox 701 498 790 543; x_wconf 77' lang='grc' dir='ltr'><em>ἐπεὶ</em></span> <span class='ocrx_word' id='word_1_32' title='bbox 821 500 867 543; x_wconf 84' lang='grc' dir='ltr'><em>δέ</em></span> <span class='ocrx_word' id='word_1_33' title='bbox 898 510 1033 555; x_wconf 75' lang='grc' dir='ltr'><em>σφεας</em></span> <span class='ocrx_word' id='word_1_34' title='bbox 1062 500 1422 557; x_wconf 81' lang='grc' dir='ltr'><em>παραλαμβάνειν</em></span> <span class='ocrx_word' id='word_1_35' title='bbox 1450 500 1553 552; x_wconf 80' lang='grc' dir='ltr'><em>τοὺς</em></span> <span class='ocrx_word' id='word_1_36' title='bbox 1570 501 1679 545; x_wconf 58' lang='lat' dir='ltr'><em>‘&#39;Eh-</em></span> 
     </span>
     <span class='ocr_line' id='line_1_9' title="bbox 413 565 1678 624; baseline 0.002 -15"><span class='ocrx_word' id='word_1_37' title='bbox 413 570 559 623; x_wconf 79' lang='grc' dir='ltr'><em>ληνας,</em></span> <span class='ocrx_word' id='word_1_38' title='bbox 591 565 705 610; x_wconf 84' lang='grc' dir='ltr'><em>οὕτω</em></span> <span class='ocrx_word' id='word_1_39' title='bbox 737 565 804 623; x_wconf 70' lang='grc' dir='ltr'><em>δή,</em></span> <span class='ocrx_word' id='word_1_40' title='bbox 835 567 1147 622; x_wconf 78' lang='grc' dir='ltr'><em>ἐπισταμένους</em></span> <span class='ocrx_word' id='word_1_41' title='bbox 1177 567 1245 610; x_wconf 81' lang='grc' dir='ltr'><em>ὅτι</em></span> <span class='ocrx_word' id='word_1_42' title='bbox 1285 568 1339 612; x_wconf 83' lang='grc' dir='ltr'><em>οὐ</em></span> <span class='ocrx_word' id='word_1_43' title='bbox 1378 568 1678 624; x_wconf 78' lang='grc' dir='ltr'><em>μεταδώσουσι</em></span> 
     </span>
    </p>
   </div>
   <div class='ocr_carea' id='block_1_5' title="bbox 413 634 1806 692">
    <p class='ocr_par' dir='ltr' id='par_1_5' title="bbox 413 634 1806 692">
     <span class='ocr_line' id='line_1_10' title="bbox 413 634 1806 692; baseline 0.001 -14"><span class='ocrx_word' id='word_1_44' title='bbox 413 638 488 691; x_wconf 83' lang='grc' dir='ltr'><em>τῆς</em></span> <span class='ocrx_word' id='word_1_45' title='bbox 527 634 659 692; x_wconf 71' lang='grc' dir='ltr'><em>ἀρχῆς</em></span> <span class='ocrx_word' id='word_1_46' title='bbox 699 634 1053 691; x_wconf 80' lang='grc' dir='ltr'><em>Λακεδαιμόνιοι,</em></span> <span class='ocrx_word' id='word_1_47' title='bbox 1082 636 1339 691; x_wconf 78' lang='grc' dir='ltr'><em>μεταιτέειν,</em></span> <span class='ocrx_word' id='word_1_48' title='bbox 1371 639 1443 681; x_wconf 76' lang='grc' dir='ltr'><em>ἵνα</em></span> <span class='ocrx_word' id='word_1_49' title='bbox 1476 636 1545 680; x_wconf 80' lang='grc' dir='ltr'><em>ἐπὶ</em></span> <span class='ocrx_word' id='word_1_50' title='bbox 1571 651 1676 692; x_wconf 78' lang='grc' dir='ltr'><em>προ·</em></span> <span class='ocrx_word' id='word_1_51' title='bbox 1733 648 1806 691; x_wconf 76' lang='grc'><em>574</em></span> 
     </span>
    </p>
   </div>
   <div class='ocr_carea' id='block_1_6' title="bbox 412 701 1734 828">
    <p class='ocr_par' dir='ltr' id='par_1_6' title="bbox 412 701 1734 828">
     <span class='ocr_line' id='line_1_11' title="bbox 412 701 1734 760; baseline -0.001 -14"><span class='ocrx_word' id='word_1_52' title='bbox 412 701 573 758; x_wconf 78' lang='grc' dir='ltr'><em>φάσιος</em></span> <span class='ocrx_word' id='word_1_53' title='bbox 601 702 785 760; x_wconf 75' lang='grc' dir='ltr'><em>ἡσυχίην</em></span> <span class='ocrx_word' id='word_1_54' title='bbox 815 702 964 760; x_wconf 75' lang='grc' dir='ltr'><em>ἄγωσι.</em></span> <span class='ocrx_word' id='word_1_55' title='bbox 1023 707 1271 759; x_wconf 86' lang='grc' dir='ltr'><em>Συμπεσεῖν</em></span> <span class='ocrx_word' id='word_1_56' title='bbox 1300 704 1347 748; x_wconf 80' lang='grc' dir='ltr'><em>δὲ</em></span> <span class='ocrx_word' id='word_1_57' title='bbox 1375 704 1574 748; x_wconf 82' lang='grc' dir='ltr'><em>τούτοισι</em></span> <span class='ocrx_word' id='word_1_58' title='bbox 1603 704 1677 748; x_wconf 78' lang='grc' dir='ltr'><em>καὶ</em></span> <span class='ocrx_word' id='word_1_59' title='bbox 1689 712 1734 746; x_wconf 88' lang='grc'><em>80</em></span> 
     </span>
     <span class='ocr_line' id='line_1_12' title="bbox 413 770 1679 828; baseline 0.001 -13"><span class='ocrx_word' id='word_1_60' title='bbox 413 770 540 815; x_wconf 84' lang='grc' dir='ltr'><em>τόνδε</em></span> <span class='ocrx_word' id='word_1_61' title='bbox 576 771 655 815; x_wconf 80' lang='grc' dir='ltr'><em>τόν</em></span> <span class='ocrx_word' id='word_1_62' title='bbox 691 771 826 828; x_wconf 84' lang='grc' dir='ltr'><em>λόγον</em></span> <span class='ocrx_word' id='word_1_63' title='bbox 867 772 1043 827; x_wconf 75' lang='grc' dir='ltr'><em>λέγουσί</em></span> <span class='ocrx_word' id='word_1_64' title='bbox 1081 783 1196 823; x_wconf 77' lang='grc' dir='ltr'><em>τινες</em></span> <span class='ocrx_word' id='word_1_65' title='bbox 1219 771 1448 828; x_wconf 85' lang='grc' dir='ltr'><em>Ἑλλήνων,</em></span> <span class='ocrx_word' id='word_1_66' title='bbox 1477 776 1679 817; x_wconf 83' lang='grc' dir='ltr'><em>πολλοῖσι</em></span> 
     </span>
    </p>
   </div>
   <div class='ocr_carea' id='block_1_7' title="bbox 347 918 1017 2781">
    <p class='ocr_par' dir='ltr' id='par_1_7' title="bbox 349 918 1017 1714">
     <span class='ocr_line' id='line_1_13' title="bbox 413 918 1012 976; baseline 0 -13"><span class='ocrx_word' id='word_1_67' title='bbox 413 918 622 975; x_wconf 72' lang='grc' dir='ltr'><em>ου’δαμοῦς</em></span> <span class='ocrx_word' id='word_1_68' title='bbox 654 922 820 974; x_wconf 82' lang='grc' dir='ltr'><em>μέζονας</em></span> <span class='ocrx_word' id='word_1_69' title='bbox 877 922 1012 976; x_wconf 67' lang='grc' dir='ltr'><em>’ὑμέων</em></span> 
     </span>
     <span class='ocr_line' id='line_1_14' title="bbox 357 977 1013 1030; baseline -0.003 -11"><span class='ocrx_word' id='word_1_70' title='bbox 357 977 466 1029; x_wconf 65' lang='grc' dir='ltr'><strong><em>ἄξω]</em></strong></span> <span class='ocrx_word' id='word_1_71' title='bbox 515 982 592 1018; x_wconf 83' lang='lat' dir='ltr'><em>Pro</em></span> <span class='ocrx_word' id='word_1_72' title='bbox 642 978 724 1030; x_wconf 78' lang='grc' dir='ltr'><em>ἅξω</em></span> <span class='ocrx_word' id='word_1_73' title='bbox 778 981 879 1018; x_wconf 81' lang='lat' dir='ltr'><em>male</em></span> <span class='ocrx_word' id='word_1_74' title='bbox 926 982 1013 1017; x_wconf 83' lang='lat' dir='ltr'>libri</span> 
     </span>
     <span class='ocr_line' id='line_1_15' title="bbox 356 1036 1015 1090; baseline 0.003 -17"><span class='ocrx_word' id='word_1_75' title='bbox 356 1036 516 1090; x_wconf 89' lang='lat' dir='ltr'>quidam</span> <span class='ocrx_word' id='word_1_76' title='bbox 556 1037 642 1086; x_wconf 72' lang='grc' dir='ltr'><strong><em>ἔξω.</em></strong></span> <span class='ocrx_word' id='word_1_77' title='bbox 703 1037 827 1075; x_wconf 82' lang='lat' dir='ltr'>Affert</span> <span class='ocrx_word' id='word_1_78' title='bbox 851 1039 1015 1075; x_wconf 80' lang='lat' dir='ltr'>Wesse-</span> 
     </span>
     <span class='ocr_line' id='line_1_16' title="bbox 354 1094 1014 1147; baseline 0.002 -17"><span class='ocrx_word' id='word_1_79' title='bbox 354 1094 450 1145; x_wconf 82' lang='lat' dir='ltr'>ling.</span> <span class='ocrx_word' id='word_1_80' title='bbox 479 1094 663 1132; x_wconf 87' lang='lat' dir='ltr'>Herodot.</span> <span class='ocrx_word' id='word_1_81' title='bbox 692 1097 740 1143; x_wconf 86' lang='lat' dir='ltr'><em>H,</em></span> <span class='ocrx_word' id='word_1_82' title='bbox 765 1098 845 1137; x_wconf 76' lang='lat'><em>172</em></span> <span class='ocrx_word' id='word_1_83' title='bbox 875 1102 911 1131; x_wconf 83' lang='lat' dir='ltr'><em>et</em></span> <span class='ocrx_word' id='word_1_84' title='bbox 937 1096 1014 1147; x_wconf 80' lang='lat' dir='ltr'><em>Sy-</em></span> 
     </span>
     <span class='ocr_line' id='line_1_17' title="bbox 355 1151 1014 1200; baseline 0.002 -13"><span class='ocrx_word' id='word_1_85' title='bbox 355 1164 433 1189; x_wconf 86' lang='lat' dir='ltr'><em>nes.</em></span> <span class='ocrx_word' id='word_1_86' title='bbox 465 1152 580 1189; x_wconf 85' lang='lat' dir='ltr'>Dion.</span> <span class='ocrx_word' id='word_1_87' title='bbox 609 1151 664 1192; x_wconf 83' lang='grc'><em>47</em></span> <span class='ocrx_word' id='word_1_88' title='bbox 672 1165 682 1198; x_wconf 81' lang='lat'><em>3</em></span> <span class='ocrx_word' id='word_1_89' title='bbox 714 1151 801 1189; x_wconf 78' lang='lat' dir='ltr'><em>add.</em></span> <span class='ocrx_word' id='word_1_90' title='bbox 822 1151 963 1189; x_wconf 84' lang='lat' dir='ltr'><strong>Herod.</strong></span> <span class='ocrx_word' id='word_1_91' title='bbox 984 1154 1014 1200; x_wconf 83' lang='lat' dir='ltr'><em>I,</em></span> 
     </span>
     <span class='ocr_line' id='line_1_18' title="bbox 356 1206 1016 1256; baseline 0 -11"><span class='ocrx_word' id='word_1_92' title='bbox 356 1206 450 1248; x_wconf 81' lang='lat'><strong>134.</strong></span> <span class='ocrx_word' id='word_1_93' title='bbox 469 1210 517 1256; x_wconf 81' lang='grc' dir='ltr'><em>Π,</em></span> <span class='ocrx_word' id='word_1_94' title='bbox 539 1211 603 1248; x_wconf 80' lang='lat'><em>83.</em></span> <span class='ocrx_word' id='word_1_95' title='bbox 623 1210 692 1256; x_wconf 82' lang='lat' dir='ltr'><em>IX,</em></span> <span class='ocrx_word' id='word_1_96' title='bbox 709 1211 748 1249; x_wconf 85' lang='lat'><em>7.</em></span> <span class='ocrx_word' id='word_1_97' title='bbox 777 1208 1016 1245; x_wconf 83' lang='lat' dir='ltr'><em>Valckenae-</em></span> 
     </span>
     <span class='ocr_line' id='line_1_19' title="bbox 354 1263 1015 1316; baseline 0.002 -15"><span class='ocrx_word' id='word_1_98' title='bbox 354 1265 430 1301; x_wconf 87' lang='lat' dir='ltr'>rius</span> <span class='ocrx_word' id='word_1_99' title='bbox 450 1263 545 1302; x_wconf 83' lang='lat' dir='ltr'><em>haec</em></span> <span class='ocrx_word' id='word_1_100' title='bbox 576 1266 691 1302; x_wconf 84' lang='lat' dir='ltr'>verba</span> <span class='ocrx_word' id='word_1_101' title='bbox 716 1266 769 1302; x_wconf 85' lang='lat' dir='ltr'>sic</span> <span class='ocrx_word' id='word_1_102' title='bbox 794 1266 951 1316; x_wconf 76' lang='lat' dir='ltr'>accipit,</span> <span class='ocrx_word' id='word_1_103' title='bbox 973 1272 1015 1302; x_wconf 84' lang='lat' dir='ltr'><em>ut</em></span> 
     </span>
     <span class='ocr_line' id='line_1_20' title="bbox 352 1317 1016 1374; baseline 0.006 -17"><span class='ocrx_word' id='word_1_104' title='bbox 352 1320 459 1358; x_wconf 84' lang='lat' dir='ltr'><em>idem</em></span> <span class='ocrx_word' id='word_1_105' title='bbox 487 1323 640 1360; x_wconf 83' lang='lat' dir='ltr'>valeant</span> <span class='ocrx_word' id='word_1_106' title='bbox 667 1329 781 1374; x_wconf 84' lang='lat' dir='ltr'>atque</span> <span class='ocrx_word' id='word_1_107' title='bbox 811 1317 1016 1373; x_wconf 76' lang='grc' dir='ltr'><em>ου’δαμοῦς</em></span> 
     </span>
     <span class='ocr_line' id='line_1_21' title="bbox 352 1377 1017 1433; baseline 0 -16"><span class='ocrx_word' id='word_1_108' title='bbox 352 1377 607 1430; x_wconf 78' lang='grc' dir='ltr'><em>τιμιωτέρους</em></span> <span class='ocrx_word' id='word_1_109' title='bbox 622 1381 683 1417; x_wconf 85' lang='lat' dir='ltr'><em>vel</em></span> <span class='ocrx_word' id='word_1_110' title='bbox 695 1378 736 1418; x_wconf 82' lang='grc' dir='ltr'><em>ἐν</em></span> <span class='ocrx_word' id='word_1_111' title='bbox 758 1379 910 1431; x_wconf 82' lang='grc' dir='ltr'><em>μείζονι</em></span> <span class='ocrx_word' id='word_1_112' title='bbox 919 1381 1017 1433; x_wconf 75' lang='grc' dir='ltr'><em>τιμῇ</em></span> 
     </span>
     <span class='ocr_line' id='line_1_22' title="bbox 352 1432 1016 1483; baseline 0 -9"><span class='ocrx_word' id='word_1_113' title='bbox 352 1432 457 1483; x_wconf 58' lang='lat' dir='ltr'><em>sigeo:</em></span> <span class='ocrx_word' id='word_1_114' title='bbox 488 1436 603 1473; x_wconf 74' lang='lat' dir='ltr'><em>nullos</em></span> <span class='ocrx_word' id='word_1_115' title='bbox 635 1437 765 1474; x_wconf 71' lang='lat' dir='ltr'><em>habebo</em></span> <span class='ocrx_word' id='word_1_116' title='bbox 787 1436 860 1473; x_wconf 85' lang='lat' dir='ltr'>loco</span> <span class='ocrx_word' id='word_1_117' title='bbox 886 1438 1016 1474; x_wconf 77' lang='lat' dir='ltr'>maiori</span> 
     </span>
     <span class='ocr_line' id='line_1_23' title="bbox 351 1492 1013 1543; baseline 0 -14"><span class='ocrx_word' id='word_1_118' title='bbox 351 1506 381 1530; x_wconf 90' lang='lat' dir='ltr'><em>s.</em></span> <span class='ocrx_word' id='word_1_119' title='bbox 400 1495 543 1543; x_wconf 75' lang='lat' dir='ltr'>potiori.</span> <span class='ocrx_word' id='word_1_120' title='bbox 574 1513 627 1520; x_wconf 95' lang='lat'><em>—-</em></span> <span class='ocrx_word' id='word_1_121' title='bbox 685 1492 749 1530; x_wconf 85' lang='lat' dir='ltr'><em>Ad</em></span> <span class='ocrx_word' id='word_1_122' title='bbox 777 1494 1013 1530; x_wconf 83' lang='lat' dir='ltr'>locutionem</span> 
     </span>
     <span class='ocr_line' id='line_1_24' title="bbox 349 1546 1014 1600; baseline -0.003 -12"><span class='ocrx_word' id='word_1_123' title='bbox 349 1551 514 1600; x_wconf 83' lang='grc' dir='ltr'><em>πρῆγμα</em></span> <span class='ocrx_word' id='word_1_124' title='bbox 534 1546 788 1600; x_wconf 76' lang='grc' dir='ltr'><em>ποιήσασθαι</em></span> <span class='ocrx_word' id='word_1_125' title='bbox 809 1549 867 1599; x_wconf 85' lang='lat' dir='ltr'><em>(i.</em></span> <span class='ocrx_word' id='word_1_126' title='bbox 889 1563 921 1589; x_wconf 87' lang='lat' dir='ltr'><em>e.</em></span> <span class='ocrx_word' id='word_1_127' title='bbox 941 1563 1014 1587; x_wconf 76' lang='lat' dir='ltr'><em>rem</em></span> 
     </span>
     <span class='ocr_line' id='line_1_25' title="bbox 350 1606 1013 1657; baseline 0.002 -14"><span class='ocrx_word' id='word_1_128' title='bbox 350 1606 505 1644; x_wconf 75' lang='lat' dir='ltr'><em>alicuius</em></span> <span class='ocrx_word' id='word_1_129' title='bbox 521 1608 682 1643; x_wconf 76' lang='lat' dir='ltr'><em>momenti</em></span> <span class='ocrx_word' id='word_1_130' title='bbox 700 1607 770 1643; x_wconf 73' lang='lat' dir='ltr'>sibi</span> <span class='ocrx_word' id='word_1_131' title='bbox 780 1606 915 1657; x_wconf 80' lang='lat' dir='ltr'><em>facere,</em></span> <span class='ocrx_word' id='word_1_132' title='bbox 944 1619 1013 1644; x_wconf 83' lang='lat' dir='ltr'><em>non</em></span> 
     </span>
     <span class='ocr_line' id='line_1_26' title="bbox 350 1660 857 1714; baseline -0.004 -13"><span class='ocrx_word' id='word_1_133' title='bbox 350 1660 551 1714; x_wconf 74' lang='lat' dir='ltr'><em>negligere)</em></span> <span class='ocrx_word' id='word_1_134' title='bbox 584 1663 685 1700; x_wconf 88' lang='lat' dir='ltr'>conf.</span> <span class='ocrx_word' id='word_1_135' title='bbox 705 1664 769 1711; x_wconf 87' lang='lat' dir='ltr'><em>VI,</em></span> <span class='ocrx_word' id='word_1_136' title='bbox 791 1665 857 1703; x_wconf 82' lang='lat'><em>63.</em></span> 
     </span>
    </p>

    <p class='ocr_par' dir='ltr' id='par_1_8' title="bbox 347 1717 1013 2781">
     <span class='ocr_line' id='line_1_27' title="bbox 404 1717 1008 1772; baseline -0.002 -13"><span class='ocrx_word' id='word_1_137' title='bbox 404 1719 766 1772; x_wconf 79' lang='grc' dir='ltr'><em>ἐπαγγελλομένους</em></span> <span class='ocrx_word' id='word_1_138' title='bbox 776 1717 1008 1771; x_wconf 81' lang='grc' dir='ltr'><em>μεταιτέειν]</em></span> 
     </span>
     <span class='ocr_line' id='line_1_28' title="bbox 352 1774 1013 1829; baseline -0.005 -12"><span class='ocrx_word' id='word_1_139' title='bbox 352 1776 565 1829; x_wconf 83' lang='grc' dir='ltr'><em>μεταιτέειν</em></span> <span class='ocrx_word' id='word_1_140' title='bbox 592 1775 747 1814; x_wconf 84' lang='lat' dir='ltr'>Reiskio</span> <span class='ocrx_word' id='word_1_141' title='bbox 781 1774 1013 1814; x_wconf 84' lang='lat' dir='ltr'><em>mutandum</em></span> 
     </span>
     <span class='ocr_line' id='line_1_29' title="bbox 350 1833 1011 1883; baseline -0.003 -11"><span class='ocrx_word' id='word_1_142' title='bbox 350 1834 551 1873; x_wconf 81' lang='lat' dir='ltr'>videbatur</span> <span class='ocrx_word' id='word_1_143' title='bbox 584 1835 625 1870; x_wconf 87' lang='lat' dir='ltr'>iu</span> <span class='ocrx_word' id='word_1_144' title='bbox 657 1835 824 1883; x_wconf 82' lang='grc' dir='ltr'><em>μετίειν,</em></span> <span class='ocrx_word' id='word_1_145' title='bbox 843 1833 1011 1871; x_wconf 82' lang='lat' dir='ltr'>Valcke-</span> 
     </span>
     <span class='ocr_line' id='line_1_30' title="bbox 349 1890 1009 1943; baseline -0.002 -15"><span class='ocrx_word' id='word_1_146' title='bbox 349 1893 477 1929; x_wconf 87' lang='lat' dir='ltr'>naerio</span> <span class='ocrx_word' id='word_1_147' title='bbox 498 1905 649 1943; x_wconf 86' lang='lat' dir='ltr'>prorsus</span> <span class='ocrx_word' id='word_1_148' title='bbox 662 1890 880 1938; x_wconf 83' lang='lat' dir='ltr'><em>delendum,</em></span> <span class='ocrx_word' id='word_1_149' title='bbox 894 1893 1009 1943; x_wconf 90' lang='lat' dir='ltr'>quip-</span> 
     </span>
     <span class='ocr_line' id='line_1_31' title="bbox 349 1948 1007 2000; baseline -0.002 -14"><span class='ocrx_word' id='word_1_150' title='bbox 349 1963 398 2000; x_wconf 88' lang='lat' dir='ltr'><em>pe</em></span> <span class='ocrx_word' id='word_1_151' title='bbox 410 1963 430 1985; x_wconf 84' lang='lat' dir='ltr'>e</span> <span class='ocrx_word' id='word_1_152' title='bbox 440 1950 572 1987; x_wconf 86' lang='lat' dir='ltr'>vicinis</span> <span class='ocrx_word' id='word_1_153' title='bbox 584 1948 660 1985; x_wconf 86' lang='lat' dir='ltr'><em>huc</em></span> <span class='ocrx_word' id='word_1_154' title='bbox 672 1949 889 1999; x_wconf 80' lang='lat' dir='ltr'><em>repetitum.</em></span> <span class='ocrx_word' id='word_1_155' title='bbox 911 1948 1007 1985; x_wconf 88' lang='lat' dir='ltr'>Mihi</span> 
     </span>
     <span class='ocr_line' id='line_1_32' title="bbox 348 2004 1008 2056; baseline -0.002 -14"><span class='ocrx_word' id='word_1_156' title='bbox 348 2007 472 2056; x_wconf 86' lang='lat' dir='ltr'>placet</span> <span class='ocrx_word' id='word_1_157' title='bbox 488 2004 841 2056; x_wconf 77' lang='lat' dir='ltr'>Schweighaeuseri</span> <span class='ocrx_word' id='word_1_158' title='bbox 851 2013 1008 2042; x_wconf 80' lang='lat' dir='ltr'><em>senten-</em></span> 
     </span>
     <span class='ocr_line' id='line_1_33' title="bbox 351 2061 1008 2111; baseline 0.002 -13"><span class='ocrx_word' id='word_1_159' title='bbox 351 2064 415 2099; x_wconf 86' lang='lat' dir='ltr'>tia:</span> <span class='ocrx_word' id='word_1_160' title='bbox 438 2062 578 2111; x_wconf 80' lang='lat' dir='ltr'>„Nihil‚</span> <span class='ocrx_word' id='word_1_161' title='bbox 601 2064 673 2111; x_wconf 83' lang='lat' dir='ltr'>ait,</span> <span class='ocrx_word' id='word_1_162' title='bbox 695 2076 766 2099; x_wconf 79' lang='lat' dir='ltr'><em>nec</em></span> <span class='ocrx_word' id='word_1_163' title='bbox 776 2061 1008 2099; x_wconf 83' lang='lat' dir='ltr'><em>mutandum</em></span> 
     </span>
     <span class='ocr_line' id='line_1_34' title="bbox 352 2115 1009 2171; baseline 0.005 -16"><span class='ocrx_word' id='word_1_164' title='bbox 352 2132 424 2156; x_wconf 88' lang='lat' dir='ltr'><em>nec</em></span> <span class='ocrx_word' id='word_1_165' title='bbox 447 2118 666 2164; x_wconf 85' lang='lat' dir='ltr'><em>delendum,</em></span> <span class='ocrx_word' id='word_1_166' title='bbox 684 2115 804 2159; x_wconf 80' lang='grc' dir='ltr'><em>ου’δὲν</em></span> <span class='ocrx_word' id='word_1_167' title='bbox 820 2118 1009 2171; x_wconf 78' lang='grc' dir='ltr'><em>ἐπαγγελ-</em></span> 
     </span>
     <span class='ocr_line' id='line_1_35' title="bbox 348 2173 1008 2227; baseline -0.005 -12"><span class='ocrx_word' id='word_1_168' title='bbox 348 2173 542 2227; x_wconf 84' lang='grc' dir='ltr'><em>λομένους</em></span> <span class='ocrx_word' id='word_1_169' title='bbox 564 2174 777 2225; x_wconf 81' lang='grc' dir='ltr'><em>μεταιτέειν</em></span> <span class='ocrx_word' id='word_1_170' title='bbox 794 2175 898 2212; x_wconf 89' lang='lat' dir='ltr'><em>idem</em></span> <span class='ocrx_word' id='word_1_171' title='bbox 907 2177 1008 2213; x_wconf 86' lang='lat' dir='ltr'>valet</span> 
     </span>
     <span class='ocr_line' id='line_1_36' title="bbox 350 2228 1008 2284; baseline 0 -14"><span class='ocrx_word' id='word_1_172' title='bbox 350 2240 464 2284; x_wconf 84' lang='lat' dir='ltr'>atque</span> <span class='ocrx_word' id='word_1_173' title='bbox 477 2228 595 2272; x_wconf 78' lang='grc' dir='ltr'><em>ου’δὲν</em></span> <span class='ocrx_word' id='word_1_174' title='bbox 619 2230 927 2282; x_wconf 78' lang='grc' dir='ltr'><em>ἐπαγγέλλεσθαι</em></span> <span class='ocrx_word' id='word_1_175' title='bbox 940 2231 1008 2270; x_wconf 73' lang='grc' dir='ltr'><em>καὶ</em></span> 
     </span>
     <span class='ocr_line' id='line_1_37' title="bbox 350 2285 1009 2340; baseline -0.008 -11"><span class='ocrx_word' id='word_1_176' title='bbox 350 2285 470 2329; x_wconf 73' lang='grc' dir='ltr'><em>οὐδὲν</em></span> <span class='ocrx_word' id='word_1_177' title='bbox 481 2287 706 2340; x_wconf 81' lang='grc' dir='ltr'><em>μεταιτέειν.</em></span> <span class='ocrx_word' id='word_1_178' title='bbox 727 2289 881 2324; x_wconf 82' lang='lat' dir='ltr'>Poterat</span> <span class='ocrx_word' id='word_1_179' title='bbox 903 2287 1009 2325; x_wconf 87' lang='lat' dir='ltr'>dice-</span> 
     </span>
     <span class='ocr_line' id='line_1_38' title="bbox 349 2340 1009 2397; baseline -0.002 -14"><span class='ocrx_word' id='word_1_180' title='bbox 349 2360 390 2383; x_wconf 88' lang='lat' dir='ltr'><em>re</em></span> <span class='ocrx_word' id='word_1_181' title='bbox 417 2347 594 2397; x_wconf 83' lang='lat' dir='ltr'><strong>scriptor:</strong></span> <span class='ocrx_word' id='word_1_182' title='bbox 639 2340 758 2384; x_wconf 75' lang='grc' dir='ltr'><em>οὕδὲν</em></span> <span class='ocrx_word' id='word_1_183' title='bbox 780 2343 1009 2396; x_wconf 78' lang='grc' dir='ltr'><em>ἐπαγγελλο-</em></span> 
     </span>
     <span class='ocr_line' id='line_1_39' title="bbox 349 2396 1006 2454; baseline -0.008 -11"><span class='ocrx_word' id='word_1_184' title='bbox 349 2401 493 2454; x_wconf 85' lang='grc' dir='ltr'><em>μένους</em></span> <span class='ocrx_word' id='word_1_185' title='bbox 514 2397 608 2442; x_wconf 77' lang='grc' dir='ltr'><em>οὖδὲ</em></span> <span class='ocrx_word' id='word_1_186' title='bbox 631 2399 844 2453; x_wconf 82' lang='grc' dir='ltr'><em>μεταιτέειν</em></span> <span class='ocrx_word' id='word_1_187' title='bbox 864 2396 1006 2449; x_wconf 69' lang='grc' dir='ltr'><em>ου’ὂένς</em></span> 
     </span>
     <span class='ocr_line' id='line_1_40' title="bbox 348 2456 1006 2509; baseline -0.006 -12"><span class='ocrx_word' id='word_1_188' title='bbox 348 2459 415 2497; x_wconf 86' lang='lat' dir='ltr'><em>sed</em></span> <span class='ocrx_word' id='word_1_189' title='bbox 433 2461 611 2509; x_wconf 82' lang='lat' dir='ltr'>vulgatae</span> <span class='ocrx_word' id='word_1_190' title='bbox 643 2459 849 2509; x_wconf 82' lang='lat' dir='ltr'><strong>scripturae</strong></span> <span class='ocrx_word' id='word_1_191' title='bbox 869 2456 1006 2494; x_wconf 85' lang='lat' dir='ltr'><em>eadem</em></span> 
     </span>
     <span class='ocr_line' id='line_1_41' title="bbox 349 2514 1006 2564; baseline -0.003 -12"><span class='ocrx_word' id='word_1_192' title='bbox 349 2517 471 2554; x_wconf 88' lang='lat' dir='ltr'>inesse</span> <span class='ocrx_word' id='word_1_193' title='bbox 486 2515 636 2553; x_wconf 82' lang='lat' dir='ltr'>videtur</span> <span class='ocrx_word' id='word_1_194' title='bbox 654 2515 852 2552; x_wconf 80' lang='lat' dir='ltr'><em>sententia.</em></span> <span class='ocrx_word' id='word_1_195' title='bbox 872 2514 1006 2564; x_wconf 81' lang='lat' dir='ltr'>Argivi</span> 
     </span>
     <span class='ocr_line' id='line_1_42' title="bbox 350 2571 1006 2624; baseline -0.003 -14"><span class='ocrx_word' id='word_1_196' title='bbox 350 2574 539 2624; x_wconf 86' lang='lat' dir='ltr'>primum,</span> <span class='ocrx_word' id='word_1_197' title='bbox 568 2576 609 2610; x_wconf 85' lang='lat' dir='ltr'><em>ut</em></span> <span class='ocrx_word' id='word_1_198' title='bbox 644 2571 733 2610; x_wconf 70' lang='lat' dir='ltr'><em>nihil</em></span> <span class='ocrx_word' id='word_1_199' title='bbox 771 2571 812 2609; x_wconf 83' lang='lat' dir='ltr'><em>de</em></span> <span class='ocrx_word' id='word_1_200' title='bbox 844 2573 1006 2609; x_wconf 78' lang='lat' dir='ltr'><em>societate</em></span> 
     </span>
     <span class='ocr_line' id='line_1_43' title="bbox 347 2626 1006 2680; baseline -0.003 -14"><span class='ocrx_word' id='word_1_201' title='bbox 347 2630 501 2680; x_wconf 79' lang='lat' dir='ltr'><em>professi</em></span> <span class='ocrx_word' id='word_1_202' title='bbox 518 2636 582 2667; x_wconf 86' lang='lat' dir='ltr'><em>aut</em></span> <span class='ocrx_word' id='word_1_203' title='bbox 602 2629 756 2680; x_wconf 82' lang='lat' dir='ltr'>polliciti</span> <span class='ocrx_word' id='word_1_204' title='bbox 778 2632 900 2676; x_wconf 68' lang='lat' dir='ltr'><em>erantg</em></span> <span class='ocrx_word' id='word_1_205' title='bbox 921 2626 1006 2675; x_wconf 91' lang='lat' dir='ltr'><em>(nec</em></span> 
     </span>
     <span class='ocr_line' id='line_1_44' title="bbox 352 2687 1008 2736; baseline -0.002 -14"><span class='ocrx_word' id='word_1_206' title='bbox 352 2688 455 2723; x_wconf 87' lang='lat' dir='ltr'><em>enim</em></span> <span class='ocrx_word' id='word_1_207' title='bbox 475 2699 565 2724; x_wconf 89' lang='lat' dir='ltr'><em>cum</em></span> <span class='ocrx_word' id='word_1_208' title='bbox 585 2687 664 2723; x_wconf 86' lang='lat' dir='ltr'>aliis</span> <span class='ocrx_word' id='word_1_209' title='bbox 684 2687 862 2722; x_wconf 83' lang='lat' dir='ltr'>Graeciae</span> <span class='ocrx_word' id='word_1_210' title='bbox 881 2697 1008 2736; x_wconf 86' lang='lat' dir='ltr'>popu-</span> 
     </span>
     <span class='ocr_line' id='line_1_45' title="bbox 352 2742 1009 2781; baseline -0.002 -2"><span class='ocrx_word' id='word_1_211' title='bbox 352 2743 395 2780; x_wconf 88' lang='lat' dir='ltr'>lis</span> <span class='ocrx_word' id='word_1_212' title='bbox 425 2742 472 2780; x_wconf 81' lang='lat' dir='ltr'><em>ad</em></span> <span class='ocrx_word' id='word_1_213' title='bbox 504 2742 791 2781; x_wconf 85' lang='lat' dir='ltr'>deliberandum</span> <span class='ocrx_word' id='word_1_214' title='bbox 817 2754 1009 2781; x_wconf 84' lang='lat' dir='ltr'><em>convene-</em></span> 
     </span>
    </p>
   </div>
   <div class='ocr_carea' id='block_1_8' title="bbox 1060 923 1733 2792">
    <p class='ocr_par' dir='ltr' id='par_1_9' title="bbox 1063 923 1733 2393">
     <span class='ocr_line' id='line_1_46' title="bbox 1069 923 1733 976; baseline 0.002 -15"><span class='ocrx_word' id='word_1_215' title='bbox 1069 931 1166 974; x_wconf 83' lang='lat' dir='ltr'><strong>rant,</strong></span> <span class='ocrx_word' id='word_1_216' title='bbox 1206 938 1240 964; x_wconf 84' lang='grc' dir='ltr'><em>ο.</em></span> <span class='ocrx_word' id='word_1_217' title='bbox 1271 923 1349 965; x_wconf 83' lang='grc'><em>145</em></span> <span class='ocrx_word' id='word_1_218' title='bbox 1371 931 1407 961; x_wconf 86' lang='lat' dir='ltr'><em>et</em></span> <span class='ocrx_word' id='word_1_219' title='bbox 1428 923 1534 976; x_wconf 76' lang='lat'>148)</span> <span class='ocrx_word' id='word_1_220' title='bbox 1564 927 1618 963; x_wconf 71' lang='lat' dir='ltr'><em>ita</em></span> <span class='ocrx_word' id='word_1_221' title='bbox 1643 925 1733 962; x_wconf 75' lang='lat' dir='ltr'>nihil</span> 
     </span>
     <span class='ocr_line' id='line_1_47' title="bbox 1072 982 1732 1031; baseline -0.002 -12"><span class='ocrx_word' id='word_1_222' title='bbox 1072 982 1150 1031; x_wconf 88' lang='lat' dir='ltr'><em>(vel</em></span> <span class='ocrx_word' id='word_1_223' title='bbox 1171 982 1217 1018; x_wconf 80' lang='lat' dir='ltr'><em>ab</em></span> <span class='ocrx_word' id='word_1_224' title='bbox 1251 982 1332 1018; x_wconf 89' lang='lat' dir='ltr'>aliis</span> <span class='ocrx_word' id='word_1_225' title='bbox 1363 982 1516 1018; x_wconf 83' lang='lat' dir='ltr'>Graecis</span> <span class='ocrx_word' id='word_1_226' title='bbox 1537 983 1600 1020; x_wconf 85' lang='lat' dir='ltr'><em>vel</em></span> <span class='ocrx_word' id='word_1_227' title='bbox 1619 994 1642 1018; x_wconf 90' lang='lat' dir='ltr'>a</span> <span class='ocrx_word' id='word_1_228' title='bbox 1655 983 1732 1019; x_wconf 87' lang='lat' dir='ltr'><em>La-</em></span> 
     </span>
     <span class='ocr_line' id='line_1_48' title="bbox 1072 1037 1733 1089; baseline 0 -13"><span class='ocrx_word' id='word_1_229' title='bbox 1072 1037 1354 1085; x_wconf 82' lang='lat' dir='ltr'>cedaemoniis)</span> <span class='ocrx_word' id='word_1_230' title='bbox 1384 1040 1537 1076; x_wconf 76' lang='lat' dir='ltr'><em>vicissim</em></span> <span class='ocrx_word' id='word_1_231' title='bbox 1565 1039 1733 1089; x_wconf 80' lang='lat' dir='ltr'><em>postula-</em></span> 
     </span>
     <span class='ocr_line' id='line_1_49' title="bbox 1070 1090 1731 1146; baseline 0.005 -14"><span class='ocrx_word' id='word_1_232' title='bbox 1070 1099 1205 1133; x_wconf 76' lang='lat' dir='ltr'><em>verant.</em></span> <span class='ocrx_word' id='word_1_233' title='bbox 1262 1097 1307 1131; x_wconf 87' lang='lat' dir='ltr'><em>In</em></span> <span class='ocrx_word' id='word_1_234' title='bbox 1326 1096 1442 1132; x_wconf 84' lang='lat' dir='ltr'>verbo</span> <span class='ocrx_word' id='word_1_235' title='bbox 1468 1090 1731 1146; x_wconf 74' lang='grc' dir='ltr'><em>παραλαμβά-</em></span> 
     </span>
     <span class='ocr_line' id='line_1_50' title="bbox 1073 1150 1732 1204; baseline -0.006 -12"><span class='ocrx_word' id='word_1_236' title='bbox 1073 1167 1158 1192; x_wconf 86' lang='grc' dir='ltr'><em>νειν</em></span> <span class='ocrx_word' id='word_1_237' title='bbox 1171 1182 1181 1201; x_wconf 81' lang='lat'>,</span> <span class='ocrx_word' id='word_1_238' title='bbox 1212 1150 1316 1204; x_wconf 86' lang='lat' dir='ltr'>quod</span> <span class='ocrx_word' id='word_1_239' title='bbox 1337 1153 1597 1204; x_wconf 77' lang='lat' dir='ltr'>consequitur,</span> <span class='ocrx_word' id='word_1_240' title='bbox 1617 1153 1732 1202; x_wconf 82' lang='lat' dir='ltr'>poni-</span> 
     </span>
     <span class='ocr_line' id='line_1_51' title="bbox 1072 1208 1731 1260; baseline -0.002 -14"><span class='ocrx_word' id='word_1_241' title='bbox 1072 1216 1134 1246; x_wconf 75' lang='lat' dir='ltr'>tur</span> <span class='ocrx_word' id='word_1_242' title='bbox 1147 1208 1206 1259; x_wconf 80' lang='lat' dir='ltr'><em>(ut</em></span> <span class='ocrx_word' id='word_1_243' title='bbox 1225 1222 1405 1260; x_wconf 78' lang='lat' dir='ltr'>persaepe</span> <span class='ocrx_word' id='word_1_244' title='bbox 1421 1208 1524 1259; x_wconf 84' lang='lat' dir='ltr'>apud</span> <span class='ocrx_word' id='word_1_245' title='bbox 1532 1208 1731 1260; x_wconf 83' lang='lat' dir='ltr'>Nostrum)</span> 
     </span>
     <span class='ocr_line' id='line_1_52' title="bbox 1072 1266 1732 1317; baseline 0 -15"><span class='ocrx_word' id='word_1_246' title='bbox 1072 1267 1169 1303; x_wconf 85' lang='lat' dir='ltr'>actio</span> <span class='ocrx_word' id='word_1_247' title='bbox 1205 1279 1273 1317; x_wconf 90' lang='lat' dir='ltr'>pro</span> <span class='ocrx_word' id='word_1_248' title='bbox 1301 1266 1496 1302; x_wconf 79' lang='lat' dir='ltr'><em>voluntate</em></span> <span class='ocrx_word' id='word_1_249' title='bbox 1526 1272 1563 1302; x_wconf 85' lang='lat' dir='ltr'><em>et</em></span> <span class='ocrx_word' id='word_1_250' title='bbox 1593 1272 1732 1302; x_wconf 79' lang='lat' dir='ltr'>conatu</span> 
     </span>
     <span class='ocr_line' id='line_1_53' title="bbox 1072 1322 1733 1373; baseline 0.002 -14"><span class='ocrx_word' id='word_1_251' title='bbox 1072 1322 1223 1373; x_wconf 77' lang='lat' dir='ltr'>agendi,</span> <span class='ocrx_word' id='word_1_252' title='bbox 1237 1322 1419 1360; x_wconf 75' lang='lat' dir='ltr'><em>adsumere</em></span> <span class='ocrx_word' id='word_1_253' title='bbox 1435 1335 1505 1373; x_wconf 88' lang='lat' dir='ltr'>pro</span> <span class='ocrx_word' id='word_1_254' title='bbox 1526 1324 1648 1360; x_wconf 81' lang='lat' dir='ltr'>conari</span> <span class='ocrx_word' id='word_1_255' title='bbox 1664 1322 1733 1360; x_wconf 84' lang='lat' dir='ltr'><em>ad-</em></span> 
     </span>
     <span class='ocr_line' id='line_1_54' title="bbox 1072 1379 1730 1428; baseline -0.002 -11"><span class='ocrx_word' id='word_1_256' title='bbox 1072 1392 1213 1428; x_wconf 73' lang='lat' dir='ltr'><em>sumere,</em></span> <span class='ocrx_word' id='word_1_257' title='bbox 1228 1381 1382 1417; x_wconf 80' lang='lat' dir='ltr'><em>invitare</em></span> <span class='ocrx_word' id='word_1_258' title='bbox 1398 1379 1448 1416; x_wconf 83' lang='lat' dir='ltr'><em>acl</em></span> <span class='ocrx_word' id='word_1_259' title='bbox 1458 1379 1730 1417; x_wconf 74' lang='lat' dir='ltr'><em>contrahendam</em></span> 
     </span>
     <span class='ocr_line' id='line_1_55' title="bbox 1071 1435 1730 1488; baseline -0.002 -14"><span class='ocrx_word' id='word_1_260' title='bbox 1071 1439 1279 1475; x_wconf 67' lang='lat' dir='ltr'><em>societatem.</em></span> <span class='ocrx_word' id='word_1_261' title='bbox 1315 1437 1378 1474; x_wconf 87' lang='lat' dir='ltr'>Sic</span> <span class='ocrx_word' id='word_1_262' title='bbox 1389 1435 1492 1473; x_wconf 87' lang='lat' dir='ltr'><em>idem</em></span> <span class='ocrx_word' id='word_1_263' title='bbox 1503 1437 1630 1488; x_wconf 87' lang='lat' dir='ltr'>ipsum</span> <span class='ocrx_word' id='word_1_264' title='bbox 1641 1449 1730 1474; x_wconf 85' lang='lat' dir='ltr'>ver-</span> 
     </span>
     <span class='ocr_line' id='line_1_56' title="bbox 1069 1490 1730 1545; baseline 0 -15"><span class='ocrx_word' id='word_1_265' title='bbox 1069 1494 1165 1530; x_wconf 87' lang='lat' dir='ltr'><em>bum</em></span> <span class='ocrx_word' id='word_1_266' title='bbox 1198 1490 1527 1545; x_wconf 66' lang='grc' dir='ltr'><em>παραλαμβάνειν</em></span> <span class='ocrx_word' id='word_1_267' title='bbox 1574 1494 1730 1544; x_wconf 84' lang='lat' dir='ltr'>ponitur</span> 
     </span>
     <span class='ocr_line' id='line_1_57' title="bbox 1069 1550 1729 1602; baseline -0.002 -15"><span class='ocrx_word' id='word_1_268' title='bbox 1069 1565 1129 1602; x_wconf 85' lang='lat' dir='ltr'><em>cp.</em></span> <span class='ocrx_word' id='word_1_269' title='bbox 1154 1553 1231 1591; x_wconf 80' lang='grc'><em>168</em></span> <span class='ocrx_word' id='word_1_270' title='bbox 1255 1557 1291 1586; x_wconf 86' lang='lat' dir='ltr'><em>et</em></span> <span class='ocrx_word' id='word_1_271' title='bbox 1315 1551 1435 1591; x_wconf 57' lang='lat' dir='ltr'><em>169st</em></span> <span class='ocrx_word' id='word_1_272' title='bbox 1454 1572 1511 1577; x_wconf 89' lang='lat'>—</span> <span class='ocrx_word' id='word_1_273' title='bbox 1529 1550 1592 1587; x_wconf 86' lang='lat' dir='ltr'><em>Ad</em></span> <span class='ocrx_word' id='word_1_274' title='bbox 1613 1563 1729 1600; x_wconf 81' lang='lat' dir='ltr'>argu-</span> 
     </span>
     <span class='ocr_line' id='line_1_58' title="bbox 1067 1605 1724 1645; baseline 0 -2"><span class='ocrx_word' id='word_1_275' title='bbox 1067 1614 1245 1643; x_wconf 78' lang='lat' dir='ltr'><em>mentum</em></span> <span class='ocrx_word' id='word_1_276' title='bbox 1282 1607 1357 1643; x_wconf 86' lang='lat' dir='ltr'>loci</span> <span class='ocrx_word' id='word_1_277' title='bbox 1389 1607 1491 1643; x_wconf 86' lang='lat' dir='ltr'><em>conf.</em></span> <span class='ocrx_word' id='word_1_278' title='bbox 1529 1605 1724 1645; x_wconf 83' lang='lat' dir='ltr'>Plutarch.</span> 
     </span>
     <span class='ocr_line' id='line_1_59' title="bbox 1066 1661 1728 1715; baseline 0.005 -15"><span class='ocrx_word' id='word_1_279' title='bbox 1066 1665 1102 1700; x_wconf 90' lang='grc' dir='ltr'><em>ΙΙ</em></span> <span class='ocrx_word' id='word_1_280' title='bbox 1122 1678 1160 1715; x_wconf 90' lang='lat' dir='ltr'><em>p.</em></span> <span class='ocrx_word' id='word_1_281' title='bbox 1182 1665 1263 1704; x_wconf 79' lang='lat'><em>863</em></span> <span class='ocrx_word' id='word_1_282' title='bbox 1285 1663 1326 1701; x_wconf 87' lang='lat' dir='ltr'><em>C.</em></span> <span class='ocrx_word' id='word_1_283' title='bbox 1357 1663 1403 1698; x_wconf 85' lang='lat' dir='ltr'><em>In</em></span> <span class='ocrx_word' id='word_1_284' title='bbox 1422 1676 1529 1714; x_wconf 86' lang='lat' dir='ltr'>seqq.</span> <span class='ocrx_word' id='word_1_285' title='bbox 1552 1661 1615 1703; x_wconf 80' lang='grc' dir='ltr'><em>ἐπὶ</em></span> <span class='ocrx_word' id='word_1_286' title='bbox 1627 1678 1728 1715; x_wconf 75' lang='grc' dir='ltr'><em>προ-</em></span> 
     </span>
     <span class='ocr_line' id='line_1_60' title="bbox 1067 1719 1727 1771; baseline -0.003 -12"><span class='ocrx_word' id='word_1_287' title='bbox 1067 1719 1214 1771; x_wconf 72' lang='grc' dir='ltr'><em>φάσιος</em></span> <span class='ocrx_word' id='word_1_288' title='bbox 1228 1720 1330 1756; x_wconf 83' lang='lat' dir='ltr'>valet</span> <span class='ocrx_word' id='word_1_289' title='bbox 1358 1721 1420 1756; x_wconf 81' lang='lat' dir='ltr'><em>sub</em></span> <span class='ocrx_word' id='word_1_290' title='bbox 1448 1720 1509 1756; x_wconf 79' lang='lat' dir='ltr'><em>hoc</em></span> <span class='ocrx_word' id='word_1_291' title='bbox 1525 1723 1727 1770; x_wconf 80' lang='lat' dir='ltr'><em>praetextu,</em></span> 
     </span>
     <span class='ocr_line' id='line_1_61' title="bbox 1068 1777 1729 1826; baseline -0.003 -11"><span class='ocrx_word' id='word_1_292' title='bbox 1068 1791 1098 1815; x_wconf 93' lang='lat' dir='ltr'><em>s.</em></span> <span class='ocrx_word' id='word_1_293' title='bbox 1129 1777 1192 1814; x_wconf 71' lang='lat' dir='ltr'><em>lzoc</em></span> <span class='ocrx_word' id='word_1_294' title='bbox 1219 1780 1410 1826; x_wconf 78' lang='lat' dir='ltr'><em>praetextu</em></span> <span class='ocrx_word' id='word_1_295' title='bbox 1437 1778 1521 1814; x_wconf 77' lang='lat' dir='ltr'><em>nisi.</em></span> <span class='ocrx_word' id='word_1_296' title='bbox 1566 1778 1729 1814; x_wconf 82' lang='lat' dir='ltr'>Wesse-</span> 
     </span>
     <span class='ocr_line' id='line_1_62' title="bbox 1065 1832 1728 1885; baseline 0 -14"><span class='ocrx_word' id='word_1_297' title='bbox 1065 1835 1206 1885; x_wconf 82' lang='lat' dir='ltr'>lingius</span> <span class='ocrx_word' id='word_1_298' title='bbox 1227 1834 1390 1871; x_wconf 88' lang='lat' dir='ltr'>conferri</span> <span class='ocrx_word' id='word_1_299' title='bbox 1408 1834 1490 1870; x_wconf 88' lang='lat' dir='ltr'>vult</span> <span class='ocrx_word' id='word_1_300' title='bbox 1509 1832 1653 1870; x_wconf 89' lang='lat' dir='ltr'>Herod.</span> <span class='ocrx_word' id='word_1_301' title='bbox 1663 1834 1728 1881; x_wconf 91' lang='lat' dir='ltr'><em>IV,</em></span> 
     </span>
     <span class='ocr_line' id='line_1_63' title="bbox 1067 1889 1727 1942; baseline 0 -15"><span class='ocrx_word' id='word_1_302' title='bbox 1067 1890 1146 1932; x_wconf 81' lang='lat'><em>135</em></span> <span class='ocrx_word' id='word_1_303' title='bbox 1169 1897 1205 1927; x_wconf 85' lang='lat' dir='ltr'><em>et</em></span> <span class='ocrx_word' id='word_1_304' title='bbox 1223 1891 1449 1929; x_wconf 83' lang='lat' dir='ltr'>Aristaenet.</span> <span class='ocrx_word' id='word_1_305' title='bbox 1470 1892 1500 1938; x_wconf 84' lang='lat' dir='ltr'><em>I,</em></span> <span class='ocrx_word' id='word_1_306' title='bbox 1518 1893 1579 1932; x_wconf 79' lang='grc'><em>18.</em></span> <span class='ocrx_word' id='word_1_307' title='bbox 1609 1889 1727 1942; x_wconf 85' lang='lat' dir='ltr'>Apud</span> 
     </span>
     <span class='ocr_line' id='line_1_64' title="bbox 1064 1945 1723 1999; baseline -0.005 -13"><span class='ocrx_word' id='word_1_308' title='bbox 1064 1946 1248 1999; x_wconf 85' lang='lat' dir='ltr'><em>Sophoel.</em></span> <span class='ocrx_word' id='word_1_309' title='bbox 1279 1945 1461 1985; x_wconf 84' lang='lat' dir='ltr'><em>Trachin.</em></span> <span class='ocrx_word' id='word_1_310' title='bbox 1498 1949 1578 1988; x_wconf 77' lang='lat'><em>623</em></span> <span class='ocrx_word' id='word_1_311' title='bbox 1607 1945 1723 1986; x_wconf 88' lang='lat' dir='ltr'>Both.</span> 
     </span>
     <span class='ocr_line' id='line_1_65' title="bbox 1065 1999 1724 2055; baseline -0.003 -13"><span class='ocrx_word' id='word_1_312' title='bbox 1065 2011 1186 2042; x_wconf 79' lang='lat' dir='ltr'><em>exstat</em></span> <span class='ocrx_word' id='word_1_313' title='bbox 1206 2003 1270 2044; x_wconf 78' lang='grc' dir='ltr'><em>ἐπὶ</em></span> <span class='ocrx_word' id='word_1_314' title='bbox 1295 1999 1511 2055; x_wconf 78' lang='grc' dir='ltr'><em>προφάσει.</em></span> <span class='ocrx_word' id='word_1_315' title='bbox 1567 2004 1724 2041; x_wconf 85' lang='lat' dir='ltr'>Acsane</span> 
     </span>
     <span class='ocr_line' id='line_1_66' title="bbox 1063 2060 1724 2112; baseline -0.003 -13"><span class='ocrx_word' id='word_1_316' title='bbox 1063 2061 1159 2099; x_wconf 90' lang='lat' dir='ltr'><em>haec</em></span> <span class='ocrx_word' id='word_1_317' title='bbox 1179 2067 1366 2099; x_wconf 85' lang='lat' dir='ltr'>structura</span> <span class='ocrx_word' id='word_1_318' title='bbox 1391 2061 1514 2097; x_wconf 87' lang='lat' dir='ltr'>multo</span> <span class='ocrx_word' id='word_1_319' title='bbox 1543 2060 1724 2112; x_wconf 85' lang='lat' dir='ltr'><em>frequen-</em></span> 
     </span>
     <span class='ocr_line' id='line_1_67' title="bbox 1064 2118 1722 2170; baseline -0.003 -14"><span class='ocrx_word' id='word_1_320' title='bbox 1064 2120 1154 2166; x_wconf 83' lang='lat' dir='ltr'>tior,</span> <span class='ocrx_word' id='word_1_321' title='bbox 1187 2130 1424 2170; x_wconf 83' lang='lat' dir='ltr'><em>quamquam</em></span> <span class='ocrx_word' id='word_1_322' title='bbox 1457 2120 1530 2154; x_wconf 72' lang='lat' dir='ltr'><em>nec</em></span> <span class='ocrx_word' id='word_1_323' title='bbox 1571 2118 1722 2154; x_wconf 82' lang='lat' dir='ltr'>alterius</span> 
     </span>
     <span class='ocr_line' id='line_1_68' title="bbox 1066 2174 1722 2226; baseline -0.003 -14"><span class='ocrx_word' id='word_1_324' title='bbox 1066 2176 1243 2226; x_wconf 85' lang='lat' dir='ltr'><em>exempla</em></span> <span class='ocrx_word' id='word_1_325' title='bbox 1272 2174 1400 2212; x_wconf 84' lang='lat' dir='ltr'>deesse</span> <span class='ocrx_word' id='word_1_326' title='bbox 1425 2180 1528 2210; x_wconf 89' lang='lat' dir='ltr'>recte</span> <span class='ocrx_word' id='word_1_327' title='bbox 1549 2174 1722 2211; x_wconf 81' lang='lat' dir='ltr'>observat</span> 
     </span>
     <span class='ocr_line' id='line_1_69' title="bbox 1064 2229 1719 2281; baseline -0.003 -12"><span class='ocrx_word' id='word_1_328' title='bbox 1064 2230 1288 2269; x_wconf 87' lang='lat' dir='ltr'>Boissonad.</span> <span class='ocrx_word' id='word_1_329' title='bbox 1303 2229 1351 2267; x_wconf 85' lang='lat' dir='ltr'><em>ad</em></span> <span class='ocrx_word' id='word_1_330' title='bbox 1370 2230 1596 2267; x_wconf 83' lang='lat' dir='ltr'><em>Aristaenet.</em></span> <span class='ocrx_word' id='word_1_331' title='bbox 1605 2230 1632 2267; x_wconf 90' lang='lat'><em>1.</em></span> <span class='ocrx_word' id='word_1_332' title='bbox 1644 2230 1669 2269; x_wconf 89' lang='lat' dir='ltr'><em>l.</em></span> <span class='ocrx_word' id='word_1_333' title='bbox 1679 2243 1719 2281; x_wconf 90' lang='lat' dir='ltr'><em>p.</em></span> 
     </span>
     <span class='ocr_line' id='line_1_70' title="bbox 1063 2287 1159 2330; baseline -0.031 -2"><span class='ocrx_word' id='word_1_334' title='bbox 1063 2287 1159 2330; x_wconf 83' lang='lat'><strong>482.</strong></span> 
     </span>
     <span class='ocr_line' id='line_1_71' title="bbox 1290 2341 1495 2393; baseline 0.005 -14"><span class='ocrx_word' id='word_1_335' title='bbox 1290 2342 1380 2393; x_wconf 84' lang='lat' dir='ltr'><em>cap.</em></span> <span class='ocrx_word' id='word_1_336' title='bbox 1402 2341 1495 2380; x_wconf 86' lang='lat' dir='ltr'><strong>CLI.</strong></span> 
     </span>
    </p>

    <p class='ocr_par' dir='ltr' id='par_1_10' title="bbox 1060 2394 1719 2792">
     <span class='ocr_line' id='line_1_72' title="bbox 1118 2394 1719 2451; baseline 0 -13"><span class='ocrx_word' id='word_1_337' title='bbox 1118 2401 1298 2439; x_wconf 81' lang='grc' dir='ltr'><em>πολλοῖσι</em></span> <span class='ocrx_word' id='word_1_338' title='bbox 1328 2398 1426 2438; x_wconf 73' lang='grc' dir='ltr'><em>ἔτεσι</em></span> <span class='ocrx_word' id='word_1_339' title='bbox 1457 2394 1625 2451; x_wconf 66' lang='grc' dir='ltr'><em>’ὕστερον</em></span> <span class='ocrx_word' id='word_1_340' title='bbox 1655 2412 1719 2451; x_wconf 86' lang='grc' dir='ltr'><em>γε-</em></span> 
     </span>
     <span class='ocr_line' id='line_1_73' title="bbox 1061 2452 1719 2506; baseline -0.008 -11"><span class='ocrx_word' id='word_1_341' title='bbox 1061 2453 1230 2506; x_wconf 84' lang='grc' dir='ltr'><em>νόμενον</em></span> <span class='ocrx_word' id='word_1_342' title='bbox 1254 2452 1430 2504; x_wconf 80' lang='grc' dir='ltr'><em>τούτων]</em></span> <span class='ocrx_word' id='word_1_343' title='bbox 1457 2456 1565 2491; x_wconf 82' lang='lat' dir='ltr'>Hanc</span> <span class='ocrx_word' id='word_1_344' title='bbox 1579 2455 1719 2492; x_wconf 80' lang='lat' dir='ltr'>Calliae</span> 
     </span>
     <span class='ocr_line' id='line_1_74' title="bbox 1061 2512 1717 2563; baseline -0.003 -14"><span class='ocrx_word' id='word_1_345' title='bbox 1061 2513 1291 2563; x_wconf 75' lang='lat' dir='ltr'><em>legafionem</em></span> <span class='ocrx_word' id='word_1_346' title='bbox 1307 2513 1346 2548; x_wconf 86' lang='lat' dir='ltr'>in</span> <span class='ocrx_word' id='word_1_347' title='bbox 1363 2514 1505 2563; x_wconf 88' lang='lat' dir='ltr'>primos</span> <span class='ocrx_word' id='word_1_348' title='bbox 1527 2512 1618 2548; x_wconf 89' lang='lat' dir='ltr'>belli</span> <span class='ocrx_word' id='word_1_349' title='bbox 1639 2512 1717 2548; x_wconf 91' lang='lat' dir='ltr'><em>Pe-</em></span> 
     </span>
     <span class='ocr_line' id='line_1_75' title="bbox 1060 2567 1717 2620; baseline -0.002 -15"><span class='ocrx_word' id='word_1_350' title='bbox 1060 2570 1317 2620; x_wconf 84' lang='lat' dir='ltr'>loponnesiaci</span> <span class='ocrx_word' id='word_1_351' title='bbox 1338 2581 1456 2606; x_wconf 85' lang='lat' dir='ltr'><em>annos</em></span> <span class='ocrx_word' id='word_1_352' title='bbox 1474 2567 1640 2605; x_wconf 80' lang='lat' dir='ltr'><em>incidere</em></span> <span class='ocrx_word' id='word_1_353' title='bbox 1653 2581 1717 2605; x_wconf 85' lang='lat' dir='ltr'><em>re-</em></span> 
     </span>
     <span class='ocr_line' id='line_1_76' title="bbox 1064 2623 1714 2664; baseline -0.003 -1"><span class='ocrx_word' id='word_1_354' title='bbox 1064 2633 1122 2663; x_wconf 85' lang='lat' dir='ltr'><em>cte</em></span> <span class='ocrx_word' id='word_1_355' title='bbox 1136 2627 1264 2664; x_wconf 82' lang='lat' dir='ltr'>statuit</span> <span class='ocrx_word' id='word_1_356' title='bbox 1280 2624 1511 2662; x_wconf 87' lang='lat' dir='ltr'><em>Dahlmaun.</em></span> <span class='ocrx_word' id='word_1_357' title='bbox 1531 2623 1714 2662; x_wconf 77' lang='lat' dir='ltr'>Herodot-</span> 
     </span>
     <span class='ocr_line' id='line_1_77' title="bbox 1063 2679 1715 2733; baseline -0.006 -13"><span class='ocrx_word' id='word_1_358' title='bbox 1063 2697 1100 2733; x_wconf 89' lang='lat' dir='ltr'><em>p.</em></span> <span class='ocrx_word' id='word_1_359' title='bbox 1117 2682 1168 2724; x_wconf 80' lang='lat'><em>41</em></span> <span class='ocrx_word' id='word_1_360' title='bbox 1199 2690 1286 2720; x_wconf 79' lang='lat' dir='ltr'><em>ante</em></span> <span class='ocrx_word' id='word_1_361' title='bbox 1306 2682 1526 2720; x_wconf 86' lang='lat' dir='ltr'>Artaxerxis</span> <span class='ocrx_word' id='word_1_362' title='bbox 1560 2679 1715 2733; x_wconf 88' lang='lat' dir='ltr'>quidem</span> 
     </span>
     <span class='ocr_line' id='line_1_78' title="bbox 1062 2734 1714 2792; baseline -0.002 -14"><span class='ocrx_word' id='word_1_363' title='bbox 1062 2747 1238 2788; x_wconf 84' lang='lat' dir='ltr'><em>mortem,</em></span> <span class='ocrx_word' id='word_1_364' title='bbox 1260 2752 1357 2792; x_wconf 85' lang='lat' dir='ltr'><em>quae</em></span> <span class='ocrx_word' id='word_1_365' title='bbox 1377 2737 1513 2776; x_wconf 83' lang='lat' dir='ltr'>accidit</span> <span class='ocrx_word' id='word_1_366' title='bbox 1521 2749 1620 2774; x_wconf 86' lang='lat' dir='ltr'>anuo</span> <span class='ocrx_word' id='word_1_367' title='bbox 1631 2734 1714 2776; x_wconf 79' lang='lat'><em>425</em></span> 
     </span>
    </p>
   </div>
  </div>
 </body>
</html>
