1815 3181
371 161 425 200 10

370 265 484 309 νέων
512 266 740 321 χρημάτων
769 261 967 319 μεγάλων
977 279 986 287 ·

761 156 1219 193 HERODOTI

1042 264 1116 307 καὶ
1144 263 1193 307 τὸ
1225 264 1303 319 μὲν
1332 265 1526 320 ἐστίχθαι
1553 263 1622 310 εὐ·
1633 273 1677 308 65

368 335 486 389 γενὲς
513 334 725 386 κέκριται·
763 332 813 375 τὸ
844 330 883 374 δ’
915 330 1139 383 ἄστικτον,
1171 331 1360 386 ἀγεννές.
1401 332 1539 388 ἀργόν
1567 332 1618 377 εἶ-

340 410 466 454 δναι,
507 401 755 445 κάλλιστον·
799 403 878 456 γῆς
915 400 961 443 δὲ

314 566 452 615 1679).
482 565 554 610 Qui
574 577 655 600 mos
676 575 763 598 cum
784 563 960 599 omnibus

309 622 387 657 fere
424 622 595 671 gentibus
631 618 842 655 rudioribus
873 619 960 655 fue-

310 680 356 714 rit
367 679 596 723 communis,
617 674 720 712 haud
730 678 872 711 mirum
892 682 958 723 est,

310 748 398 770 eum
435 733 535 784 apud
585 731 773 769 Thraciae
827 740 958 781 gentes

308 790 418 827 rudes
455 798 567 842 atque
605 789 763 826 incultas
805 802 958 840 quoque

307 861 477 883 inveniri.

416 899 686 916 =====

304 959 510 1009 κέκριται]
541 960 675 1009 Attigit
703 957 796 994 haec
816 959 955 994 Eusta-

304 1016 402 1053 thius
433 1016 480 1052 ad
506 1017 549 1052 11.
580 1029 617 1066 Ρ.
639 1017 732 1061 933,
764 1017 788 1054 7
809 1028 838 1051 s.
861 1013 953 1062 904,

303 1076 328 1112 8
358 1081 393 1110 et
420 1072 467 1110 ad
497 1074 654 1123 Dionys.
686 1073 834 1121 Perieg.
856 1073 951 1111 322.

302 1131 405 1166 luter
424 1136 566 1166 veteres
580 1128 681 1165 hunc
698 1141 856 1171 morem,
881 1141 955 1179 quo

303 1188 369 1238 qui
389 1194 514 1223 cutem
534 1187 630 1222 notis
652 1185 865 1222 distinctam
886 1198 957 1235 ge-

302 1250 411 1289 runt,
440 1244 645 1294 pulcriores
665 1241 875 1288 habentur,
897 1248 957 1278 te-

301 1307 446 1336 stantur
471 1299 699 1336 Artemidos.
745 1299 816 1335 On.
846 1300 876 1344 I,
917 1300 954 1342 9,

300 1358 371 1393 Dio
394 1355 582 1408 Chrysost.
606 1357 668 1392 Or.
688 1356 778 1393 XIV
798 1369 835 1406 Ρ.
871 1355 952 1396 235

299 1415 347 1450 D.
369 1421 427 1461 et,
459 1415 523 1465 qui
545 1412 590 1449 de
612 1425 721 1449 causa
752 1419 787 1449 et
808 1413 952 1462 origine

299 1471 519 1520 stigmatum
531 1471 619 1520 agit,
630 1468 840 1506 Phauocles
852 1468 954 1519 apud

301 1527 407 1563 Stob.
431 1528 554 1564 Serm.
585 1528 692 1562 LXII
720 1540 758 1577 Ρ.
781 1526 876 1566 400.
902 1527 952 1562 Τ.

298 1585 334 1619 ΙΙ
354 1597 391 1634 p.
413 1583 494 1625 478
516 1583 630 1620 Gaisf.
679 1583 778 1628 Quos
794 1582 953 1619 laudans

298 1642 571 1690 VVesselingius
593 1639 639 1676 de
660 1639 733 1676 hoc
765 1652 871 1675 more
892 1640 953 1675 lo-

298 1698 549 1747 cupletissime
597 1698 714 1747 egisse
754 1695 857 1732 addit
893 1698 949 1733 Io.

298 1753 491 1790 Rhodium
528 1756 567 1790 in
609 1755 797 1790 Scribonii
835 1754 950 1803 Largi

297 1812 472 1861 Compos.
503 1809 605 1847 Med.
640 1825 677 1860 p.
700 1813 800 1857 2313
832 1823 949 1861 quem

295 1881 383 1903 vero
404 1869 542 1904 librum
560 1866 654 1903 mihi
665 1868 848 1917 inspicere
868 1880 948 1903 nou

294 1925 410 1961 licuit.
463 1924 493 1961 C
497 1938 527 1961 r.
570 1924 714 1961 confert
752 1922 947 1960 Plutarch.

294 1982 351 2016 De
383 1982 423 2017 S.
453 1983 499 2017 N.
533 1981 579 2020 V.
607 1994 695 2031 pag.
727 1981 781 2021 52
819 1981 948 2031 ibique

297 2036 568 2087 VVyttenbach.
589 2050 675 2087 pag.
685 2040 750 2084 67,
772 2039 837 2088 qui
859 2038 947 2073 Cle—

296 2092 399 2129 archi
419 2094 545 2130 locum
566 2093 672 2129 affert
693 2092 793 2143 apud
803 2093 944 2134 Athen.

294 2151 368 2185 XII
406 2163 480 2199 pag
519 2150 613 2190 524.
652 2151 698 2186 D.
734 2163 821 2200 pag.
863 2149 945 2191 448

295 2205 514 2255 Schweigh.
598 2208 674 2242 Nec
713 2220 947 2258 quemquam

295 2263 402 2312 sugit,
434 2265 641 2299 etiamnum
662 2265 698 2298 in
719 2265 803 2300 feris
825 2265 948 2300 Ame-

296 2320 392 2355 ricae
433 2326 545 2371 atque
579 2320 786 2355 Australiae
816 2322 946 2357 incolis

295 2375 522 2427 quibusdam
544 2375 707 2412 eundem
729 2384 827 2412 certe
857 2391 945 2414 mo-

296 2446 374 2468 rem
396 2433 583 2479 obtinere,
623 2439 664 2468 ut
693 2440 818 2469 cutem
847 2436 945 2471 notis

297 2490 417 2536 variis,
439 2489 678 2537 imaginibus,
698 2490 788 2533 aliis,
811 2489 944 2526 distin-

294 2553 393 2581 ctam
415 2546 676 2596 coloribusque
705 2547 812 2581 variis
829 2546 943 2583 indu—

294 2609 391 2638 ctam
413 2601 576 2638 habeant
597 2614 717 2653 eoque
738 2603 944 2651 plurimum

294 2672 331 2693 se
352 2660 509 2705 iactent,
541 2671 658 2710 quum
680 2659 716 2693 in
739 2671 782 2694 eo
808 2671 944 2708 magna

296 2717 496 2752 venustatis
517 2729 600 2765 pars
621 2714 722 2765 apud
750 2715 831 2751 illos
853 2729 944 2751 cen—

293 2778 426 2811 seatur.
447 2793 501 2799 —
539 2774 581 2808 ln
611 2785 693 2823 sqq.
725 2785 814 2808 cuin
836 2773 945 2809 Gais-

1000 398 1182 456 ἐργάτην
1194 432 1204 451 ,
1245 398 1516 455 ἀτιμότατον.
1567 402 1617 446 τὸ

1015 561 1112 598 ford.
1144 576 1164 598 e
1196 563 1414 600 Florentino
1435 563 1591 614 aliisque
1610 577 1672 599 re-

1014 621 1123 669 posui
1144 614 1319 671 ἆγεννὲς.
1378 621 1503 669 Vulgo
1525 615 1672 668 οἷγενὲς.

1015 677 1081 712 Tu
1108 675 1186 713 vid.
1217 677 1431 713 Stallbaum
1453 675 1500 712 ad
1520 674 1670 713 Phileb.

1013 745 1102 782 pag
1126 735 1203 773 133
1225 746 1304 785 seq.
1362 732 1462 770 Held
1491 731 1540 769 ad
1569 733 1672 770 Plut.

1014 790 1158 826 Timol.
1182 790 1231 830 15
1253 803 1341 840 pag.
1362 789 1458 830 400.
1496 791 1672 841 Namque

1015 840 1151 913 ἄγενὲς
1191 845 1238 882 ad
1277 847 1419 883 natales
1459 852 1496 882 et
1532 859 1669 896 genus,

1013 897 1174 953 ἅγεννὲς
1194 902 1243 939 ἃᾶ
1254 904 1427 939 animum
1446 902 1672 940 referrivul-

1011 972 1061 1009 go
1082 958 1248 996 tradunt.
1285 958 1402 997 Schw
1405 958 1671 1010 eighaeuserus

1010 1017 1050 1051 in
1079 1023 1188 1053 textu
1219 1029 1456 1068 quamquam
1485 1014 1670 1053 exhibens

1011 1068 1111 1124 ἄγεν
1124 1072 1200 1119 νές,
1212 1074 1347 1111 melius
1358 1080 1488 1110 tamen
1497 1074 1671 1110 cumEu-

1012 1128 1150 1166 stathio
1172 1129 1220 1166 ad
1239 1132 1398 1181 Dionys.
1419 1130 1568 1179 Perieg.
1588 1132 1670 1172 322

1012 1187 1124 1223 scribi
1154 1186 1244 1223 dicit
1264 1183 1410 1238 οἷγενές.
1455 1187 1508 1222 At
1525 1188 1566 1222 in
1585 1187 1668 1222 Eu-

1011 1241 1167 1289 stathio,
1189 1244 1343 1295 qualem
1365 1242 1668 1284 exhi1,·itBer11-

1011 1298 1146 1351 hardy,
1176 1307 1278 1337 recte
1308 1314 1410 1337 nunc
1440 1302 1669 1351 impressum

1009 1356 1121 1394 video
1143 1352 1334 1410 ἀγεννές.
1384 1357 1494 1394 Conf.
1515 1369 1669 1408 quoque

1011 1413 1204 1451 Schaefer.
1227 1413 1275 1451 ad
1305 1413 1500 1451 Plutarch.
1519 1414 1595 1451 Vit.
1616 1413 1667 1450 T.

1009 1471 1061 1508 IV
1079 1485 1119 1522 Ρ.
1135 1471 1216 1512 295
1233 1470 1293 1508 ed.
1315 1471 1469 1508 Teubn.

1068 1579 1193 1636 οἷργόν
1218 1580 1332 1632 εἶναι,
1352 1580 1607 1622 κάλλιστονκ.
1630 1598 1662 1621 τ.

1009 1643 1041 1680 λ.
1054 1642 1114 1689 ],
1119 1640 1293 1686 ‚Quando
1314 1643 1387 1693 γῆς
1406 1637 1573 1707 ἐργάτην
1593 1652 1666 1690 οΡ-

1007 1699 1115 1749 ponit
1133 1699 1298 1749 ipsisque
1317 1713 1359 1737 το
1395 1698 1465 1747 ζῆν
1486 1692 1564 1736 ἆπό
1590 1710 1665 1735 πο-

1007 1753 1126 1805 λέμου
1161 1754 1296 1791 itidem
1324 1749 1532 1792 κάλλιστον
1551 1751 1664 1789 habi-

1005 1819 1088 1848 tum
1107 1812 1254 1859 scribit,
1294 1812 1458 1861 priinam
1485 1808 1664 1846 Herodo-

1003 1876 1063 1905 tus
1084 1869 1186 1905 vocis
1203 1869 1405 1918 respiciens
1424 1864 1662 1916 significandi

1006 1924 1147 1972 dotem,
1162 1925 1236 1977 quii
1246 1931 1353 1962 notat
1373 1919 1493 1975 ἆργός
1512 1924 1557 1960 ab
1566 1935 1663 1973 opere

1004 1984 1136 2019 rustico
1154 1985 1335 2019 vacantem
1349 2011 1360 2029 ,
1390 1979 1662 2031 honestiusque

1002 2037 1179 2088 intelligit
1199 2041 1318 2086 otium,
1337 2037 1518 2089 quodque
1532 2035 1662 2073 homi-

1002 2109 1070 2132 nes
1096 2096 1293 2132 bellicosos
1322 2107 1402 2130 non
1436 2092 1658 2139 dedeceret3

1005 2147 1128 2205 οἷργὸν
1141 2147 1243 2190 εἶναι
1262 2157 1299 2187 et
1318 2145 1533 2201 ποχεμικόν
1545 2150 1586 2185 in
1598 2155 1659 2185 ta-

1002 2210 1099 2246 libus
1118 2206 1359 2245 tantumdem
1376 2220 1498 2257 paene
1517 2206 1658 2243 valent.

1003 2266 1144 2302 Talem
1181 2260 1326 2317 ἅργίαν
1369 2259 1550 2313 οἷδελφῆν
1586 2263 1659 2313 τῆς

1003 2321 1230 2372 ἐλευθερίας
1253 2320 1399 2358 dixerat
1420 2320 1606 2367 Socrates,
1626 2319 1658 2355 si

1003 2379 1091 2416 dicti
1119 2379 1336 2429 legitimum
1361 2384 1509 2428 patrem
1536 2375 1657 2413 tradi-

1001 2435 1055 2473 dit
1075 2436 1223 2472 Aelian.
1244 2435 1289 2471 V.
1301 2435 1349 2470 H.
1369 2435 1420 2481 X,
1445 2432 1506 2478 14,
1527 2439 1657 2470 osten-

1001 2492 1090 2529 dere
1109 2493 1228 2530 voluit
1242 2492 1431 2528 Maximus
1451 2490 1548 2542 Tyr.
1557 2490 1654 2527 Diss.

998 2551 1135 2586 XXIX
1172 2545 1231 2588 ὅτι
1268 2545 1584 2612 λυσιτελέστεροι
1585 2546 1655 2613 τῇ

1001 2601 1109 2645 πόλει
1141 2605 1182 2644 οἱ
1203 2605 1545 2656 προπολεμοῦντες
1563 2597 1592 2652 ἢ
1615 2600 1656 2640 οἱ

1000 2676 1174 2713 γεωργου
1182 2664 1290 2707 ντες
1392 2660 1571 2708 „Artibus
1584 2658 1655 2695 ab-

999 2719 1178 2756 stinentes
1195 2719 1389 2757 sellulariis
1400 2728 1567 2768 agroque
1585 2727 1653 2752 co-

1001 2774 1127 2823 lendo,
1142 2782 1255 2827 atque
1276 2774 1372 2813 adeo
1393 2768 1522 2826 ἀργοὶ,
1551 2769 1653 2822 apud

1676 435 1756 477 375
