1851 3181
215 349 406 377 Graecorum

132 1300 187 1328 atii
209 1299 334 1328 aliunde
352 1307 387 1327 se

129 1334 203 1363 illuc
230 1333 409 1363 conferunt:

462 238 549 279 402

435 558 457 593 3
470 553 602 593 ναῖκα
632 553 905 601 προσθεῖναι.

868 220 1333 276 ΗΕΒοοοΤι

435 342 809 402 ΞἈριστωνύμου,
839 348 920 388 τοῦ
946 344 1196 400 Μύρωνος,
1225 349 1308 397 τοῦ
1331 344 1544 428 Ἀνδρέω,
1571 347 1735 403 γίνεται

467 413 670 470 θυγάτηρ
699 415 752 470 τῇ
786 411 959 469 ου’νομα
982 415 1038 469 ην
1063 410 1302 494 Ἀγαρίστη.
1343 414 1506 471 ταύτην
1537 412 1733 471 ἠθέλησε,

461 481 679 538 Ελλήνων
714 478 894 524 πάντων
923 480 1112 534 ἐξευρων
1141 481 1219 525 τὸν
1250 480 1455 535 ἄριστον,
1490 482 1631 540 τούτῳ
1661 499 1735 538 γυ·
1744 484 1791 523 40

959 546 1210 604 Ὀλυμπίων
1241 544 1304 592 ὦν
1331 548 1512 602 ἐόντων,
1562 550 1637 594 καὶ
1663 566 1735 592 νι-

467 621 559 662 κῶν
597 617 644 660 ἐν
675 615 848 661 αὐτοῖσι
877 617 1100 676 τεθρίππῳ
1139 616 1161 660 ὁ
1191 617 1481 698 Κλεισθένης,
1530 616 1735 673 κήρυγμα

467 683 756 741 ἐποιήσατο,
761 684 892 736 ,ὅστις
926 682 1143 740 Ελλήνων
1183 684 1348 729 ἑωυτόν
1389 684 1505 737 ἀξιοῖ
1530 684 1734 728 Κλεισθέ-

466 769 594 806 ,,νεος
632 754 832 835 γαμβρὸν
869 751 1097 809 γενέσθαι,
1141 752 1262 808 ἥκειν
1299 753 1343 804 ἐς
1373 751 1608 808 ἕξηκοστην
1635 751 1734 808 ἡμέ-

464 838 599 878 ,,ρην,
639 820 669 877 ἢ
706 821 779 865 καὶ
808 821 1049 876 πρότερον,
1079 820 1124 872 ἐς
1154 824 1386 864 Σικυῶνα·
1428 837 1487 872 ως
1516 819 1737 875 κυρώσον-

463 906 564 942 ,,τος
604 890 891 941 Κλεισθένεος
930 889 1008 933 τὸν
1047 889 1189 946 γάμον
1217 889 1265 933 ἐν
1290 890 1502 948 ἐνιαυτῳ,
1543 888 1630 933 ἀπὸ
1661 889 1793 944 τῆς-15

434 961 457 998 4
472 957 732 1014 ῃεξηκοστῆς
775 956 1020 1015 ἀρξαμένου
1065 958 1271 1015 ἡμέρης“

1335 956 1556 1001 Ἐνθαῦτα
1589 954 1738 1011 Ἑλλή-

462 1041 555 1069 νων
583 1025 682 1069 ὅσοι
711 1027 837 1081 σφίσι
865 1042 910 1070 τε
942 1024 1116 1069 αὐτοῖσι
1143 1021 1256 1082 ἦσαν
1284 1027 1359 1070 καὶ
1379 1026 1524 1083 πάτρῃ
1545 1024 1738 1080 εξωγκω-

463 1093 614 1150 μένοι,
663 1092 865 1149 ἐφοίτεον
893 1098 1156 1150 μνηστῆρες·
1200 1099 1314 1138 τοῖσι
1351 1092 1622 1149 Κλεισθένης
1663 1090 1738 1134 καὶ
1794 1098 1848 1142 49

465 1160 637 1217 δρόμον
666 1162 738 1204 καὶ
766 1163 1037 1218 παλαίστρην
1067 1161 1364 1218 ποιησάμενος
1383 1159 1454 1205 ἐπ’
1491 1159 1611 1217 αὐτῷ
1640 1157 1738 1202 τού-

599 1493 693 1543 Cap.
715 1490 892 1528 CXXVI.

464 1551 538 1591 τοῦ
558 1545 779 1601 ΙῑἸύρωνος,
789 1550 864 1587 τοῦ
884 1543 1076 1599 Ἀνδρέω]

409 1606 612 1645 Clisthenis
647 1618 739 1643 avus
775 1603 878 1655 apud
911 1605 1077 1642 Pausan.

408 1666 457 1712 ΙΙ,
488 1666 512 1704 8
542 1664 582 1708 ξ.
616 1665 634 1702 1
676 1668 836 1699 vocatur
875 1656 1075 1711 Πύῤῥωνς

409 1723 588 1773 princeps
607 1719 776 1755 familiae
796 1718 868 1754 fuit
884 1716 1078 1768 Orthago-

410 1791 470 1814 ras
487 1806 498 1825 ,
538 1775 587 1813 de
618 1788 695 1826 quo
718 1775 819 1811 conf.
840 1781 937 1811 nott.
958 1774 1007 1811 ad
1027 1774 1072 1822 V,

410 1837 464 1875 67
486 1834 573 1870 coll.
593 1830 790 1868 Plutarch.
811 1833 870 1867 De
899 1832 945 1868 N.
969 1831 1015 1868 V.
1036 1844 1077 1881 p.

411 1889 492 1931 553
514 1891 574 1937 B„
608 1888 713 1925 unde
733 1901 824 1926 vera
843 1889 956 1924 lectio
971 1901 1077 1924 nunc

409 1949 452 1984 iu
471 1946 684 1983 Pausaniae
705 1946 731 1982 l.
740 1946 768 1982 l.
788 1946 959 1982 restituta
979 1940 1078 1983 Μύ-

413 2017 555 2056 ρωνος.
567 1997 1077 2052 Nomen’Av59ffmSchwgh.

412 2067 515 2097 recte
537 2059 693 2096 deducit
713 2059 760 2095 ab
780 2054 990 2110 Ἀνδρέας,
1011 2059 1077 2094 Ιο-

411 2118 498 2153 nice
516 2111 590 2154 'A2
583 2114 733 2166 δρέης,
753 2122 797 2152 ut
827 2113 980 2154 Πυθέω
993 2115 1076 2163 VII,

414 2174 491 2213 181
515 2185 538 2208 a
559 2171 728 2218 Πυθέας
746 2185 777 2208 s.
798 2169 979 2220 Πυθέης.

468 2227 878 2281 νικῶν-τεθρίππῳ]
905 2227 1079 2265 Schultz.

412 2285 440 2322 l.
468 2285 495 2322 L
524 2298 561 2335 p.
583 2287 609 2325 6
640 2284 727 2321 coll.
747 2284 920 2321 Voemel.
946 2285 972 2320 l.
993 2285 1018 2322 l.
1039 2298 1079 2334 p.

414 2343 440 2381 9
461 2339 537 2378 hoc
565 2340 680 2377 refert
709 2339 758 2376 ad
788 2340 941 2390 Olymp.
964 2339 1033 2392 ἐξ,
1053 2339 1081 2392 ξ

414 2410 446 2434 s.
467 2397 550 2438 576
567 2409 603 2435 a.
625 2395 714 2433 Chr.
739 2409 779 2433 n.
794 2395 976 2432 Larcheri
990 2409 1082 2432 sen-

415 2454 536 2491 tentia
554 2451 694 2490 reiecta
710 2452 809 2504 ,Equi
838 2451 937 2489 hanc
956 2453 1080 2489 victo-

416 2511 514 2547 riam
545 2509 595 2547 ad
624 2510 776 2561 Olymp.
797 2510 865 2545 LlI
885 2522 915 2547 s.
941 2509 1023 2549 572
1043 2521 1079 2546 a.

417 2566 509 2604 Chr.
528 2580 566 2604 n.
588 2567 781 2603 retulerat.
802 2566 896 2602 Utut
912 2572 978 2612 est,
1000 2572 1080 2602 sta-

416 2624 487 2660 tim
507 2631 592 2675 post
622 2623 863 2674 Olympicam
882 2623 1082 2660 victoriam

417 2681 481 2716 ille
501 2693 707 2731 procorum
720 2686 953 2717 conventum
973 2680 1083 2716 insti-

418 2738 534 2774 tuisse
554 2736 704 2774 videtur
719 2765 728 2783 ‚
757 2737 810 2773 ita
829 2742 871 2773 ut
885 2736 1083 2786 Agaristae

418 2795 575 2844 nuptiae
596 2806 685 2830 cum
704 2793 876 2843 Megacle
896 2791 1000 2829 haud
1020 2793 1084 2829 iu·-

419 2849 625 2887 commode
649 2850 861 2888 reserantur
881 2849 929 2887 ad
948 2850 1083 2901 proxi-

306 1234 403 1280 127
460 1244 521 1284 τῳ
553 1226 649 1284 εἶχε.
703 1226 805 1273 Ἀπὸ
837 1229 916 1284 μὲν
955 1229 1008 1285 δὴ
1036 1229 1216 1286 Ἰταλίης
1244 1225 1351 1286 ἦλθε
1381 1229 1684 1285 Σμινδυρίδης
1714 1225 1796 1269 650

462 1294 768 1352 Ἱπποκράτεος
796 1298 1070 1354 Συβαρίτης,
1100 1295 1150 1350 ὂς
1177 1296 1249 1342 ἐπὶ
1274 1302 1479 1343 πλεῖστον
1507 1294 1561 1353 δὴ
1591 1296 1740 1352 χλιδῆς

1132 1502 1245 1530 mum
1276 1502 1423 1528 annum
1457 1490 1540 1532 576
1570 1503 1605 1528 a.
1633 1488 1725 1528 Chr.
1753 1502 1796 1526 n.

1132 1551 1210 1587 sive
1233 1548 1282 1586 ad
1303 1548 1380 1589 571
1406 1561 1440 1585 a.
1457 1547 1547 1585 Chr.
1573 1561 1613 1587 n.
1634 1569 1690 1576 —
1732 1545 1798 1584 Ad

1133 1612 1408 1656 argumentum
1445 1606 1521 1642 loci
1549 1604 1650 1642 conf.
1682 1604 1799 1640 etiam

1131 1662 1275 1700 Athen.
1297 1662 1360 1709 VI,
1381 1674 1420 1712 p.
1441 1661 1585 1702 2730.
1616 1667 1654 1698 et
1681 1662 1799 1712 XIp.

1134 1715 1222 1760 541
1247 1720 1295 1755 Β.
1329 1717 1488 1755 Diodor.
1520 1718 1598 1755 Sic.
1633 1715 1799 1767 T.11p.

1134 1776 1215 1832 550
1247 1775 1414 1813 Wessel.
1436 1797 1489 1803 —-
1528 1776 1575 1812 In
1599 1787 1681 1826 seq.
1709 1772 1800 1811 dedi

1133 1826 1239 1884 ἦσαν
1263 1844 1332 1882 pro
1355 1830 1463 1870 ε’.σαν

1191 1892 1295 1928 τοῖσι
1314 1881 1696 1937 Κλεισθένης-ἔπ’
1722 1901 1800 1926 αυ-

1134 1946 1192 1999 τῷ
1214 1959 1342 1998 τουτῳ
1379 1940 1484 1995 εἶχε]
1516 1941 1737 1993 Schweigh.
1757 1943 1799 1979 in

1134 2003 1268 2039 Lexic.
1297 2001 1441 2038 Herod.
1472 2000 1568 2037 haec
1597 2001 1650 2037 ita
1677 2001 1801 2037 inter-

1131 2065 1322 2110 pretatur:
1366 2058 1557 2096 Clisthenes
1565 2057 1714 2108 —fleri
1733 2069 1800 2094 cu-

1132 2119 1278 2153 raverat
1303 2118 1336 2152 et
1364 2115 1414 2152 ad
1434 2115 1529 2152 hunc
1563 2116 1680 2165 ipsum
1687 2114 1799 2164 finem

1127 2176 1263 2223 parata
1277 2172 1417 2209 habuit.

1306 2261 1400 2311 Cap.
1427 2257 1622 2297 cxxvn.

1196 2336 1243 2386 ὃς
1271 2337 1338 2378 ἐπὶ
1356 2332 1678 2384 πλεῖστον-εἷς
1691 2332 1798 2389 ἆνήρ

1137 2390 1195 2434 οἷπ
1204 2396 1326 2444 lusto]
1357 2397 1384 2435 i.
1406 2409 1439 2433 e.
1457 2397 1519 2446 qui
1536 2408 1628 2432 unus
1647 2395 1798 2431 omnium

1135 2455 1286 2490 maxime
1305 2454 1454 2490 eminens
1473 2452 1621 2489 luxuria
1647 2449 1798 2489 advene-

1134 2512 1209 2546 rat.
1265 2508 1351 2548 Vid.
1375 2507 1510 2546 Matth.
1532 2509 1598 2547 Gr.
1621 2507 1685 2546 Gr.
1707 2516 1797 2559 pag.

1137 2566 1232 2607 859.
1299 2567 1388 2602 Alia
1434 2564 1579 2602 addidit
1611 2562 1797 2602 Valcken.

1139 2624 1314 2659 Imitatur
1335 2623 1570 2660 locutionem
1589 2621 1797 2659 Pausanias

1138 2680 1170 2727 1,
1203 2678 1227 2720 5
1260 2680 1298 2724 ξ.
1320 2678 1357 2727 5,
1397 2680 1463 2716 ubi
1493 2678 1593 2716 conf.
1624 2677 1796 2714 Siebelis.

1139 2737 1197 2772 Ac
1217 2742 1311 2773 teste
1341 2734 1541 2773 Athenaeo
1561 2735 1634 2771 XII
1652 2746 1691 2783 p.
1713 2731 1792 2772 541

1141 2793 1184 2830 C.
1217 2794 1303 2832 coll.
1326 2793 1378 2830 VI
1397 2807 1436 2844 p.
1468 2793 1549 2832 273
1570 2792 1617 2827 B.
1638 2789 1682 2826 C.
1703 2800 1797 2825 cen-

1140 2850 1350 2902 tumcoqui
1369 2856 1406 2887 et
1420 2844 1653 2902 ὄρνιθευταὶ
1663 2845 1797 2884 Smin-
