1851 3181
426 170 513 208 600
827 166 1295 204 HERODOTI

97 286 375 356 figgejffls'afflglfi
404 280 576 328 Ξσαῖοι,
615 274 822 327 Ἠδωνοὶ,
848 273 1030 328 Σάτραι.

97 356 224 382 Satrae.

1088 274 1258 318 τούτων
1287 277 1330 319 οἱ
1358 277 1437 331 μὲν
1465 274 1584 330 παρὰ
1609 275 1696 319 θά-

433 348 598 387 λασσαν
637 342 942 398 κατοικημένοι
978 341 1026 385 ἐν
1064 346 1163 399 τῇσι
1217 344 1347 399 νηυσὶ
1396 345 1595 387 εἵποντο·
1656 344 1700 387 οἱ

434 412 480 455 δὲ
519 408 666 453 αὐτῶν
704 408 784 465 τὴν
820 408 1059 466 μεσόγαιαν
1089 411 1326 462 οἰκέοντες,
1365 410 1754 466 καταλεχθέντεςόο

432 495 476 523 τε
505 477 575 522 ὑπ’
618 477 744 532 ἐμεῦ,
782 477 897 534 πλήν
935 478 1145 533 Σατρέων
1182 481 1224 522 οἱ
1264 478 1390 523 ἄλλοι
1418 477 1575 530 πάντες
1593 482 1697 536 πεζῇ

276 551 371 595 111
433 544 777 601 ἀναγκαζόμενοι
807 546 998 590 εἵποντο.
1057 545 1228 601 Σάτραι
1251 546 1296 590 δὲ
1320 545 1501 597 οὐδενός
1531 562 1594 589 κω
1618 544 1698 589 ἀν-
1756 558 1810 600 55
1842 571 1843 574 =

102 616 373 677 ᾗζὲῑηξξξζῗξῐωῖ
429 613 626 668 θρώπων
654 612 843 668 ὑπήκοοι
875 614 1090 670 ἐγένοντο,
1123 614 1233 658 ὅσον
1263 613 1383 671 ἡμεῖς
1413 616 1558 670 ἴδμεν·
1591 610 1701 656 ἀλλὰ

101 688 225 752 ξξζζξῖξζξ
243 683 378 743 ῗξξξξωε
436 684 675 726 διατελεῦσι
696 679 744 723 τό
766 680 888 763 μέχρι
913 681 1015 738 ἐμεῦ
1040 683 1124 726 αἰεὶ
1153 683 1295 734 ἐόντες
1325 682 1565 737 ἐλεύθεροι,
1596 684 1702 735 μοῦ-

439 766 512 793 νοι
543 749 757 804 Θρηῖᾞκων
818 749 1011 794 οἰκέουσί
1038 767 1083 795 τε
1111 751 1196 807 γάρ
1228 751 1363 805 οὔρεα
1391 748 1559 805 ύψηλα,
1589 749 1758 805 ἰ’δῃσί45

435 833 480 861 τε
519 816 752 872 παντοίῃσι
788 817 862 860 καὶ
893 818 1007 874 χιόνι
1027 818 1300 877 συνηρεφέα,
1339 818 1412 861 καὶ
1446 818 1528 861 εἰσὶ
1547 816 1599 860 τὰ
1628 833 1703 860 πο-

102 818 210 851 οοῙυιη,
232 818 313 844 cuius

103 851 270 886 prophetae
280 850 377 878 Bessi.

103 750 171 777 rint.
193 750 300 777 Bacchi

102 783 182 818 aput!
203 793 254 811 eo
273 791 340 810 ora-

403 885 564 941 Ξλέμια
595 883 736 938 α’κροι.

433 953 515 997 εἰσί
544 951 780 1008 ἐκτημένοι.

434 1241 604 1297 Σάτραι]
638 1244 711 1290 Qui
729 1245 848 1283 iidem
869 1259 1043 1283 comme-

377 1309 576 1337 morantur
591 1302 672 1350 VII,
689 1305 735 1342 11
746 1305 764 1342 1
788 1309 825 1339 et
837 1302 940 1354 apud
953 1303 1042 1340 Ste-

377 1355 493 1408 phan.
515 1358 677 1409 Byzant.
698 1371 727 1395 s.
750 1373 787 1396 v.
810 1373 850 1410 p.
875 1360 1043 1400 662.A

378 1416 635 1464 septentrione
654 1414 880 1452 Edonorum
899 1415 990 1452 inde
1022 1429 1044 1452 a

380 1471 560 1521 Pangaeo
580 1478 713 1508 monte
744 1486 865 1524 usque
895 1472 943 1509 ad
964 1474 1044 1508 Ne-

380 1533 481 1563 stum
524 1535 561 1564 et
600 1527 817 1579 Rhodopen
867 1529 1041 1580 adeoque

381 1584 497 1620 etiam
526 1586 719 1620 Haemum
741 1587 789 1633 (si
808 1586 887 1622 scil.
909 1587 1043 1622 Bessos

382 1639 430 1676 ad
441 1641 524 1677 illos
542 1642 730 1690 retuleris)
752 1642 834 1678 illos
854 1640 1043 1679 habitasse

380 1698 488 1746 ponit
520 1698 705 1738 Gatterer.
734 1698 760 1735 l.
790 1699 816 1737 l.
853 1711 942 1749 pag.
975 1700 1042 1738 67.

380 1754 580 1790 Mannerto
600 1755 671 1791 VII
702 1767 790 1804 pag.
812 1757 863 1794 36
881 1755 967 1791 coll.
989 1757 1039 1794 61

380 1809 559 1846 videntur
579 1823 657 1847 esse
677 1812 795 1847 tribus
815 1812 1043 1857 Bessorumz,

381 1879 616 1918 quamquam
631 1868 709 1917 ipse
730 1867 945 1904 Herodotus
962 1868 1043 1913 VII,

385 1926 461 1962 111
498 1924 663 1960 scribens
698 1923 849 1974 Βησσοὶ
892 1921 934 1963 δὲ
965 1926 1044 1962 τῶν

383 1979 634 2030 Σατρέων
652 1979 728 2019 εἰσὶ
752 1980 840 2020 οἱκ-
852 1996 885 2018 τ.
905 1983 940 2019 λ.
951 1993 1046 2017 con-

381 2036 539 2072 trarium
560 2035 714 2075 indicat.
746 2059 799 2064 -
817 2053 822 2055 ⁴
858 2038 903 2073 In
937 2050 1044 2089 seqq.

382 2093 533 2142 reposui
562 2088 716 2131 τούτων
752 2100 789 2129 et
819 2089 955 2133 αὐτων
975 2106 1044 2145 pro

381 2147 552 2187 τουτέων
576 2156 613 2186 et
633 2145 796 2189 αὐτέων

439 2272 538 2325 πεζῇ
563 2267 876 2323 ἀναγκαζόμενοι
906 2272 1043 2312 εἴπον-

383 2329 456 2377 το]
488 2330 587 2364 Nam
606 2327 667 2366 hic
696 2329 767 2365 fuit
784 2337 821 2366 et
840 2332 1044 2366 Persarum

384 2390 422 2420 et
473 2385 634 2421 aliarum
679 2387 832 2422 orientis
871 2387 1044 2436 gentium

384 2453 490 2488 mos,
521 2448 562 2478 ut
582 2443 700 2479 victas
719 2443 893 2479 nationes
913 2455 1045 2478 secum

384 2496 618 2535 abducerent
652 2505 689 2534 et
716 2512 840 2536 ¹suum
876 2500 1046 2549 ipsorum

384 2555 597 2591 exercitum
635 2553 710 2592 hoc
749 2554 867 2592 modo
907 2567 1046 2604 augere

384 2609 593 2648 studerent.
680 2613 830 2648 Monuit
880 2613 1044 2648 Heeren.

385 2665 500 2703 ldeen
521 2669 550 2714 Ι,
576 2670 596 2708 1
620 2681 710 2718 pag.
733 2668 828 2709 515.
857 2669 1047 2718 Exempla

384 2723 646 2762 subministrat
677 2723 817 2761 Herod.
839 2725 920 2772 Vll,
953 2725 1046 2765 115.

798 880 922 930 οὗτοι
954 890 998 932 οἱ
1025 893 1105 932 τοῦ
1137 885 1365 931 Διονύσου
1398 885 1446 930 τό
1487 883 1703 941 μαντήϊόν

840 954 889 998 τὸ
921 955 966 999 δὲ
996 956 1211 1012 μαντήϊον
1238 959 1369 999 τοῦτο
1405 954 1495 998 ε’στι
1523 953 1603 1008 μὲν
1633 942 1704 995 ἐπὶ

435 1024 523 1064 τῶν
554 1019 722 1076 οὐρέων
753 1027 838 1067 τῶν
866 1022 1171 1079 ὑψηλοτάτων·

1232 1023 1395 1080 Βησσοὶ
1426 1023 1472 1066 δὲ
1501 1025 1590 1065 τῶν
1619 1025 1703 1065 Σα-

1322 1244 1542 1295 cap.CX1.

1157 1333 1268 1390 ἴδῃσί
1279 1348 1319 1373 τε
1339 1333 1552 1388 παντοίῃσι
1568 1331 1636 1372 καὶ
1654 1326 1758 1384 χιόνι

1058 1414 1060 1416 -
1101 1376 1355 1442 συνηρεφέα]
1391 1394 1521 1428 montes
1544 1389 1663 1427 multas
1685 1388 1759 1439 sst-

1099 1450 1154 1485 vz's
1171 1450 1317 1498 niveque
1328 1449 1474 1484 obtectos
1484 1447 1671 1497 intelligit.
1693 1446 1760 1481 Tu

1101 1505 1199 1542 conf.
1222 1505 1269 1541 ad
1290 1506 1524 1542 locutionem
1542 1505 1571 1551 Ι,
1590 1505 1678 1544 110.
1694 1502 1758 1549 IV,

1103 1561 1196 1602 104.
1218 1557 1323 1611 χιόνι
1351 1563 1501 1612 reposui
1532 1573 1622 1597 cum
1643 1558 1760 1596 Gaisf.

1101 1625 1138 1654 et
1161 1617 1309 1665 matth„
1335 1631 1403 1668 pro
1415 1613 1567 1666 νιφοῖσι,
1591 1613 1691 1669 quod
1715 1616 1761 1651 li-

1099 1675 1157 1711 bri
1178 1675 1367 1724 ignorant.
1426 1673 1488 1710 Ad
1514 1670 1561 1712 w?
1582 1671 1761 1722 ’,πολέμια

1101 1731 1202 1768 conf.
1223 1737 1317 1767 nott.
1340 1729 1386 1766 ad
1407 1731 1473 1779 ΙΙΙ,
1496 1728 1521 1768 4
1555 1737 1592 1766 et
1621 1729 1670 1766 ad
1688 1741 1761 1766 vo·-

1101 1800 1187 1824 cem
1217 1784 1339 1836 ἕὶκρος
1364 1787 1445 1833 Vn,
1479 1786 1518 1826 5.
1574 1786 1760 1824 Voculam

1103 1845 1142 1883 οἳ
1161 1851 1244 1894 post
1265 1838 1377 1882 οὗτοι
1399 1845 1439 1879 in
1462 1843 1637 1893 proxime
1652 1855 1758 1893 seqq.

1102 1900 1218 1937 deleri
1235 1901 1317 1936 vult
1339 1899 1647 1937 Valekenaerius.
1708 1899 1759 1935 At

1100 1959 1187 1994 libri
1207 1970 1285 1994 non
1307 1956 1502 1994 addicunt.

1158 2046 1308 2096 Βησσοὶ
1331 2044 1373 2086 δὲ
1387 2049 1468 2085 τῶν
1490 2043 1674 2093 Σατρέων
1686 2042 1760 2083 εἰσὶ

1103 2103 1145 2143 οἵ
1174 2099 1497 2155 προφητεύοντες
1533 2105 1603 2141 τοῦ
1639 2101 1757 2152 ἱροῦ]

1102 2161 1255 2205 Quaerit
1270 2159 1532 2207 Valckenaen,
1554 2171 1630 2210 quo
1650 2170 1762 2194 sensu

1101 2219 1207 2254 Bessi
1228 2216 1403 2253 dicautur
1423 2215 1465 2254 οἱ
1482 2211 1762 2265 προφητεύον-

1101 2288 1164 2320 τες
1185 2275 1258 2312 τοῦ
1282 2273 1386 2324 ἱροῦ,
1417 2271 1538 2321 templi
1563 2271 1762 2321 prophetae,
1824 2284 1838 2327 ’ζ

1101 2331 1280 2367 antistites
1300 2341 1478 2366 sacrorum
1498 2341 1528 2365 s.
1548 2328 1678 2379 templi,
1700 2328 1762 2363 in-

1102 2385 1227 2437 deque
1243 2384 1315 2422 hoc
1335 2387 1420 2422 loco
1437 2414 1448 2433 ‚
1476 2398 1566 2421 cum
1586 2385 1762 2435 nuspiam

1103 2443 1192 2478 alibi
1229 2442 1376 2479 dicatur
1407 2437 1677 2493 προφητεύειν
1707 2440 1762 2479 ἱε-

1103 2501 1178 2550 ροῦ
1209 2500 1269 2536 vel
1301 2498 1510 2550 μαντείου,
1540 2498 1763 2548 rescriptum

1102 2555 1185 2592 vult
1225 2555 1266 2595 οἱ
1308 2551 1632 2607 προφητεύοντες
1671 2554 1764 2592 τοῦ

1103 2615 1136 2650 θ
1153 2625 1169 2650 ε
1182 2614 1240 2651 οὗ
1252 2641 1262 2659 ,
1302 2619 1344 2648 ut
1371 2612 1475 2648 Bessi
1499 2611 1760 2661 intelligantur

1105 2682 1125 2704 e
1153 2668 1270 2705 Satris
1290 2668 1609 2719 praestantissimi,
1631 2667 1693 2716 qui
1706 2665 1765 2702 dei

1103 2737 1266 2774 responsa
1289 2737 1353 2775 per
1376 2723 1553 2762 mulierem
1580 2723 1641 2772 (ut
1667 2721 1761 2757 Del-

1104 2779 1215 2831 phis)
1256 2781 1351 2819 edita
1372 2780 1569 2831 fatidicam
1593 2781 1762 2828 interpre-
