1834 3258
398 264 1040 304 POLYMNlA.VII.
1275 267 1354 306 561

90 381 162 425 καὶ
189 377 439 434 προβόλους
470 375 552 420 δύο
583 375 849 430 λυκοεργέας
870 373 1047 425 ἕκαστος
1077 371 1186 429 εἶχε·
1215 373 1283 416 ἐπὶ
1315 373 1361 417 ὁὲ
1418 377 1497 419 543

88 453 187 505 τῇσι
203 449 417 503 κεφαλῇσι
438 443 604 499 κράνεα
619 444 796 499 χάλκεα·
829 441 941 497 πρός
965 443 1010 485 δὲ
1030 447 1146 486 τοῖσι
1165 440 1355 495 κράνεσι,
1368 443 1657 518 ΒΒΞξΞξῇξζῦἓέἒζῇ

93 512 180 560 ὦτά
210 530 254 558 τε
284 515 356 557 καὶ
384 513 510 568 κέρεα
531 516 703 568 προσῆν
736 510 842 568 βοὸς
898 510 1057 566 χάλκεα
1075 525 1085 535 ·
1116 510 1282 566 ἐπῆσαν
1313 511 1359 553 δὲ
1415 520 1452 540 ³⁰
1473 511 1556 540 ducis
1574 515 1665 548 ems}

90 583 163 628 καὶ
182 581 338 638 λόφοι·
370 580 448 631 τάς
466 580 511 623 δὲ
530 580 698 636 κνήμας
722 579 873 635 ῥάκεσι
895 579 1159 634 φοινικέοισι
1178 581 1357 623 κατειλί-

90 667 211 708 χατο.
244 651 291 694 ἐν
310 648 505 692 τούτοισι
534 653 648 691 τοῖσι
681 646 866 702 ἀνδράσι
885 647 1037 701 ’Ἀρεός
1067 647 1154 690 ἐστι
1173 647 1356 705 χρηστή-

91 735 202 774 ριον.
260 716 479 774 Καβηλέες
508 716 554 760 δὲ
583 718 627 761 οἱ
644 718 851 772 Μηίονες,
884 715 1099 760 Λασόνιοι
1129 716 1174 760 δὲ
1203 717 1361 762 καλεύ-

1423 709 1533 736 Martis
1553 719 1657 737 oram<

1426 743 1497 772 lum.
1508 743 1691 772 Cabelcnscs

31 907 138 944 tinuo
148 910 383 942 memoratur
393 904 602 950 oraculum,
616 910 698 941 tum

32 977 78 1001 eo
100 961 203 1015 quod
225 961 415 1013 Chalybes
436 961 612 1011 gentibus
634 974 698 998 su-

32 1033 101 1071 pra
120 1019 338 1057 memoratis
355 1018 496 1054 fuerint
515 1017 646 1055 affines
666 1019 698 1066 Ι,

33 1079 102 1118 28.
158 1077 285 1127 Atque
314 1073 383 1112 hos
415 1073 601 1126 Chalybes
629 1088 698 1125 pro

32 1140 139 1185 parte
177 1133 340 1169 nationis
370 1131 599 1167 Cimmeriae
619 1131 698 1168 dis-

32 1203 186 1242 persae,
218 1202 316 1241 quae
346 1187 394 1224 ad
413 1188 541 1239 Halyn
572 1201 614 1224 ac
635 1188 698 1225 Si-

33 1260 162 1298 nopen
180 1245 415 1292 consederit,
453 1243 587 1281 haberi
617 1246 699 1282 vult

32 1302 209 1350 Volcker‚
238 1300 362 1354 Myth.
385 1302 525 1352 Geogr.
542 1315 580 1352 p.
601 1304 697 1342 209.

32 1362 91 1397 De
120 1361 307 1410 Aegyptiis
326 1372 375 1395 ne
401 1360 483 1411 quis
506 1357 568 1395 hic
590 1359 698 1408 cogi-

33 1424 107 1455 tet:
153 1418 294 1469 quippe
324 1428 490 1468 quorum
519 1416 624 1451 nulla
656 1416 697 1452 in

33 1473 108 1511 hoc
150 1476 326 1524 gentium
365 1471 490 1508 indice
528 1474 698 1520 menti03

32 1544 125 1567 nam
143 1532 222 1581 ipse
234 1528 449 1566 Herodotus
466 1542 619 1566 causam
639 1529 699 1565 af-

32 1587 106 1624 fert
138 1589 208 1634 IX,
239 1590 306 1628 32.
365 1587 458 1623 Utut
487 1593 566 1633 est,
601 1584 699 1622 nihil

33 1657 123 1682 sane
145 1643 316 1691 dubium,
346 1644 525 1680 lacunam
552 1644 593 1679 in
618 1644 698 1679 He—

33 1700 210 1750 rodoteis,
233 1701 359 1753 qualia
387 1714 490 1737 nuno
510 1700 697 1749 feruntur,

35 1765 180 1795 exstare
230 1770 393 1809 eamque
431 1757 698 1809 perantiquam

34 1829 114 1853 esse
134 1822 169 1852 et
184 1815 287 1852 libris
306 1814 463 1865 scriptis,
485 1815 550 1867 qui
570 1812 696 1852 adhuc

32 1878 247 1924 supersunt,
268 1873 449 1922 priorem.

88 1928 156 1968 καὶ
176 1924 401 1980 προβόλους
426 1922 502 1966 δύο
531 1929 696 1979 λυκοερ-

35 1983 152 2038 γέας]
184 1980 411 2035 προβόλους
439 1985 574 2020 Noster
602 1983 698 2021 dixit

35 2041 223 2088 venabula,
236 2041 360 2078 hastas
379 2054 408 2079 s.
422 2044 561 2088 veruta,
583 2035 699 2080 οἷκὸν-

34 2113 119 2147 τια,
140 2105 183 2135 ut
203 2099 369 2135 Graecus
397 2096 555 2150 quidam
575 2109 699 2148 expo—

34 2156 91 2192 nit
110 2156 395 2205 grammaticus.
423 2155 503 2191 Nec
523 2154 595 2190 alio
608 2167 698 2205 per-

35 2212 169 2249 tinebit
194 2207 415 2263 προβόλων
438 2209 540 2262 apud
560 2212 698 2248 Xeno-

34 2267 221 2320 phontem
235 2270 276 2304 in
298 2269 483 2320 Cyneget.
507 2271 558 2308 10
581 2269 617 2313 ξ.
633 2271 698 2308 12.

41 2327 91 2366 16
113 2332 150 2362 et
174 2322 420 2376 προβόλαιον
448 2323 550 2375 apud
572 2326 698 2361 Hero-

38 2379 172 2418 dotum
186 2383 268 2429 VII,
285 2381 377 2430 148,
398 2383 464 2419 ubi
476 2381 578 2419 conf.
599 2388 698 2423 nott.

35 2438 130 2474 Mox
164 2437 265 2474 edidi
293 2437 527 2491 λυκοεργέας
555 2452 576 2474 e
596 2439 699 2476 San-

37 2494 148 2532 crofti
176 2495 271 2531 libro
303 2495 460 2547 aliisque
489 2502 526 2532 et
545 2497 699 2546 Harpo-

37 2551 223 2598 cratione,
245 2550 385 2599 suida,
414 2551 576 2601 Photio,
608 2565 698 2589 cum

37 2606 236 2644 Athenaeo
267 2608 325 2643 XI
367 2621 406 2658 p.
426 2607 522 2656 486,
553 2610 619 2660 qui
637 2616 699 2646 ta-

37 2676 130 2701 men
160 2665 271 2701 scribi
286 2664 405 2700 voluit
434 2663 696 2717 λυκιοεργέας,

38 2727 81 2758 ut
110 2722 185 2759 sint
202 2720 377 2759 venabula
408 2722 447 2757 in
475 2720 595 2771 Lycia
625 2721 699 2759 ela-

40 2776 182 2826 borata,
223 2777 266 2818 ἐν
294 2776 431 2831 Λυκίᾳ
451 2775 699 2829 εἰργασμένα.

42 2833 165 2886 Atque
184 2835 236 2871 ita
265 2841 349 2885 post
368 2835 700 2883 Iungermannum

43 2887 210 2928 exhibuit
231 2890 457 2929 Schaeferus
478 2897 514 2927 et
541 2889 699 2927 Bekke-

98 2947 320 2986 Henonor.
339 2948 409 2984 III.

754 916 829 951 rus,
861 902 971 941 valde
990 904 1176 955 probante
1200 906 1416 958 Bellanger.

754 962 794 996 in
813 967 910 998 nott.
932 960 1033 1012 apud
1063 961 1314 1001 Larcherum.
1370 966 1414 1000 In

753 1018 974 1055 Florentino
1005 1019 1162 1071 aliisque
1197 1027 1318 1058 exstat
1345 1023 1416 1059 λυ-

754 1073 936 1126 κεργέας,
988 1075 1090 1127 quod
1138 1078 1417 1127 Wesselingius

756 1131 885 1169 edidit.
942 1132 1136 1183 Equidem
1181 1134 1417 1186 reliquorum

754 1189 941 1225 librorum
971 1191 1233 1227 auctoritatem
1267 1199 1418 1229 secutus

754 1244 990 1298 λυκοεργεας
1027 1247 1254 1298 interpretor
1282 1252 1416 1296 veruta,

756 1315 845 1352 quae
875 1302 970 1353 lupis
999 1304 1192 1341 coercendis
1217 1317 1247 1341 s.
1280 1306 1417 1356 interfi-

755 1359 886 1396 ciendis
913 1361 986 1396 sint
1008 1364 1114 1410 apta‚·
1150 1362 1248 1397 bene
1267 1375 1419 1398 memor

753 1429 848 1453 voce
878 1412 1100 1468 προβόλους
1129 1418 1334 1468 significari
1349 1432 1419 1469 pa-

754 1475 931 1510 storitium
964 1474 1084 1510 telum
1104 1488 1133 1511 s.
1162 1477 1418 1513 venatorium.

753 1531 931 1582 Namque
959 1530 1208 1581 cogitandum
1225 1561 1235 1580 ‚
1268 1534 1416 1583 opinor,

755 1586 802 1624 de
823 1594 939 1637 gente
958 1589 1150 1638 pastoritia
1165 1619 1176 1637 ‚
1207 1602 1305 1641 quae
1325 1590 1419 1626 soli-

753 1650 791 1681 ta
818 1644 888 1680 sibi
916 1656 1022 1681 arma
1052 1646 1093 1681 in
1127 1645 1273 1683 bellum
1298 1646 1419 1697 profi-

755 1702 897 1738 ciscens
937 1702 1105 1739 retinuit.
1165 1703 1249 1748 Quo
1280 1702 1418 1740 eodem

754 1756 858 1795 haud
878 1758 955 1795 scio
984 1771 1033 1795 an
1062 1766 1233 1810 spectent
1252 1761 1418 1811 insignia

752 1816 869 1866 galeis
905 1814 1033 1853 addita
1067 1817 1218 1853 aurium
1257 1824 1293 1853 et
1331 1829 1419 1853 cor-

751 1885 876 1908 nutun
895 1872 1125 1910 bovinorum
1146 1887 1195 1910 ex
1215 1886 1301 1910 aere
1322 1886 1419 1911 con-

755 1929 956 1968 feotorum.

811 2015 882 2065 τάς
912 2013 1068 2069 κνήμας
1101 2015 1240 2069 ῥάκεσι
1280 2034 1418 2068 φοινι-

754 2073 879 2114 κεόισι
906 2076 1176 2126 κατειλίχατο]
1207 2077 1232 2113 i.
1255 2089 1287 2112 e.
1310 2089 1419 2113 crura

748 2134 937 2182 purpureis
962 2134 1095 2182 pannis
1123 2133 1280 2170 involuta
1310 2133 1419 2170 liabe-

753 2189 852 2226 bant.
912 2189 1011 2226 citat
1038 2189 1213 2228 Eustath.
1244 2188 1293 2226 ad
1313 2190 1356 2226 ll.
1378 2204 1418 2240 p.

754 2245 848 2292 234,
882 2244 933 2286 14-
956 2259 986 2283 s.
1009 2248 1101 2293 177,
1122 2249 1188 2295 26,
1220 2247 1286 2298 qui
1314 2245 1418 2283 idem

756 2301 805 2339 ad
833 2303 992 2355 Dionys.
1013 2304 1163 2354 Perieg.
1194 2306 1276 2345 793
1302 2304 1417 2340 etiam

753 2360 870 2397 verba
898 2361 1096 2412 sequentia
1128 2361 1293 2407 excitat,
1337 2373 1419 2397 non

755 2415 1062 2454 animadvertens
1101 2416 1285 2454 excidisse
1316 2430 1418 2454 non-

755 2472 851 2510 nihil
871 2475 979 2511 initio
1008 2472 1122 2511 huius
1153 2475 1298 2526 capitis.
1355 2473 1419 2509 Ad

755 2530 920 2567 formam
962 2531 1203 2582 κατειλίχατο
1236 2531 1337 2568 conf.
1361 2531 1418 2566 al-

753 2587 829 2624 lata
858 2586 906 2624 ad
940 2588 1020 2635 VII,
1053 2590 1108 2628 62
1140 2595 1176 2625 et
1211 2586 1258 2624 de
1299 2588 1417 2625 verbo

753 2644 1011 2684 κατειλίσσειν
1039 2645 1121 2692 vll,
1146 2647 1240 2685 181.

933 2733 1025 2786 Cap.
1044 2734 1238 2771 LXXVII.

814 2833 1042 2888 Καβηλέες]
1064 2833 1150 2872 Vid.
1171 2841 1267 2872 nott.
1288 2832 1336 2871 ad
1352 2835 1417 2881 111,

757 2894 810 2933 90
822 2900 859 2930 et
881 2892 930 2930 ad
951 2892 1141 2988 Μηίονὲεὲςἰ
1155 2898 1252 2929 nott.
1273 2890 1320 2928 ad
1337 2892 1416 2937 Vn,
