<?xml version="1.0" encoding="UTF-8"?>
<!DOCTYPE html PUBLIC "-//W3C//DTD XHTML 1.0 Transitional//EN"
    "http://www.w3.org/TR/xhtml1/DTD/xhtml1-transitional.dtd">
<html xmlns="http://www.w3.org/1999/xhtml" xml:lang="en" lang="en">
 <head>
  <title>
</title>
<meta http-equiv="Content-Type" content="text/html;charset=utf-8" />
  <meta name='ocr-system' content='tesseract 3.04.00' />
  <meta name='ocr-capabilities' content='ocr_page ocr_carea ocr_par ocr_line ocrx_word'/>
</head>
<body>
  <div class='ocr_page' id='page_1' title='image "./musaeherodoto03hero/musaeherodoto03hero_0832.png"; bbox 0 0 1806 3181; ppageno 0'>
   <div class='ocr_carea' id='block_1_1' title="bbox 281 145 1806 348">
    <p class='ocr_par' dir='ltr' id='par_1_1' title="bbox 281 145 1806 348">
     <span class='ocr_line' id='line_1_1' title="bbox 1796 145 1806 179; baseline 0 0"><span class='ocrx_word' id='word_1_1' title='bbox 1796 145 1806 179; x_wconf 66' lang='lat' dir='ltr'>&#39;i</span> 
     </span>
     <span class='ocr_line' id='line_1_2' title="bbox 281 172 1806 235; baseline 0.011 -24"><span class='ocrx_word' id='word_1_2' title='bbox 281 172 365 212; x_wconf 83' lang='grc'>816</span> <span class='ocrx_word' id='word_1_3' title='bbox 850 180 883 216; x_wconf 91' lang='grc' dir='ltr'>Α</span> <span class='ocrx_word' id='word_1_4' title='bbox 905 183 938 218; x_wconf 94' lang='lat' dir='ltr'>D</span> <span class='ocrx_word' id='word_1_5' title='bbox 958 183 992 218; x_wconf 90' lang='lat' dir='ltr'>D</span> <span class='ocrx_word' id='word_1_6' title='bbox 1012 184 1044 219; x_wconf 91' lang='lat' dir='ltr'><strong>E</strong></span> <span class='ocrx_word' id='word_1_7' title='bbox 1065 185 1097 220; x_wconf 93' lang='lat' dir='ltr'>N</span> <span class='ocrx_word' id='word_1_8' title='bbox 1117 185 1151 220; x_wconf 94' lang='lat' dir='ltr'>D</span> <span class='ocrx_word' id='word_1_9' title='bbox 1172 186 1207 222; x_wconf 89' lang='lat' dir='ltr'><strong>A</strong></span> <span class='ocrx_word' id='word_1_10' title='bbox 1795 185 1806 235; x_wconf 65' lang='lat' dir='ltr'>J</span> 
     </span>
     <span class='ocr_line' id='line_1_3' title="bbox 284 278 1806 348; baseline 0.005 -21"><span class='ocrx_word' id='word_1_11' title='bbox 284 280 334 314; x_wconf 67' lang='lat' dir='ltr'>Ad</span> <span class='ocrx_word' id='word_1_12' title='bbox 360 282 401 324; x_wconf 67' lang='lat' dir='ltr'>Vs</span> <span class='ocrx_word' id='word_1_13' title='bbox 424 282 469 317; x_wconf 73' lang='grc'>92</span> <span class='ocrx_word' id='word_1_14' title='bbox 493 284 524 325; x_wconf 70' lang='grc' dir='ltr'>ἓ·</span> <span class='ocrx_word' id='word_1_15' title='bbox 541 283 564 318; x_wconf 88' lang='grc'>7</span> <span class='ocrx_word' id='word_1_16' title='bbox 586 295 664 330; x_wconf 71' lang='lat' dir='ltr'>Pag-</span> <span class='ocrx_word' id='word_1_17' title='bbox 693 288 770 322; x_wconf 88' lang='lat'>191·</span> <span class='ocrx_word' id='word_1_18' title='bbox 818 288 884 324; x_wconf 90' lang='lat' dir='ltr'>Pro</span> <span class='ocrx_word' id='word_1_19' title='bbox 908 287 977 325; x_wconf 73' lang='grc' dir='ltr'>οὔκ</span> <span class='ocrx_word' id='word_1_20' title='bbox 1000 285 1053 325; x_wconf 65' lang='grc' dir='ltr'>εἶν</span> <span class='ocrx_word' id='word_1_21' title='bbox 1076 290 1123 348; x_wconf 68' lang='grc' dir='ltr'><em>ἢν</em></span> <span class='ocrx_word' id='word_1_22' title='bbox 1144 291 1194 338; x_wconf 79' lang='grc' dir='ltr'><em>μή</em></span> <span class='ocrx_word' id='word_1_23' title='bbox 1218 293 1413 340; x_wconf 77' lang='grc' dir='ltr'><strong><em>παύσησθε</em></strong></span> <span class='ocrx_word' id='word_1_24' title='bbox 1435 296 1562 343; x_wconf 85' lang='lat' dir='ltr'>Negris</span> <span class='ocrx_word' id='word_1_25' title='bbox 1584 300 1676 335; x_wconf 81' lang='lat' dir='ltr'>dedit</span> <span class='ocrx_word' id='word_1_26' title='bbox 1700 299 1765 337; x_wconf 49' lang='grc' dir='ltr'>οὔὮ</span> <span class='ocrx_word' id='word_1_27' title='bbox 1800 278 1806 334; x_wconf 63' lang='lat' dir='ltr'>‘i</span> 
     </span>
    </p>
   </div>
   <div class='ocr_carea' id='block_1_2' title="bbox 501 329 1766 416">
    <p class='ocr_par' dir='ltr' id='par_1_2' title="bbox 501 329 1766 416">
     <span class='ocr_line' id='line_1_4' title="bbox 501 329 1766 388; baseline 0.017 -26"><span class='ocrx_word' id='word_1_28' title='bbox 501 341 575 363; x_wconf 86' lang='grc' dir='ltr'><em>κων</em></span> <span class='ocrx_word' id='word_1_29' title='bbox 603 329 792 368; x_wconf 79' lang='grc' dir='ltr'><strong><em>παύσεσθε</em></strong></span> <span class='ocrx_word' id='word_1_30' title='bbox 825 341 860 369; x_wconf 89' lang='lat' dir='ltr'>et</span> <span class='ocrx_word' id='word_1_31' title='bbox 897 349 973 371; x_wconf 87' lang='lat' dir='ltr'>mox</span> <span class='ocrx_word' id='word_1_32' title='bbox 1005 342 1244 384; x_wconf 76' lang='grc' dir='ltr'><em>πειρησεσθε,</em></span> <span class='ocrx_word' id='word_1_33' title='bbox 1283 343 1372 388; x_wconf 90' lang='lat' dir='ltr'>quod</span> <span class='ocrx_word' id='word_1_34' title='bbox 1395 344 1485 378; x_wconf 87' lang='lat' dir='ltr'>idem</span> <span class='ocrx_word' id='word_1_35' title='bbox 1514 347 1596 381; x_wconf 84' lang='lat' dir='ltr'>fecit</span> <span class='ocrx_word' id='word_1_36' title='bbox 1617 348 1766 384; x_wconf 83' lang='lat' dir='ltr'>Bekker·</span> 
     </span>
     <span class='ocr_line' id='line_1_5' title="bbox 502 376 903 416; baseline 0.02 -8"><span class='ocrx_word' id='word_1_37' title='bbox 502 376 732 413; x_wconf 81' lang='lat' dir='ltr'>Gaisfordium</span> <span class='ocrx_word' id='word_1_38' title='bbox 756 385 903 416; x_wconf 87' lang='lat' dir='ltr'>secutus.</span> 
     </span>
    </p>
   </div>
   <div class='ocr_carea' id='block_1_3' title="bbox 257 417 1806 2678">
    <p class='ocr_par' dir='ltr' id='par_1_3' title="bbox 283 417 1767 747">
     <span class='ocr_line' id='line_1_6' title="bbox 283 417 1767 484; baseline 0.015 -33"><span class='ocrx_word' id='word_1_39' title='bbox 283 417 335 452; x_wconf 81' lang='lat' dir='ltr'>Ad</span> <span class='ocrx_word' id='word_1_40' title='bbox 360 420 402 462; x_wconf 90' lang='lat' dir='ltr'>V,</span> <span class='ocrx_word' id='word_1_41' title='bbox 426 419 472 457; x_wconf 82' lang='lat'>94</span> <span class='ocrx_word' id='word_1_42' title='bbox 493 433 572 466; x_wconf 84' lang='lat' dir='ltr'>pag.</span> <span class='ocrx_word' id='word_1_43' title='bbox 600 424 674 458; x_wconf 86' lang='grc'>192.</span> <span class='ocrx_word' id='word_1_44' title='bbox 725 428 962 462; x_wconf 81' lang='lat' dir='ltr'>Anthemuntis</span> <span class='ocrx_word' id='word_1_45' title='bbox 983 430 1090 472; x_wconf 67' lang='lat' dir='ltr'>urbis,</span> <span class='ocrx_word' id='word_1_46' title='bbox 1113 431 1156 464; x_wconf 92' lang='lat' dir='ltr'>de</span> <span class='ocrx_word' id='word_1_47' title='bbox 1179 432 1290 477; x_wconf 88' lang='lat' dir='ltr'>quain</span> <span class='ocrx_word' id='word_1_48' title='bbox 1314 439 1397 469; x_wconf 89' lang='lat' dir='ltr'>nott.</span> <span class='ocrx_word' id='word_1_49' title='bbox 1421 435 1504 477; x_wconf 85' lang='lat' dir='ltr'>dixi,</span> <span class='ocrx_word' id='word_1_50' title='bbox 1526 437 1642 472; x_wconf 87' lang='lat' dir='ltr'>ruinas</span> <span class='ocrx_word' id='word_1_51' title='bbox 1663 450 1767 484; x_wconf 81' lang='lat' dir='ltr'>quas-</span> 
     </span>
     <span class='ocr_line' id='line_1_7' title="bbox 501 468 1766 526; baseline 0.016 -27"><span class='ocrx_word' id='word_1_52' title='bbox 501 468 578 500; x_wconf 87' lang='lat' dir='ltr'>dam</span> <span class='ocrx_word' id='word_1_53' title='bbox 601 480 689 504; x_wconf 88' lang='lat' dir='ltr'>nunc</span> <span class='ocrx_word' id='word_1_54' title='bbox 712 471 776 505; x_wconf 84' lang='lat' dir='ltr'>sibi</span> <span class='ocrx_word' id='word_1_55' title='bbox 801 474 971 508; x_wconf 87' lang='lat' dir='ltr'>detexisse</span> <span class='ocrx_word' id='word_1_56' title='bbox 993 476 1129 511; x_wconf 88' lang='lat' dir='ltr'>videtur</span> <span class='ocrx_word' id='word_1_57' title='bbox 1154 478 1352 524; x_wconf 74' lang='lat' dir='ltr'>Cousinery.</span> <span class='ocrx_word' id='word_1_58' title='bbox 1384 483 1541 526; x_wconf 78' lang='lat' dir='ltr'>(Voyage</span> <span class='ocrx_word' id='word_1_59' title='bbox 1566 496 1608 517; x_wconf 91' lang='lat' dir='ltr'>en</span> <span class='ocrx_word' id='word_1_60' title='bbox 1633 485 1766 518; x_wconf 83' lang='lat' dir='ltr'>Maced.</span> 
     </span>
     <span class='ocr_line' id='line_1_8' title="bbox 496 513 1765 569; baseline 0.014 -22"><span class='ocrx_word' id='word_1_61' title='bbox 496 513 514 546; x_wconf 93' lang='lat' dir='ltr'>I</span> <span class='ocrx_word' id='word_1_62' title='bbox 540 525 571 557; x_wconf 89' lang='lat' dir='ltr'>p.</span> <span class='ocrx_word' id='word_1_63' title='bbox 598 515 681 559; x_wconf 81' lang='lat'>141)</span> <span class='ocrx_word' id='word_1_64' title='bbox 707 519 748 550; x_wconf 90' lang='lat' dir='ltr'>ad</span> <span class='ocrx_word' id='word_1_65' title='bbox 773 519 862 552; x_wconf 82' lang='lat' dir='ltr'>viam</span> <span class='ocrx_word' id='word_1_66' title='bbox 879 532 1030 565; x_wconf 84' lang='lat' dir='ltr'>magnam</span> <span class='ocrx_word' id='word_1_67' title='bbox 1054 523 1149 565; x_wconf 85' lang='lat' dir='ltr'>sitas,</span> <span class='ocrx_word' id='word_1_68' title='bbox 1173 536 1261 569; x_wconf 88' lang='lat' dir='ltr'>quae</span> <span class='ocrx_word' id='word_1_69' title='bbox 1285 527 1328 559; x_wconf 88' lang='lat' dir='ltr'>ab</span> <span class='ocrx_word' id='word_1_70' title='bbox 1352 528 1435 561; x_wconf 90' lang='lat' dir='ltr'>urbe</span> <span class='ocrx_word' id='word_1_71' title='bbox 1470 529 1765 565; x_wconf 83' lang='lat' dir='ltr'>Thessalonicensi</span> 
     </span>
     <span class='ocr_line' id='line_1_9' title="bbox 497 559 1766 621; baseline 0.016 -30"><span class='ocrx_word' id='word_1_72' title='bbox 497 559 716 606; x_wconf 81' lang='lat' dir='ltr'>(salonichi)</span> <span class='ocrx_word' id='word_1_73' title='bbox 749 564 914 610; x_wconf 81' lang='lat' dir='ltr'>hodieque</span> <span class='ocrx_word' id='word_1_74' title='bbox 941 568 1036 601; x_wconf 88' lang='lat' dir='ltr'>ducit</span> <span class='ocrx_word' id='word_1_75' title='bbox 1061 569 1152 602; x_wconf 88' lang='lat' dir='ltr'>Siriu</span> <span class='ocrx_word' id='word_1_76' title='bbox 1186 571 1344 615; x_wconf 87' lang='lat' dir='ltr'>(Serres)</span> <span class='ocrx_word' id='word_1_77' title='bbox 1375 585 1438 607; x_wconf 91' lang='lat' dir='ltr'>nec</span> <span class='ocrx_word' id='word_1_78' title='bbox 1460 575 1601 608; x_wconf 82' lang='lat' dir='ltr'>muitum</span> <span class='ocrx_word' id='word_1_79' title='bbox 1623 576 1667 609; x_wconf 85' lang='lat' dir='ltr'>ab</span> <span class='ocrx_word' id='word_1_80' title='bbox 1689 577 1766 621; x_wconf 78' lang='lat' dir='ltr'>ipsa</span> 
     </span>
     <span class='ocr_line' id='line_1_10' title="bbox 495 605 1765 663; baseline 0.015 -26"><span class='ocrx_word' id='word_1_81' title='bbox 495 605 743 642; x_wconf 84' lang='lat' dir='ltr'><strong>Thessalonica</strong></span> <span class='ocrx_word' id='word_1_82' title='bbox 776 616 934 646; x_wconf 83' lang='lat' dir='ltr'>remotas.</span> <span class='ocrx_word' id='word_1_83' title='bbox 984 615 1094 658; x_wconf 83' lang='lat' dir='ltr'>Prope</span> <span class='ocrx_word' id='word_1_84' title='bbox 1130 627 1214 660; x_wconf 89' lang='lat' dir='ltr'>quas</span> <span class='ocrx_word' id='word_1_85' title='bbox 1248 619 1369 651; x_wconf 88' lang='lat' dir='ltr'>multos</span> <span class='ocrx_word' id='word_1_86' title='bbox 1403 631 1521 663; x_wconf 84' lang='lat' dir='ltr'>regum</span> <span class='ocrx_word' id='word_1_87' title='bbox 1544 621 1765 656; x_wconf 81' lang='lat' dir='ltr'>Macedoniae</span> 
     </span>
     <span class='ocr_line' id='line_1_11' title="bbox 498 650 1764 711; baseline 0.016 -29"><span class='ocrx_word' id='word_1_88' title='bbox 498 650 647 696; x_wconf 83' lang='lat' dir='ltr'><strong>itemque</strong></span> <span class='ocrx_word' id='word_1_89' title='bbox 671 661 829 699; x_wconf 85' lang='lat' dir='ltr'>posterae</span> <span class='ocrx_word' id='word_1_90' title='bbox 861 659 984 692; x_wconf 70' lang='lat' dir='ltr'>aetatis</span> <span class='ocrx_word' id='word_1_91' title='bbox 1017 672 1132 694; x_wconf 88' lang='lat' dir='ltr'>numos</span> <span class='ocrx_word' id='word_1_92' title='bbox 1165 663 1208 695; x_wconf 89' lang='lat' dir='ltr'>ad</span> <span class='ocrx_word' id='word_1_93' title='bbox 1232 663 1394 698; x_wconf 86' lang='lat' dir='ltr'>decimum</span> <span class='ocrx_word' id='word_1_94' title='bbox 1429 672 1532 711; x_wconf 81' lang='lat' dir='ltr'>atque</span> <span class='ocrx_word' id='word_1_95' title='bbox 1555 667 1764 702; x_wconf 88' lang='lat' dir='ltr'>undecimum</span> 
     </span>
     <span class='ocr_line' id='line_1_12' title="bbox 496 701 1451 747; baseline 0.015 -18"><span class='ocrx_word' id='word_1_96' title='bbox 496 707 604 741; x_wconf 85' lang='lat' dir='ltr'>usque</span> <span class='ocrx_word' id='word_1_97' title='bbox 627 701 794 735; x_wconf 77' lang='lat' dir='ltr'>saeculum</span> <span class='ocrx_word' id='word_1_98' title='bbox 821 705 1027 747; x_wconf 75' lang='lat' dir='ltr'><strong>pertinentes</strong></span> <span class='ocrx_word' id='word_1_99' title='bbox 1050 706 1191 741; x_wconf 84' lang='lat' dir='ltr'>inveniri</span> <span class='ocrx_word' id='word_1_100' title='bbox 1213 708 1299 741; x_wconf 86' lang='lat' dir='ltr'>idem</span> <span class='ocrx_word' id='word_1_101' title='bbox 1317 710 1451 744; x_wconf 84' lang='lat' dir='ltr'>asserit.</span> 
     </span>
    </p>

    <p class='ocr_par' dir='ltr' id='par_1_4' title="bbox 279 738 1764 892">
     <span class='ocr_line' id='line_1_13' title="bbox 279 738 1762 804; baseline 0.013 -31"><span class='ocrx_word' id='word_1_102' title='bbox 279 738 331 772; x_wconf 86' lang='lat' dir='ltr'>Ad</span> <span class='ocrx_word' id='word_1_103' title='bbox 349 739 391 782; x_wconf 92' lang='lat' dir='ltr'>V,</span> <span class='ocrx_word' id='word_1_104' title='bbox 414 741 459 776; x_wconf 82' lang='lat'>94</span> <span class='ocrx_word' id='word_1_105' title='bbox 482 753 560 787; x_wconf 84' lang='lat' dir='ltr'>pag.</span> <span class='ocrx_word' id='word_1_106' title='bbox 581 746 647 779; x_wconf 74' lang='lat'>194</span> <span class='ocrx_word' id='word_1_107' title='bbox 671 747 732 781; x_wconf 85' lang='lat' dir='ltr'>col.</span> <span class='ocrx_word' id='word_1_108' title='bbox 758 749 855 792; x_wconf 88' lang='lat' dir='ltr'>prim.</span> <span class='ocrx_word' id='word_1_109' title='bbox 881 750 937 783; x_wconf 88' lang='lat' dir='ltr'>lin.</span> <span class='ocrx_word' id='word_1_110' title='bbox 955 753 978 786; x_wconf 91' lang='lat'><strong><em>5</em></strong></span> <span class='ocrx_word' id='word_1_111' title='bbox 1003 753 1046 785; x_wconf 84' lang='lat' dir='ltr'>ab</span> <span class='ocrx_word' id='word_1_112' title='bbox 1070 753 1130 786; x_wconf 90' lang='lat' dir='ltr'>inf.</span> <span class='ocrx_word' id='word_1_113' title='bbox 1154 765 1214 797; x_wconf 87' lang='lat' dir='ltr'>pro</span> <span class='ocrx_word' id='word_1_114' title='bbox 1241 756 1282 796; x_wconf 88' lang='lat' dir='ltr'>V,</span> <span class='ocrx_word' id='word_1_115' title='bbox 1306 757 1359 789; x_wconf 76' lang='lat'>64</span> <span class='ocrx_word' id='word_1_116' title='bbox 1383 757 1560 799; x_wconf 75' lang='lat' dir='ltr'>legendum</span> <span class='ocrx_word' id='word_1_117' title='bbox 1584 758 1626 800; x_wconf 86' lang='lat' dir='ltr'>V,</span> <span class='ocrx_word' id='word_1_118' title='bbox 1650 760 1704 794; x_wconf 87' lang='lat'>65</span> <span class='ocrx_word' id='word_1_119' title='bbox 1728 770 1762 804; x_wconf 83' lang='lat' dir='ltr'>p.</span> 
     </span>
     <span class='ocr_line' id='line_1_14' title="bbox 500 791 1764 849; baseline 0.013 -27"><span class='ocrx_word' id='word_1_120' title='bbox 500 792 516 823; x_wconf 87' lang='lat'>1</span> <span class='ocrx_word' id='word_1_121' title='bbox 534 792 596 823; x_wconf 87' lang='grc'>10.</span> <span class='ocrx_word' id='word_1_122' title='bbox 645 791 696 825; x_wconf 89' lang='lat' dir='ltr'>De</span> <span class='ocrx_word' id='word_1_123' title='bbox 718 794 790 838; x_wconf 86' lang='lat' dir='ltr'>ipso</span> <span class='ocrx_word' id='word_1_124' title='bbox 815 795 917 839; x_wconf 80' lang='lat' dir='ltr'>Sigeo</span> <span class='ocrx_word' id='word_1_125' title='bbox 942 801 975 830; x_wconf 87' lang='lat' dir='ltr'>et</span> <span class='ocrx_word' id='word_1_126' title='bbox 999 803 1117 832; x_wconf 88' lang='lat' dir='ltr'>vetere</span> <span class='ocrx_word' id='word_1_127' title='bbox 1141 805 1175 832; x_wconf 89' lang='lat' dir='ltr'>et</span> <span class='ocrx_word' id='word_1_128' title='bbox 1199 801 1388 835; x_wconf 82' lang='lat' dir='ltr'>recentiore</span> <span class='ocrx_word' id='word_1_129' title='bbox 1410 803 1477 836; x_wconf 85' lang='lat' dir='ltr'>vid.</span> <span class='ocrx_word' id='word_1_130' title='bbox 1503 815 1636 849; x_wconf 87' lang='lat' dir='ltr'>quoque</span> <span class='ocrx_word' id='word_1_131' title='bbox 1660 804 1764 839; x_wconf 81' lang='lat' dir='ltr'>Choi-</span> 
     </span>
     <span class='ocr_line' id='line_1_15' title="bbox 497 835 1328 892; baseline 0.017 -25"><span class='ocrx_word' id='word_1_132' title='bbox 497 835 759 874; x_wconf 69' lang='lat' dir='ltr'>seul-Gouffier.</span> <span class='ocrx_word' id='word_1_133' title='bbox 785 841 925 886; x_wconf 79' lang='lat' dir='ltr'>Voyage</span> <span class='ocrx_word' id='word_1_134' title='bbox 950 850 1015 876; x_wconf 86' lang='lat' dir='ltr'>etc.</span> <span class='ocrx_word' id='word_1_135' title='bbox 1041 845 1074 877; x_wconf 93' lang='grc' dir='ltr'>ΙΙ</span> <span class='ocrx_word' id='word_1_136' title='bbox 1101 857 1133 889; x_wconf 87' lang='lat' dir='ltr'>p.</span> <span class='ocrx_word' id='word_1_137' title='bbox 1160 844 1228 880; x_wconf 85' lang='lat'>438</span> <span class='ocrx_word' id='word_1_138' title='bbox 1255 858 1328 892; x_wconf 86' lang='lat' dir='ltr'>seq.</span> 
     </span>
    </p>

    <p class='ocr_par' dir='ltr' id='par_1_5' title="bbox 275 876 1763 982">
     <span class='ocr_line' id='line_1_16' title="bbox 275 876 1763 968; baseline 0.013 -59"><span class='ocrx_word' id='word_1_139' title='bbox 275 876 328 910; x_wconf 85' lang='lat' dir='ltr'>Ad</span> <span class='ocrx_word' id='word_1_140' title='bbox 352 876 394 920; x_wconf 90' lang='lat' dir='ltr'>V,</span> <span class='ocrx_word' id='word_1_141' title='bbox 418 878 464 912; x_wconf 85' lang='lat'>97</span> <span class='ocrx_word' id='word_1_142' title='bbox 481 884 724 968; x_wconf 47' lang='lat' dir='ltr'>p&#39;aggilwfi’flu’</span> <span class='ocrx_word' id='word_1_143' title='bbox 748 885 781 920; x_wconf 84' lang='lat'>4.</span> <span class='ocrx_word' id='word_1_144' title='bbox 829 887 1019 931; x_wconf 83' lang='lat' dir='ltr'>Bekkerus,</span> <span class='ocrx_word' id='word_1_145' title='bbox 1043 891 1134 935; x_wconf 87' lang='lat' dir='ltr'>quod</span> <span class='ocrx_word' id='word_1_146' title='bbox 1158 892 1282 934; x_wconf 85' lang='lat' dir='ltr'>miror,</span> <span class='ocrx_word' id='word_1_147' title='bbox 1317 892 1460 927; x_wconf 80' lang='lat' dir='ltr'>retinuit</span> <span class='ocrx_word' id='word_1_148' title='bbox 1491 890 1677 936; x_wconf 77' lang='grc' dir='ltr'><em>ἐξελαθεὶς</em></span> <span class='ocrx_word' id='word_1_149' title='bbox 1700 907 1763 941; x_wconf 87' lang='lat' dir='ltr'>pro</span> 
     </span>
     <span class='ocr_line' id='line_1_17' title="bbox 496 931 1323 982; baseline 0.013 -24"><span class='ocrx_word' id='word_1_150' title='bbox 496 937 511 958; x_wconf 87' lang='grc' dir='ltr'><em>ε</em></span> <span class='ocrx_word' id='word_1_151' title='bbox 535 938 549 960; x_wconf 92' lang='grc' dir='ltr'><em>ε</em></span> <span class='ocrx_word' id='word_1_152' title='bbox 573 939 625 961; x_wconf 89' lang='grc' dir='ltr'>ασ</span> <span class='ocrx_word' id='word_1_153' title='bbox 667 931 727 970; x_wconf 82' lang='grc' dir='ltr'><em>εἰς.</em></span> <span class='ocrx_word' id='word_1_154' title='bbox 1309 976 1323 982; x_wconf 75' lang='lat'>..</span> 
     </span>
    </p>

    <p class='ocr_par' dir='ltr' id='par_1_6' title="bbox 276 967 1762 1117">
     <span class='ocr_line' id='line_1_18' title="bbox 276 967 1761 1027; baseline 0.007 -17"><span class='ocrx_word' id='word_1_155' title='bbox 276 967 329 1001; x_wconf 72' lang='lat' dir='ltr'>Ad</span> <span class='ocrx_word' id='word_1_156' title='bbox 355 969 398 1011; x_wconf 68' lang='lat' dir='ltr'>V,</span> <span class='ocrx_word' id='word_1_157' title='bbox 420 972 465 1005; x_wconf 84' lang='lat'>98</span> <span class='ocrx_word' id='word_1_158' title='bbox 488 984 568 1018; x_wconf 78' lang='lat' dir='ltr'>pag.</span> <span class='ocrx_word' id='word_1_159' title='bbox 596 977 671 1009; x_wconf 78' lang='lat'>199.</span> <span class='ocrx_word' id='word_1_160' title='bbox 719 977 780 1019; x_wconf 90' lang='lat' dir='ltr'>Iis,</span> <span class='ocrx_word' id='word_1_161' title='bbox 804 990 892 1023; x_wconf 87' lang='lat' dir='ltr'>quae</span> <span class='ocrx_word' id='word_1_162' title='bbox 917 980 958 1013; x_wconf 91' lang='lat' dir='ltr'>de</span> <span class='ocrx_word' id='word_1_163' title='bbox 982 981 1160 1026; x_wconf 81' lang='lat' dir='ltr'>particulis</span> <span class='ocrx_word' id='word_1_164' title='bbox 1185 979 1267 1017; x_wconf 74' lang='grc' dir='ltr'><em>οὐδ’</em></span> <span class='ocrx_word' id='word_1_165' title='bbox 1292 983 1346 1016; x_wconf 75' lang='grc' dir='ltr'>(ὃν</span> <span class='ocrx_word' id='word_1_166' title='bbox 1371 981 1459 1018; x_wconf 74' lang='grc' dir='ltr'><em>οὐδὲ</em></span> <span class='ocrx_word' id='word_1_167' title='bbox 1484 983 1648 1027; x_wconf 83' lang='lat' dir='ltr'>diximus,</span> <span class='ocrx_word' id='word_1_168' title='bbox 1684 985 1761 1020; x_wconf 90' lang='lat' dir='ltr'>add.</span> 
     </span>
     <span class='ocr_line' id='line_1_19' title="bbox 500 1020 1762 1077; baseline 0.012 -26"><span class='ocrx_word' id='word_1_169' title='bbox 500 1020 664 1056; x_wconf 77' lang='lat' dir='ltr'>Wentzel.</span> <span class='ocrx_word' id='word_1_170' title='bbox 688 1023 738 1057; x_wconf 91' lang='lat' dir='ltr'>De</span> <span class='ocrx_word' id='word_1_171' title='bbox 762 1027 964 1068; x_wconf 80' lang='lat' dir='ltr'>praepositt.</span> <span class='ocrx_word' id='word_1_172' title='bbox 988 1028 1086 1061; x_wconf 86' lang='lat' dir='ltr'>tmesi</span> <span class='ocrx_word' id='word_1_173' title='bbox 1110 1030 1198 1073; x_wconf 87' lang='lat' dir='ltr'>apud</span> <span class='ocrx_word' id='word_1_174' title='bbox 1225 1029 1351 1063; x_wconf 86' lang='lat' dir='ltr'><strong>Herod.</strong></span> <span class='ocrx_word' id='word_1_175' title='bbox 1368 1042 1444 1075; x_wconf 80' lang='lat' dir='ltr'>pag.</span> <span class='ocrx_word' id='word_1_176' title='bbox 1462 1033 1530 1072; x_wconf 74' lang='lat'>303</span> <span class='ocrx_word' id='word_1_177' title='bbox 1555 1037 1591 1065; x_wconf 88' lang='lat' dir='ltr'>et</span> <span class='ocrx_word' id='word_1_178' title='bbox 1613 1031 1658 1065; x_wconf 85' lang='lat' dir='ltr'>ad</span> <span class='ocrx_word' id='word_1_179' title='bbox 1682 1043 1762 1077; x_wconf 83' lang='lat' dir='ltr'>par-</span> 
     </span>
     <span class='ocr_line' id='line_1_20' title="bbox 498 1064 1479 1117; baseline 0.013 -20"><span class='ocrx_word' id='word_1_180' title='bbox 498 1064 620 1099; x_wconf 84' lang='lat' dir='ltr'>ticulas</span> <span class='ocrx_word' id='word_1_181' title='bbox 646 1066 692 1101; x_wconf 79' lang='lat' dir='ltr'>ov&#39;</span> <span class='ocrx_word' id='word_1_182' title='bbox 716 1068 789 1113; x_wconf 79' lang='grc' dir='ltr'><em>μήν</em></span> <span class='ocrx_word' id='word_1_183' title='bbox 817 1069 903 1105; x_wconf 67' lang='grc' dir='ltr'>οὐδὲ</span> <span class='ocrx_word' id='word_1_184' title='bbox 930 1074 1015 1106; x_wconf 86' lang='lat' dir='ltr'>cous.</span> <span class='ocrx_word' id='word_1_185' title='bbox 1043 1074 1143 1108; x_wconf 80' lang='lat' dir='ltr'>etiam</span> <span class='ocrx_word' id='word_1_186' title='bbox 1169 1075 1334 1109; x_wconf 85' lang='lat' dir='ltr'>Herodot.</span> <span class='ocrx_word' id='word_1_187' title='bbox 1359 1076 1421 1117; x_wconf 89' lang='grc' dir='ltr'><strong>ΙΙΙ,</strong></span> <span class='ocrx_word' id='word_1_188' title='bbox 1446 1079 1479 1112; x_wconf 87' lang='grc'>2.</span> 
     </span>
    </p>

    <p class='ocr_par' dir='ltr' id='par_1_7' title="bbox 275 1105 1761 1214">
     <span class='ocr_line' id='line_1_21' title="bbox 275 1105 1761 1165; baseline 0.012 -26"><span class='ocrx_word' id='word_1_189' title='bbox 275 1105 328 1139; x_wconf 78' lang='lat' dir='ltr'>Ad</span> <span class='ocrx_word' id='word_1_190' title='bbox 346 1107 387 1149; x_wconf 93' lang='lat' dir='ltr'>V,</span> <span class='ocrx_word' id='word_1_191' title='bbox 412 1109 458 1143; x_wconf 86' lang='lat'>99</span> <span class='ocrx_word' id='word_1_192' title='bbox 480 1121 559 1155; x_wconf 80' lang='lat' dir='ltr'>pag.</span> <span class='ocrx_word' id='word_1_193' title='bbox 577 1115 642 1147; x_wconf 89' lang='grc'>201</span> <span class='ocrx_word' id='word_1_194' title='bbox 671 1115 727 1148; x_wconf 85' lang='lat' dir='ltr'>lin.</span> <span class='ocrx_word' id='word_1_195' title='bbox 750 1118 781 1151; x_wconf 88' lang='lat'>6.</span> <span class='ocrx_word' id='word_1_196' title='bbox 831 1118 1006 1152; x_wconf 78' lang='lat' dir='ltr'>Bekkerus</span> <span class='ocrx_word' id='word_1_197' title='bbox 1031 1131 1092 1164; x_wconf 83' lang='lat' dir='ltr'>pro</span> <span class='ocrx_word' id='word_1_198' title='bbox 1119 1119 1375 1165; x_wconf 76' lang='grc' dir='ltr'><em>συνδιήνεικαν</em></span> <span class='ocrx_word' id='word_1_199' title='bbox 1398 1122 1540 1157; x_wconf 80' lang='lat' dir='ltr'>retinuit</span> <span class='ocrx_word' id='word_1_200' title='bbox 1575 1124 1651 1157; x_wconf 86' lang='lat' dir='ltr'>olim</span> <span class='ocrx_word' id='word_1_201' title='bbox 1684 1123 1761 1157; x_wconf 86' lang='lat' dir='ltr'>vul-</span> 
     </span>
     <span class='ocr_line' id='line_1_22' title="bbox 491 1160 1760 1214; baseline 0.012 -25"><span class='ocrx_word' id='word_1_202' title='bbox 491 1163 606 1213; x_wconf 62' lang='lat' dir='ltr'>gatum</span> <span class='ocrx_word' id='word_1_203' title='bbox 639 1160 927 1198; x_wconf 81' lang='grc' dir='ltr'><em>συνδιένεικαν.</em></span> <span class='ocrx_word' id='word_1_204' title='bbox 984 1165 1054 1200; x_wconf 86' lang='lat' dir='ltr'>Sed</span> <span class='ocrx_word' id='word_1_205' title='bbox 1091 1167 1132 1208; x_wconf 89' lang='lat' dir='ltr'>V,</span> <span class='ocrx_word' id='word_1_206' title='bbox 1166 1169 1232 1201; x_wconf 88' lang='grc'>100</span> <span class='ocrx_word' id='word_1_207' title='bbox 1265 1168 1300 1201; x_wconf 92' lang='lat' dir='ltr'>in</span> <span class='ocrx_word' id='word_1_208' title='bbox 1330 1168 1398 1201; x_wconf 88' lang='lat' dir='ltr'>fine</span> <span class='ocrx_word' id='word_1_209' title='bbox 1428 1170 1552 1203; x_wconf 80' lang='lat' dir='ltr'>rectius</span> <span class='ocrx_word' id='word_1_210' title='bbox 1581 1170 1670 1204; x_wconf 84' lang='lat' dir='ltr'>idem</span> <span class='ocrx_word' id='word_1_211' title='bbox 1704 1167 1760 1214; x_wconf 77' lang='grc' dir='ltr'>ἐῤ-</span> 
     </span>
    </p>

    <p class='ocr_par' dir='ltr' id='par_1_8' title="bbox 517 1215 614 1237">
     <span class='ocr_line' id='line_1_23' title="bbox 517 1215 614 1237; baseline 0.01 -1"><span class='ocrx_word' id='word_1_212' title='bbox 517 1215 614 1237; x_wconf 84' lang='grc' dir='ltr'><em>υετο.</em></span> 
     </span>
    </p>

    <p class='ocr_par' dir='ltr' id='par_1_9' title="bbox 273 1215 1783 1404">
     <span class='ocr_line' id='line_1_24' title="bbox 273 1215 1783 1313; baseline 0.005 -27"><span class='ocrx_word' id='word_1_213' title='bbox 273 1242 326 1278; x_wconf 76' lang='lat' dir='ltr'>Ad</span> <span class='ocrx_word' id='word_1_214' title='bbox 350 1246 393 1287; x_wconf 77' lang='lat' dir='ltr'>V,</span> <span class='ocrx_word' id='word_1_215' title='bbox 420 1250 482 1284; x_wconf 87' lang='grc'>101</span> <span class='ocrx_word' id='word_1_216' title='bbox 493 1215 585 1293; x_wconf 49' lang='lat' dir='ltr'>e›pag-</span> <span class='ocrx_word' id='word_1_217' title='bbox 611 1250 691 1286; x_wconf 72' lang='grc'>204.</span> <span class='ocrx_word' id='word_1_218' title='bbox 739 1254 887 1290; x_wconf 85' lang='lat' dir='ltr'>Bekker.</span> <span class='ocrx_word' id='word_1_219' title='bbox 912 1256 1009 1290; x_wconf 82' lang='lat' dir='ltr'>dedit</span> <span class='ocrx_word' id='word_1_220' title='bbox 1034 1253 1101 1291; x_wconf 74' lang='grc' dir='ltr'>οὐκ</span> <span class='ocrx_word' id='word_1_221' title='bbox 1114 1255 1275 1301; x_wconf 75' lang='grc' dir='ltr'><em>ἔχοντες</em></span> <span class='ocrx_word' id='word_1_222' title='bbox 1298 1259 1378 1303; x_wconf 87' lang='lat' dir='ltr'>(pro</span> <span class='ocrx_word' id='word_1_223' title='bbox 1396 1256 1561 1303; x_wconf 75' lang='grc' dir='ltr'><em>ἔχοντος)</em></span> <span class='ocrx_word' id='word_1_224' title='bbox 1581 1256 1783 1313; x_wconf 36' lang='lat' dir='ltr'>gestum,-</span> 
     </span>
     <span class='ocr_line' id='line_1_25' title="bbox 492 1298 1759 1351; baseline 0.009 -24"><span class='ocrx_word' id='word_1_225' title='bbox 492 1298 580 1339; x_wconf 87' lang='lat' dir='ltr'>quod</span> <span class='ocrx_word' id='word_1_226' title='bbox 609 1298 728 1332; x_wconf 83' lang='lat' dir='ltr'>merito</span> <span class='ocrx_word' id='word_1_227' title='bbox 751 1301 863 1335; x_wconf 88' lang='lat' dir='ltr'>reiicit</span> <span class='ocrx_word' id='word_1_228' title='bbox 890 1302 1027 1346; x_wconf 79' lang='lat' dir='ltr'>Negris.</span> <span class='ocrx_word' id='word_1_229' title='bbox 1083 1304 1124 1336; x_wconf 93' lang='lat' dir='ltr'>In</span> <span class='ocrx_word' id='word_1_230' title='bbox 1155 1305 1223 1338; x_wconf 90' lang='lat' dir='ltr'>fine</span> <span class='ocrx_word' id='word_1_231' title='bbox 1256 1316 1331 1350; x_wconf 91' lang='lat' dir='ltr'>cap.</span> <span class='ocrx_word' id='word_1_232' title='bbox 1365 1305 1455 1339; x_wconf 90' lang='lat' dir='ltr'>idem</span> <span class='ocrx_word' id='word_1_233' title='bbox 1488 1306 1665 1339; x_wconf 86' lang='lat' dir='ltr'>Bekkerus</span> <span class='ocrx_word' id='word_1_234' title='bbox 1695 1316 1759 1351; x_wconf 88' lang='lat' dir='ltr'>pro</span> 
     </span>
     <span class='ocr_line' id='line_1_26' title="bbox 490 1338 1737 1404; baseline 0.015 -31"><span class='ocrx_word' id='word_1_235' title='bbox 490 1338 555 1374; x_wconf 79' lang='grc' dir='ltr'><em>τὸν</em></span> <span class='ocrx_word' id='word_1_236' title='bbox 583 1344 736 1385; x_wconf 77' lang='grc' dir='ltr'><em>Τμῶλον</em></span> <span class='ocrx_word' id='word_1_237' title='bbox 761 1347 860 1381; x_wconf 86' lang='lat' dir='ltr'>habet</span> <span class='ocrx_word' id='word_1_238' title='bbox 885 1346 934 1382; x_wconf 82' lang='grc' dir='ltr'>τὸ</span> <span class='ocrx_word' id='word_1_239' title='bbox 963 1350 1128 1391; x_wconf 78' lang='grc' dir='ltr'><em>Τμῶλον.</em></span> <span class='ocrx_word' id='word_1_240' title='bbox 1728 1396 1737 1404; x_wconf 50' lang='lat'><em>-</em></span> 
     </span>
    </p>

    <p class='ocr_par' dir='ltr' id='par_1_10' title="bbox 270 1380 1759 1496">
     <span class='ocr_line' id='line_1_27' title="bbox 270 1380 1759 1440; baseline 0.009 -23"><span class='ocrx_word' id='word_1_241' title='bbox 270 1380 323 1414; x_wconf 83' lang='lat' dir='ltr'>Ad</span> <span class='ocrx_word' id='word_1_242' title='bbox 348 1382 389 1423; x_wconf 89' lang='lat' dir='ltr'>V,</span> <span class='ocrx_word' id='word_1_243' title='bbox 418 1385 481 1419; x_wconf 89' lang='grc'>102</span> <span class='ocrx_word' id='word_1_244' title='bbox 505 1398 585 1431; x_wconf 85' lang='lat' dir='ltr'>pag.</span> <span class='ocrx_word' id='word_1_245' title='bbox 610 1391 688 1425; x_wconf 90' lang='grc'>205.</span> <span class='ocrx_word' id='word_1_246' title='bbox 736 1392 793 1433; x_wconf 89' lang='lat' dir='ltr'>Iis,</span> <span class='ocrx_word' id='word_1_247' title='bbox 820 1405 907 1437; x_wconf 85' lang='lat' dir='ltr'>quae</span> <span class='ocrx_word' id='word_1_248' title='bbox 931 1394 973 1427; x_wconf 87' lang='lat' dir='ltr'>de</span> <span class='ocrx_word' id='word_1_249' title='bbox 998 1396 1208 1428; x_wconf 78' lang='lat' dir='ltr'>Graecorum</span> <span class='ocrx_word' id='word_1_250' title='bbox 1231 1395 1366 1440; x_wconf 81' lang='lat' dir='ltr'>templis</span> <span class='ocrx_word' id='word_1_251' title='bbox 1392 1407 1413 1430; x_wconf 85' lang='lat' dir='ltr'>a</span> <span class='ocrx_word' id='word_1_252' title='bbox 1443 1396 1550 1430; x_wconf 68' lang='lat' dir='ltr'>Persa</span> <span class='ocrx_word' id='word_1_253' title='bbox 1573 1397 1759 1430; x_wconf 82' lang='lat' dir='ltr'>combustis</span> 
     </span>
     <span class='ocr_line' id='line_1_28' title="bbox 490 1433 1709 1496; baseline 0.013 -31"><span class='ocrx_word' id='word_1_254' title='bbox 490 1433 648 1475; x_wconf 86' lang='lat' dir='ltr'>diximus,</span> <span class='ocrx_word' id='word_1_255' title='bbox 674 1437 749 1469; x_wconf 87' lang='lat' dir='ltr'>add.</span> <span class='ocrx_word' id='word_1_256' title='bbox 772 1438 881 1483; x_wconf 89' lang='lat' dir='ltr'>ipsum</span> <span class='ocrx_word' id='word_1_257' title='bbox 905 1440 1114 1474; x_wconf 85' lang='lat' dir='ltr'>Herodotum</span> <span class='ocrx_word' id='word_1_258' title='bbox 1137 1442 1235 1482; x_wconf 71' lang='lat' dir='ltr'><strong>VIII,</strong></span> <span class='ocrx_word' id='word_1_259' title='bbox 1261 1444 1338 1477; x_wconf 88' lang='lat'>109.</span> <span class='ocrx_word' id='word_1_260' title='bbox 1590 1481 1605 1487; x_wconf 69' lang='grc'>,,</span> <span class='ocrx_word' id='word_1_261' title='bbox 1699 1484 1709 1496; x_wconf 59' lang='grc' dir='ltr'><strong><em>Ι</em></strong></span> 
     </span>
    </p>

    <p class='ocr_par' dir='ltr' id='par_1_11' title="bbox 269 1472 1806 1679">
     <span class='ocr_line' id='line_1_29' title="bbox 269 1472 1758 1532; baseline 0.002 -14"><span class='ocrx_word' id='word_1_262' title='bbox 269 1472 324 1506; x_wconf 75' lang='lat' dir='ltr'>Ad</span> <span class='ocrx_word' id='word_1_263' title='bbox 349 1475 391 1518; x_wconf 70' lang='lat' dir='ltr'>V,</span> <span class='ocrx_word' id='word_1_264' title='bbox 418 1478 483 1512; x_wconf 87' lang='lat'>105</span> <span class='ocrx_word' id='word_1_265' title='bbox 508 1490 587 1523; x_wconf 81' lang='lat' dir='ltr'>pag.</span> <span class='ocrx_word' id='word_1_266' title='bbox 620 1483 688 1516; x_wconf 88' lang='grc'>209</span> <span class='ocrx_word' id='word_1_267' title='bbox 721 1483 777 1518; x_wconf 87' lang='lat' dir='ltr'>liu.</span> <span class='ocrx_word' id='word_1_268' title='bbox 811 1486 865 1519; x_wconf 85' lang='lat'>18.</span> <span class='ocrx_word' id='word_1_269' title='bbox 919 1486 970 1518; x_wconf 89' lang='lat' dir='ltr'>Ad</span> <span class='ocrx_word' id='word_1_270' title='bbox 1003 1487 1185 1532; x_wconf 80' lang='lat' dir='ltr'>participia</span> <span class='ocrx_word' id='word_1_271' title='bbox 1208 1485 1469 1531; x_wconf 71' lang='grc' dir='ltr'><em>,ποιησάμενον</em></span> <span class='ocrx_word' id='word_1_272' title='bbox 1502 1493 1538 1522; x_wconf 88' lang='lat' dir='ltr'>et</span> <span class='ocrx_word' id='word_1_273' title='bbox 1562 1487 1601 1521; x_wconf 75' lang='grc' dir='ltr'><em>εὐ</em></span> <span class='ocrx_word' id='word_1_274' title='bbox 1629 1487 1758 1521; x_wconf 82' lang='grc' dir='ltr'><em>εἰδοτα</em></span> 
     </span>
     <span class='ocr_line' id='line_1_30' title="bbox 488 1524 1759 1578; baseline 0.008 -21"><span class='ocrx_word' id='word_1_275' title='bbox 488 1524 581 1558; x_wconf 67' lang='lat' dir='ltr'>nulla</span> <span class='ocrx_word' id='word_1_276' title='bbox 604 1528 773 1571; x_wconf 72' lang='lat' dir='ltr'>particula</span> <span class='ocrx_word' id='word_1_277' title='bbox 795 1530 861 1563; x_wconf 84' lang='lat' dir='ltr'>sibi</span> <span class='ocrx_word' id='word_1_278' title='bbox 884 1529 997 1564; x_wconf 85' lang='lat' dir='ltr'>iuncta</span> <span class='ocrx_word' id='word_1_279' title='bbox 1019 1534 1107 1566; x_wconf 85' lang='lat' dir='ltr'>conf.</span> <span class='ocrx_word' id='word_1_280' title='bbox 1131 1534 1357 1567; x_wconf 81' lang='lat' dir='ltr'>Bornemaun.</span> <span class='ocrx_word' id='word_1_281' title='bbox 1380 1535 1423 1567; x_wconf 81' lang='lat' dir='ltr'>ad</span> <span class='ocrx_word' id='word_1_282' title='bbox 1448 1534 1662 1578; x_wconf 87' lang='lat' dir='ltr'>Xenophont.</span> <span class='ocrx_word' id='word_1_283' title='bbox 1683 1534 1759 1566; x_wconf 84' lang='lat' dir='ltr'>Me-</span> 
     </span>
     <span class='ocr_line' id='line_1_31' title="bbox 486 1573 1806 1624; baseline 0.011 -22"><span class='ocrx_word' id='word_1_284' title='bbox 486 1573 636 1607; x_wconf 81' lang='lat' dir='ltr'>morabb.</span> <span class='ocrx_word' id='word_1_285' title='bbox 661 1573 707 1615; x_wconf 86' lang='grc' dir='ltr'>ΙΙ,</span> <span class='ocrx_word' id='word_1_286' title='bbox 731 1577 753 1609; x_wconf 89' lang='grc'>2</span> <span class='ocrx_word' id='word_1_287' title='bbox 777 1579 809 1617; x_wconf 69' lang='grc' dir='ltr'>ἕ.</span> <span class='ocrx_word' id='word_1_288' title='bbox 833 1579 866 1611; x_wconf 89' lang='grc'>5.</span> <span class='ocrx_word' id='word_1_289' title='bbox 893 1596 938 1602; x_wconf 95' lang='lat'>—-</span> <span class='ocrx_word' id='word_1_290' title='bbox 962 1577 1068 1611; x_wconf 89' lang='lat' dir='ltr'>Paulo</span> <span class='ocrx_word' id='word_1_291' title='bbox 1093 1584 1171 1623; x_wconf 87' lang='lat' dir='ltr'>post</span> <span class='ocrx_word' id='word_1_292' title='bbox 1192 1579 1251 1612; x_wconf 90' lang='lat' dir='ltr'>lin.</span> <span class='ocrx_word' id='word_1_293' title='bbox 1280 1582 1325 1614; x_wconf 90' lang='grc'>22</span> <span class='ocrx_word' id='word_1_294' title='bbox 1349 1591 1411 1624; x_wconf 88' lang='lat' dir='ltr'>pro</span> <span class='ocrx_word' id='word_1_295' title='bbox 1435 1577 1642 1624; x_wconf 78' lang='grc' dir='ltr'><em>βάλλοντα,</em></span> <span class='ocrx_word' id='word_1_296' title='bbox 1666 1579 1756 1624; x_wconf 88' lang='lat' dir='ltr'>quod</span> <span class='ocrx_word' id='word_1_297' title='bbox 1804 1600 1806 1604; x_wconf 94' lang='lat'>·</span> 
     </span>
     <span class='ocr_line' id='line_1_32' title="bbox 486 1618 1754 1679; baseline 0.009 -30"><span class='ocrx_word' id='word_1_298' title='bbox 486 1618 718 1663; x_wconf 86' lang='lat' dir='ltr'>nosdedimus,</span> <span class='ocrx_word' id='word_1_299' title='bbox 743 1621 919 1655; x_wconf 84' lang='lat' dir='ltr'>Bekkerus</span> <span class='ocrx_word' id='word_1_300' title='bbox 943 1623 1114 1667; x_wconf 72' lang='lat' dir='ltr'>vulgatam</span> <span class='ocrx_word' id='word_1_301' title='bbox 1140 1624 1282 1658; x_wconf 85' lang='lat' dir='ltr'>retinuit</span> <span class='ocrx_word' id='word_1_302' title='bbox 1306 1624 1482 1679; x_wconf 62' lang='lat' dir='ltr'>ssocko&#39;vzoc3</span> <span class='ocrx_word' id='word_1_303' title='bbox 1665 1667 1674 1679; x_wconf 35' lang='grc' dir='ltr'>ἱ</span> <span class='ocrx_word' id='word_1_304' title='bbox 1744 1667 1754 1679; x_wconf 31' lang='grc' dir='ltr'>ἱ</span> 
     </span>
    </p>

    <p class='ocr_par' dir='ltr' id='par_1_12' title="bbox 263 1655 1754 1771">
     <span class='ocr_line' id='line_1_33' title="bbox 263 1655 1754 1715; baseline 0.007 -21"><span class='ocrx_word' id='word_1_305' title='bbox 263 1655 316 1689; x_wconf 76' lang='lat' dir='ltr'>Ad</span> <span class='ocrx_word' id='word_1_306' title='bbox 344 1657 386 1701; x_wconf 89' lang='lat' dir='ltr'>V,</span> <span class='ocrx_word' id='word_1_307' title='bbox 422 1661 487 1696; x_wconf 89' lang='grc'>111</span> <span class='ocrx_word' id='word_1_308' title='bbox 513 1673 592 1707; x_wconf 84' lang='lat' dir='ltr'>pag.</span> <span class='ocrx_word' id='word_1_309' title='bbox 615 1666 685 1700; x_wconf 88' lang='grc'>216</span> <span class='ocrx_word' id='word_1_310' title='bbox 708 1667 763 1700; x_wconf 77' lang='lat' dir='ltr'>lin.</span> <span class='ocrx_word' id='word_1_311' title='bbox 790 1670 821 1701; x_wconf 91' lang='lat'>7.</span> <span class='ocrx_word' id='word_1_312' title='bbox 848 1669 880 1702; x_wconf 84' lang='lat'>8.</span> <span class='ocrx_word' id='word_1_313' title='bbox 927 1669 980 1702; x_wconf 88' lang='lat' dir='ltr'>Ad</span> <span class='ocrx_word' id='word_1_314' title='bbox 1014 1671 1121 1702; x_wconf 81' lang='lat' dir='ltr'>verba</span> <span class='ocrx_word' id='word_1_315' title='bbox 1153 1666 1201 1713; x_wconf 85' lang='grc' dir='ltr'><em>ἤν</em></span> <span class='ocrx_word' id='word_1_316' title='bbox 1235 1681 1275 1704; x_wconf 89' lang='grc' dir='ltr'><em>τε</em></span> <span class='ocrx_word' id='word_1_317' title='bbox 1298 1668 1368 1714; x_wconf 69' lang='grc' dir='ltr'>γάρ</span> <span class='ocrx_word' id='word_1_318' title='bbox 1393 1672 1544 1715; x_wconf 79' lang='grc' dir='ltr'><em>κατελῃς</em></span> <span class='ocrx_word' id='word_1_319' title='bbox 1566 1689 1612 1695; x_wconf 89' lang='grc'>-</span> <span class='ocrx_word' id='word_1_320' title='bbox 1635 1682 1678 1704; x_wconf 84' lang='grc' dir='ltr'>το</span> <span class='ocrx_word' id='word_1_321' title='bbox 1704 1681 1754 1713; x_wconf 91' lang='grc' dir='ltr'>μη</span> 
     </span>
     <span class='ocr_line' id='line_1_34' title="bbox 483 1707 1699 1771; baseline 0.01 -30"><span class='ocrx_word' id='word_1_322' title='bbox 483 1707 626 1750; x_wconf 78' lang='grc' dir='ltr'><em>γένοιτο</em></span> <span class='ocrx_word' id='word_1_323' title='bbox 653 1714 739 1746; x_wconf 87' lang='lat' dir='ltr'>conf.</span> <span class='ocrx_word' id='word_1_324' title='bbox 765 1713 954 1747; x_wconf 85' lang='lat' dir='ltr'>Blomfield.</span> <span class='ocrx_word' id='word_1_325' title='bbox 979 1714 1021 1748; x_wconf 84' lang='lat' dir='ltr'>ad</span> <span class='ocrx_word' id='word_1_326' title='bbox 1045 1716 1205 1759; x_wconf 71' lang='lat' dir='ltr'>Aeschyl.</span> <span class='ocrx_word' id='word_1_327' title='bbox 1228 1717 1266 1751; x_wconf 90' lang='lat' dir='ltr'>S.</span> <span class='ocrx_word' id='word_1_328' title='bbox 1291 1729 1320 1750; x_wconf 87' lang='lat' dir='ltr'>c.</span> <span class='ocrx_word' id='word_1_329' title='bbox 1345 1717 1412 1750; x_wconf 77' lang='lat' dir='ltr'>Th.</span> <span class='ocrx_word' id='word_1_330' title='bbox 1430 1718 1462 1751; x_wconf 87' lang='lat'>5.</span> <span class='ocrx_word' id='word_1_331' title='bbox 1577 1757 1585 1770; x_wconf 44' lang='lat' dir='ltr'>t</span> <span class='ocrx_word' id='word_1_332' title='bbox 1634 1758 1643 1771; x_wconf 45' lang='lat'><strong><em>³</em></strong></span> <span class='ocrx_word' id='word_1_333' title='bbox 1689 1758 1699 1770; x_wconf 49' lang='grc'><strong><em>1</em></strong></span> 
     </span>
    </p>

    <p class='ocr_par' dir='ltr' id='par_1_13' title="bbox 262 1747 1803 1886">
     <span class='ocr_line' id='line_1_35' title="bbox 262 1747 1754 1807; baseline 0.001 -15"><span class='ocrx_word' id='word_1_334' title='bbox 262 1747 314 1781; x_wconf 68' lang='lat' dir='ltr'>Ad</span> <span class='ocrx_word' id='word_1_335' title='bbox 339 1749 380 1792; x_wconf 70' lang='lat' dir='ltr'>V,</span> <span class='ocrx_word' id='word_1_336' title='bbox 406 1753 473 1787; x_wconf 89' lang='grc'>112</span> <span class='ocrx_word' id='word_1_337' title='bbox 495 1759 666 1799; x_wconf 70' lang='lat' dir='ltr'>pag-217.</span> <span class='ocrx_word' id='word_1_338' title='bbox 693 1760 842 1794; x_wconf 87' lang='lat' dir='ltr'>Bekker.</span> <span class='ocrx_word' id='word_1_339' title='bbox 852 1760 993 1794; x_wconf 86' lang='lat' dir='ltr'>retinuit</span> <span class='ocrx_word' id='word_1_340' title='bbox 1017 1761 1205 1805; x_wconf 83' lang='grc' dir='ltr'><em>συνῆλθον</em></span> <span class='ocrx_word' id='word_1_341' title='bbox 1229 1773 1291 1807; x_wconf 85' lang='lat' dir='ltr'>pro</span> <span class='ocrx_word' id='word_1_342' title='bbox 1312 1763 1473 1806; x_wconf 76' lang='grc' dir='ltr'><em>συνῆλθε</em></span> <span class='ocrx_word' id='word_1_343' title='bbox 1499 1766 1534 1795; x_wconf 84' lang='lat' dir='ltr'>et</span> <span class='ocrx_word' id='word_1_344' title='bbox 1566 1773 1585 1795; x_wconf 93' lang='grc' dir='ltr'><em>ο</em></span> <span class='ocrx_word' id='word_1_345' title='bbox 1622 1771 1754 1795; x_wconf 86' lang='grc' dir='ltr'><em>οπαων</em></span> 
     </span>
     <span class='ocr_line' id='line_1_36' title="bbox 480 1800 1803 1852; baseline 0.005 -18"><span class='ocrx_word' id='word_1_346' title='bbox 480 1811 540 1844; x_wconf 85' lang='lat' dir='ltr'>pro</span> <span class='ocrx_word' id='word_1_347' title='bbox 567 1800 586 1836; x_wconf 88' lang='grc' dir='ltr'>ὁ</span> <span class='ocrx_word' id='word_1_348' title='bbox 604 1802 699 1847; x_wconf 78' lang='grc' dir='ltr'>Κάρ.</span> <span class='ocrx_word' id='word_1_349' title='bbox 746 1805 806 1847; x_wconf 87' lang='lat' dir='ltr'>Iis,</span> <span class='ocrx_word' id='word_1_350' title='bbox 831 1817 919 1851; x_wconf 90' lang='lat' dir='ltr'>quae</span> <span class='ocrx_word' id='word_1_351' title='bbox 943 1807 985 1840; x_wconf 89' lang='lat' dir='ltr'>de</span> <span class='ocrx_word' id='word_1_352' title='bbox 1007 1808 1112 1841; x_wconf 88' lang='lat' dir='ltr'>verbo</span> <span class='ocrx_word' id='word_1_353' title='bbox 1137 1804 1367 1852; x_wconf 71' lang='grc' dir='ltr'><em>ἅπαράσσειν</em></span> <span class='ocrx_word' id='word_1_354' title='bbox 1390 1808 1472 1849; x_wconf 83' lang='lat' dir='ltr'>dixi,</span> <span class='ocrx_word' id='word_1_355' title='bbox 1501 1807 1578 1841; x_wconf 83' lang='lat' dir='ltr'>add.</span> <span class='ocrx_word' id='word_1_356' title='bbox 1602 1811 1688 1840; x_wconf 87' lang='lat' dir='ltr'>nott.</span> <span class='ocrx_word' id='word_1_357' title='bbox 1710 1806 1755 1841; x_wconf 80' lang='lat' dir='ltr'>ad</span> <span class='ocrx_word' id='word_1_358' title='bbox 1799 1840 1803 1847; x_wconf 79' lang='grc'><strong>,</strong></span> 
     </span>
     <span class='ocr_line' id='line_1_37' title="bbox 483 1846 1797 1886; baseline 0.012 -8"><span class='ocrx_word' id='word_1_359' title='bbox 483 1846 609 1883; x_wconf 84' lang='lat' dir='ltr'>Herod.</span> <span class='ocrx_word' id='word_1_360' title='bbox 634 1851 729 1884; x_wconf 84' lang='lat' dir='ltr'><strong>VIII.</strong></span> <span class='ocrx_word' id='word_1_361' title='bbox 754 1854 810 1886; x_wconf 89' lang='lat'>90.</span> <span class='ocrx_word' id='word_1_362' title='bbox 1795 1879 1797 1881; x_wconf 59' lang='lat'>&gt;</span> 
     </span>
    </p>

    <p class='ocr_par' dir='ltr' id='par_1_14' title="bbox 263 1884 1755 2271">
     <span class='ocr_line' id='line_1_38' title="bbox 263 1884 1755 1952; baseline 0.001 -21"><span class='ocrx_word' id='word_1_363' title='bbox 263 1884 316 1918; x_wconf 72' lang='lat' dir='ltr'>Ad</span> <span class='ocrx_word' id='word_1_364' title='bbox 340 1885 382 1931; x_wconf 87' lang='lat' dir='ltr'>V,</span> <span class='ocrx_word' id='word_1_365' title='bbox 408 1888 474 1925; x_wconf 85' lang='grc'>113</span> <span class='ocrx_word' id='word_1_366' title='bbox 497 1903 574 1937; x_wconf 81' lang='lat' dir='ltr'>pag.</span> <span class='ocrx_word' id='word_1_367' title='bbox 598 1897 676 1931; x_wconf 90' lang='grc'>218.</span> <span class='ocrx_word' id='word_1_368' title='bbox 723 1897 793 1932; x_wconf 90' lang='lat' dir='ltr'>Pro</span> <span class='ocrx_word' id='word_1_369' title='bbox 818 1895 938 1932; x_wconf 77' lang='grc' dir='ltr'><em>ε’ποίεε</em></span> <span class='ocrx_word' id='word_1_370' title='bbox 977 1898 1125 1932; x_wconf 88' lang='lat' dir='ltr'>Bekker.</span> <span class='ocrx_word' id='word_1_371' title='bbox 1157 1898 1298 1933; x_wconf 86' lang='lat' dir='ltr'>retinuit</span> <span class='ocrx_word' id='word_1_372' title='bbox 1328 1897 1487 1933; x_wconf 80' lang='grc' dir='ltr'><em>ἐποίεον.</em></span> <span class='ocrx_word' id='word_1_373' title='bbox 1525 1897 1599 1952; x_wconf 36' lang='lat' dir='ltr'>‘De</span> <span class='ocrx_word' id='word_1_374' title='bbox 1625 1899 1755 1952; x_wconf 43' lang='lat' dir='ltr'>...Solone</span> 
     </span>
     <span class='ocr_line' id='line_1_39' title="bbox 485 1941 1754 1998; baseline 0.004 -26"><span class='ocrx_word' id='word_1_375' title='bbox 485 1950 573 1983; x_wconf 83' lang='lat' dir='ltr'>quae</span> <span class='ocrx_word' id='word_1_376' title='bbox 584 1941 629 1975; x_wconf 94' lang='lat' dir='ltr'>ibi</span> <span class='ocrx_word' id='word_1_377' title='bbox 639 1942 870 1986; x_wconf 84' lang='lat' dir='ltr'>disseruimus,</span> <span class='ocrx_word' id='word_1_378' title='bbox 890 1956 963 1978; x_wconf 88' lang='lat' dir='ltr'>cum</span> <span class='ocrx_word' id='word_1_379' title='bbox 973 1945 1015 1978; x_wconf 91' lang='lat' dir='ltr'>iis</span> <span class='ocrx_word' id='word_1_380' title='bbox 1028 1945 1174 1978; x_wconf 87' lang='lat' dir='ltr'>conferri</span> <span class='ocrx_word' id='word_1_381' title='bbox 1183 1946 1282 1979; x_wconf 87' lang='lat' dir='ltr'>velim</span> <span class='ocrx_word' id='word_1_382' title='bbox 1300 1945 1458 1979; x_wconf 90' lang='lat' dir='ltr'>iudicium</span> <span class='ocrx_word' id='word_1_383' title='bbox 1469 1944 1648 1978; x_wconf 81' lang='lat' dir='ltr'>Heineckn</span> <span class='ocrx_word' id='word_1_384' title='bbox 1661 1944 1754 1998; x_wconf 47' lang='lat' dir='ltr'>(Uet</span> 
     </span>
     <span class='ocr_line' id='line_1_40' title="bbox 480 1984 1755 2043; baseline 0.005 -26"><span class='ocrx_word' id='word_1_385' title='bbox 480 1984 544 2018; x_wconf 88' lang='lat' dir='ltr'>ber</span> <span class='ocrx_word' id='word_1_386' title='bbox 566 1987 705 2023; x_wconf 88' lang='lat' dir='ltr'>Homer.</span> <span class='ocrx_word' id='word_1_387' title='bbox 728 1991 796 2023; x_wconf 89' lang='lat' dir='ltr'>und</span> <span class='ocrx_word' id='word_1_388' title='bbox 819 1991 968 2035; x_wconf 76' lang='lat' dir='ltr'>Lycurg.</span> <span class='ocrx_word' id='word_1_389' title='bbox 993 2003 1027 2036; x_wconf 92' lang='lat' dir='ltr'>p.</span> <span class='ocrx_word' id='word_1_390' title='bbox 1055 1992 1132 2035; x_wconf 88' lang='grc'>28),</span> <span class='ocrx_word' id='word_1_391' title='bbox 1152 1991 1211 2036; x_wconf 88' lang='lat' dir='ltr'>qui</span> <span class='ocrx_word' id='word_1_392' title='bbox 1233 2004 1275 2025; x_wconf 84' lang='lat' dir='ltr'>ex</span> <span class='ocrx_word' id='word_1_393' title='bbox 1299 1992 1361 2025; x_wconf 85' lang='lat' dir='ltr'>hoc</span> <span class='ocrx_word' id='word_1_394' title='bbox 1381 1990 1546 2024; x_wconf 86' lang='lat' dir='ltr'>Herodoti</span> <span class='ocrx_word' id='word_1_395' title='bbox 1567 1990 1662 2031; x_wconf 89' lang='lat' dir='ltr'>loco,</span> <span class='ocrx_word' id='word_1_396' title='bbox 1695 1991 1755 2043; x_wconf 60' lang='lat' dir='ltr'>ubi</span> 
     </span>
     <span class='ocr_line' id='line_1_41' title="bbox 479 2031 1754 2090; baseline 0.004 -27"><span class='ocrx_word' id='word_1_397' title='bbox 479 2031 613 2066; x_wconf 86' lang='lat' dir='ltr'>Solonis</span> <span class='ocrx_word' id='word_1_398' title='bbox 637 2036 838 2070; x_wconf 85' lang='lat' dir='ltr'>carminibus</span> <span class='ocrx_word' id='word_1_399' title='bbox 862 2037 1085 2082; x_wconf 84' lang='lat' dir='ltr'>Philocyprus</span> <span class='ocrx_word' id='word_1_400' title='bbox 1108 2037 1327 2081; x_wconf 82' lang='lat' dir='ltr'>praedicatus</span> <span class='ocrx_word' id='word_1_401' title='bbox 1349 2049 1424 2070; x_wconf 86' lang='lat' dir='ltr'>esse</span> <span class='ocrx_word' id='word_1_402' title='bbox 1445 2040 1616 2090; x_wconf 69' lang='lat' dir='ltr'>narratur,</span> <span class='ocrx_word' id='word_1_403' title='bbox 1641 2035 1754 2088; x_wconf 44' lang='lat' dir='ltr'>coll-igr</span> 
     </span>
     <span class='ocr_line' id='line_1_42' title="bbox 478 2082 1754 2136; baseline 0.003 -26"><span class='ocrx_word' id='word_1_404' title='bbox 478 2087 580 2121; x_wconf 85' lang='lat' dir='ltr'>posse</span> <span class='ocrx_word' id='word_1_405' title='bbox 603 2084 714 2124; x_wconf 88' lang='lat' dir='ltr'>putat,</span> <span class='ocrx_word' id='word_1_406' title='bbox 740 2082 874 2116; x_wconf 88' lang='lat' dir='ltr'>Solonis</span> <span class='ocrx_word' id='word_1_407' title='bbox 899 2085 1047 2116; x_wconf 85' lang='lat' dir='ltr'>carmina</span> <span class='ocrx_word' id='word_1_408' title='bbox 1071 2083 1172 2116; x_wconf 85' lang='lat' dir='ltr'>aliam</span> <span class='ocrx_word' id='word_1_409' title='bbox 1196 2088 1299 2128; x_wconf 90' lang='lat' dir='ltr'>atque</span> <span class='ocrx_word' id='word_1_410' title='bbox 1332 2084 1475 2117; x_wconf 79' lang='lat' dir='ltr'>Homeri</span> <span class='ocrx_word' id='word_1_411' title='bbox 1507 2083 1668 2136; x_wconf 66' lang='lat' dir='ltr'>habuisse</span> <span class='ocrx_word' id='word_1_412' title='bbox 1698 2092 1754 2114; x_wconf 82' lang='lat' dir='ltr'>ln·</span> 
     </span>
     <span class='ocr_line' id='line_1_43' title="bbox 480 2123 1752 2181; baseline -0.002 -18"><span class='ocrx_word' id='word_1_413' title='bbox 480 2123 610 2163; x_wconf 69' lang='lat' dir='ltr'>d01em,</span> <span class='ocrx_word' id='word_1_414' title='bbox 644 2130 712 2171; x_wconf 73' lang='lat' dir='ltr'>qua</span> <span class='ocrx_word' id='word_1_415' title='bbox 744 2129 876 2163; x_wconf 79' lang='lat' dir='ltr'>scilicet</span> <span class='ocrx_word' id='word_1_416' title='bbox 909 2129 952 2162; x_wconf 87' lang='lat' dir='ltr'>ad</span> <span class='ocrx_word' id='word_1_417' title='bbox 984 2129 1100 2174; x_wconf 89' lang='lat' dir='ltr'>poesin</span> <span class='ocrx_word' id='word_1_418' title='bbox 1124 2135 1276 2163; x_wconf 83' lang='lat' dir='ltr'>veterem</span> <span class='ocrx_word' id='word_1_419' title='bbox 1306 2128 1479 2174; x_wconf 82' lang='lat' dir='ltr'>orphicam</span> <span class='ocrx_word' id='word_1_420' title='bbox 1508 2132 1752 2181; x_wconf 73' lang='lat' dir='ltr'>mysticamque</span> 
     </span>
     <span class='ocr_line' id='line_1_44' title="bbox 475 2168 1752 2221; baseline 0.005 -21"><span class='ocrx_word' id='word_1_421' title='bbox 475 2168 569 2202; x_wconf 87' lang='lat' dir='ltr'>illam</span> <span class='ocrx_word' id='word_1_422' title='bbox 592 2172 814 2218; x_wconf 81' lang='lat' dir='ltr'>Theologiam</span> <span class='ocrx_word' id='word_1_423' title='bbox 837 2178 944 2219; x_wconf 82' lang='lat' dir='ltr'>magis</span> <span class='ocrx_word' id='word_1_424' title='bbox 968 2174 1168 2220; x_wconf 85' lang='lat' dir='ltr'>spectarint.</span> <span class='ocrx_word' id='word_1_425' title='bbox 1215 2176 1268 2210; x_wconf 90' lang='lat' dir='ltr'>De</span> <span class='ocrx_word' id='word_1_426' title='bbox 1291 2186 1358 2221; x_wconf 90' lang='lat' dir='ltr'>quo</span> <span class='ocrx_word' id='word_1_427' title='bbox 1382 2179 1496 2209; x_wconf 83' lang='lat' dir='ltr'>tamen</span> <span class='ocrx_word' id='word_1_428' title='bbox 1529 2185 1604 2219; x_wconf 77' lang='lat' dir='ltr'>ipse</span> <span class='ocrx_word' id='word_1_429' title='bbox 1627 2173 1752 2207; x_wconf 73' lang='lat' dir='ltr'>Viderit</span> 
     </span>
     <span class='ocr_line' id='line_1_45' title="bbox 474 2214 1574 2271; baseline 0.014 -25"><span class='ocrx_word' id='word_1_430' title='bbox 474 2214 528 2247; x_wconf 85' lang='lat' dir='ltr'>vir</span> <span class='ocrx_word' id='word_1_431' title='bbox 551 2218 776 2254; x_wconf 59' lang='lat' dir='ltr'>acutissimus</span> <span class='ocrx_word' id='word_1_432' title='bbox 1565 2259 1574 2271; x_wconf 76' lang='grc'><strong><em>,</em></strong></span> 
     </span>
    </p>

    <p class='ocr_par' dir='ltr' id='par_1_15' title="bbox 258 2253 1748 2320">
     <span class='ocr_line' id='line_1_46' title="bbox 258 2253 1748 2320; baseline 0.003 -24"><span class='ocrx_word' id='word_1_433' title='bbox 258 2253 313 2288; x_wconf 75' lang='lat' dir='ltr'>Ad</span> <span class='ocrx_word' id='word_1_434' title='bbox 339 2254 382 2297; x_wconf 72' lang='lat' dir='ltr'>V,</span> <span class='ocrx_word' id='word_1_435' title='bbox 408 2255 473 2291; x_wconf 82' lang='grc'>118</span> <span class='ocrx_word' id='word_1_436' title='bbox 499 2272 576 2305; x_wconf 73' lang='lat' dir='ltr'>pag·</span> <span class='ocrx_word' id='word_1_437' title='bbox 603 2265 682 2299; x_wconf 87' lang='grc'>223.</span> <span class='ocrx_word' id='word_1_438' title='bbox 728 2267 797 2300; x_wconf 83' lang='lat' dir='ltr'>Pro</span> <span class='ocrx_word' id='word_1_439' title='bbox 822 2264 1062 2310; x_wconf 74' lang='grc' dir='ltr'><em>Πιξωδάρου</em></span> <span class='ocrx_word' id='word_1_440' title='bbox 1079 2266 1386 2320; x_wconf 72' lang='lat' dir='ltr'>Bekker.retinujt</span> <span class='ocrx_word' id='word_1_441' title='bbox 1409 2263 1657 2318; x_wconf 58' lang='grc' dir='ltr'><em>Πιξοᾷαρου.</em></span> <span class='ocrx_word' id='word_1_442' title='bbox 1728 2303 1748 2319; x_wconf 52' lang='grc' dir='ltr'>Ἃ</span> 
     </span>
    </p>

    <p class='ocr_par' dir='ltr' id='par_1_16' title="bbox 263 2300 1748 2447">
     <span class='ocr_line' id='line_1_47' title="bbox 263 2300 1748 2367; baseline 0.009 -32"><span class='ocrx_word' id='word_1_443' title='bbox 263 2300 315 2334; x_wconf 82' lang='lat' dir='ltr'>Ad</span> <span class='ocrx_word' id='word_1_444' title='bbox 340 2301 384 2346; x_wconf 89' lang='lat' dir='ltr'>V,</span> <span class='ocrx_word' id='word_1_445' title='bbox 409 2304 475 2338; x_wconf 89' lang='lat'>119</span> <span class='ocrx_word' id='word_1_446' title='bbox 501 2317 578 2350; x_wconf 83' lang='lat' dir='ltr'>pag.</span> <span class='ocrx_word' id='word_1_447' title='bbox 603 2310 670 2344; x_wconf 75' lang='grc'>224</span> <span class='ocrx_word' id='word_1_448' title='bbox 695 2311 752 2345; x_wconf 90' lang='lat' dir='ltr'>lin.</span> <span class='ocrx_word' id='word_1_449' title='bbox 789 2312 849 2346; x_wconf 85' lang='lat' dir='ltr'>ult.</span> <span class='ocrx_word' id='word_1_450' title='bbox 875 2317 960 2347; x_wconf 87' lang='lat' dir='ltr'>text.</span> <span class='ocrx_word' id='word_1_451' title='bbox 995 2314 1122 2346; x_wconf 87' lang='lat' dir='ltr'>Graec.</span> <span class='ocrx_word' id='word_1_452' title='bbox 1157 2309 1315 2356; x_wconf 80' lang='grc' dir='ltr'><em>ὁκότερα</em></span> <span class='ocrx_word' id='word_1_453' title='bbox 1348 2308 1372 2355; x_wconf 73' lang='grc' dir='ltr'>η’</span> <span class='ocrx_word' id='word_1_454' title='bbox 1397 2309 1630 2363; x_wconf 33' lang='grc' dir='ltr'><em>παράδοντιές</em></span> <span class='ocrx_word' id='word_1_455' title='bbox 1657 2327 1701 2333; x_wconf 89' lang='grc'>-·</span> <span class='ocrx_word' id='word_1_456' title='bbox 1722 2320 1748 2367; x_wconf 68' lang='grc' dir='ltr'>ζζ</span> 
     </span>
     <span class='ocr_line' id='line_1_48' title="bbox 478 2347 1746 2400; baseline 0.003 -16"><span class='ocrx_word' id='word_1_457' title='bbox 478 2347 696 2395; x_wconf 78' lang='grc' dir='ltr'><em>ἐκλιπόντες.</em></span> <span class='ocrx_word' id='word_1_458' title='bbox 744 2358 839 2391; x_wconf 86' lang='lat' dir='ltr'>Haec</span> <span class='ocrx_word' id='word_1_459' title='bbox 863 2359 967 2391; x_wconf 87' lang='lat' dir='ltr'>verba</span> <span class='ocrx_word' id='word_1_460' title='bbox 989 2359 1119 2392; x_wconf 87' lang='lat' dir='ltr'>excitat</span> <span class='ocrx_word' id='word_1_461' title='bbox 1143 2358 1185 2391; x_wconf 90' lang='lat' dir='ltr'>de</span> <span class='ocrx_word' id='word_1_462' title='bbox 1209 2370 1272 2391; x_wconf 82' lang='lat' dir='ltr'>usu</span> <span class='ocrx_word' id='word_1_463' title='bbox 1296 2357 1480 2391; x_wconf 78' lang='lat' dir='ltr'>abundann</span> <span class='ocrx_word' id='word_1_464' title='bbox 1511 2353 1699 2400; x_wconf 76' lang='lat' dir='ltr'>particulae</span> <span class='ocrx_word' id='word_1_465' title='bbox 1722 2366 1746 2398; x_wconf 89' lang='grc' dir='ltr'>η</span> 
     </span>
     <span class='ocr_line' id='line_1_49' title="bbox 476 2400 1566 2447; baseline 0.004 -17"><span class='ocrx_word' id='word_1_466' title='bbox 476 2400 627 2434; x_wconf 83' lang='lat' dir='ltr'>tractans</span> <span class='ocrx_word' id='word_1_467' title='bbox 644 2402 815 2447; x_wconf 86' lang='lat' dir='ltr'>Hartung.</span> <span class='ocrx_word' id='word_1_468' title='bbox 837 2404 948 2437; x_wconf 87' lang='lat' dir='ltr'>Lehre</span> <span class='ocrx_word' id='word_1_469' title='bbox 973 2416 1003 2438; x_wconf 87' lang='lat' dir='ltr'>v.</span> <span class='ocrx_word' id='word_1_470' title='bbox 1024 2405 1057 2437; x_wconf 89' lang='lat' dir='ltr'>d.</span> <span class='ocrx_word' id='word_1_471' title='bbox 1072 2403 1213 2437; x_wconf 82' lang='lat' dir='ltr'>Griech.</span> <span class='ocrx_word' id='word_1_472' title='bbox 1238 2403 1368 2437; x_wconf 87' lang='lat' dir='ltr'>Partik.</span> <span class='ocrx_word' id='word_1_473' title='bbox 1396 2402 1428 2435; x_wconf 90' lang='grc' dir='ltr'>[Ι</span> <span class='ocrx_word' id='word_1_474' title='bbox 1453 2413 1485 2446; x_wconf 90' lang='lat' dir='ltr'>p.</span> <span class='ocrx_word' id='word_1_475' title='bbox 1510 2403 1566 2437; x_wconf 88' lang='lat'>59.</span> 
     </span>
    </p>

    <p class='ocr_par' dir='ltr' id='par_1_17' title="bbox 257 2437 1747 2530">
     <span class='ocr_line' id='line_1_50' title="bbox 257 2437 1747 2495; baseline -0.002 -12"><span class='ocrx_word' id='word_1_476' title='bbox 257 2437 310 2471; x_wconf 75' lang='lat' dir='ltr'>Ad</span> <span class='ocrx_word' id='word_1_477' title='bbox 327 2439 371 2483; x_wconf 67' lang='lat' dir='ltr'>v,</span> <span class='ocrx_word' id='word_1_478' title='bbox 398 2441 465 2476; x_wconf 88' lang='grc'>122</span> <span class='ocrx_word' id='word_1_479' title='bbox 490 2457 568 2489; x_wconf 83' lang='lat' dir='ltr'>pag.</span> <span class='ocrx_word' id='word_1_480' title='bbox 592 2449 671 2483; x_wconf 87' lang='grc'>228.</span> <span class='ocrx_word' id='word_1_481' title='bbox 719 2449 778 2493; x_wconf 85' lang='lat' dir='ltr'>Iis,</span> <span class='ocrx_word' id='word_1_482' title='bbox 805 2461 893 2495; x_wconf 86' lang='lat' dir='ltr'>quae</span> <span class='ocrx_word' id='word_1_483' title='bbox 921 2450 963 2483; x_wconf 87' lang='lat' dir='ltr'>de</span> <span class='ocrx_word' id='word_1_484' title='bbox 990 2451 1170 2495; x_wconf 77' lang='lat' dir='ltr'>Gergithis</span> <span class='ocrx_word' id='word_1_485' title='bbox 1192 2449 1274 2491; x_wconf 88' lang='lat' dir='ltr'>dixi,</span> <span class='ocrx_word' id='word_1_486' title='bbox 1309 2449 1385 2483; x_wconf 86' lang='lat' dir='ltr'>add.</span> <span class='ocrx_word' id='word_1_487' title='bbox 1409 2448 1519 2482; x_wconf 86' lang='lat' dir='ltr'>Bothe</span> <span class='ocrx_word' id='word_1_488' title='bbox 1542 2446 1586 2481; x_wconf 82' lang='lat' dir='ltr'>ad</span> <span class='ocrx_word' id='word_1_489' title='bbox 1607 2446 1747 2481; x_wconf 88' lang='lat' dir='ltr'>Homer.</span> 
     </span>
     <span class='ocr_line' id='line_1_51' title="bbox 475 2491 830 2530; baseline 0.025 -7"><span class='ocrx_word' id='word_1_490' title='bbox 475 2491 572 2527; x_wconf 72' lang='lat' dir='ltr'>Iliad.</span> <span class='ocrx_word' id='word_1_491' title='bbox 596 2494 633 2526; x_wconf 85' lang='grc' dir='ltr'>ΙΙ</span> <span class='ocrx_word' id='word_1_492' title='bbox 670 2497 747 2530; x_wconf 88' lang='grc'>820.</span> <span class='ocrx_word' id='word_1_493' title='bbox 825 2506 830 2512; x_wconf 85' lang='grc'><em>·</em></span> 
     </span>
    </p>

    <p class='ocr_par' dir='ltr' id='par_1_18' title="bbox 257 2520 1747 2678">
     <span class='ocr_line' id='line_1_52' title="bbox 257 2520 1747 2592; baseline -0.003 -17"><span class='ocrx_word' id='word_1_494' title='bbox 257 2531 308 2565; x_wconf 65' lang='lat' dir='ltr'>Ad</span> <span class='ocrx_word' id='word_1_495' title='bbox 326 2532 367 2575; x_wconf 74' lang='lat' dir='ltr'>V,</span> <span class='ocrx_word' id='word_1_496' title='bbox 393 2533 460 2569; x_wconf 80' lang='grc'>124</span> <span class='ocrx_word' id='word_1_497' title='bbox 488 2548 568 2582; x_wconf 72' lang='lat' dir='ltr'>pag·</span> <span class='ocrx_word' id='word_1_498' title='bbox 591 2520 672 2575; x_wconf 66' lang='lat'>22⁹8.</span> <span class='ocrx_word' id='word_1_499' title='bbox 720 2541 939 2575; x_wconf 81' lang='lat' dir='ltr'>Locutionem</span> <span class='ocrx_word' id='word_1_500' title='bbox 978 2537 1102 2584; x_wconf 75' lang='grc' dir='ltr'><em>’ψυχήν</em></span> <span class='ocrx_word' id='word_1_501' title='bbox 1137 2538 1204 2574; x_wconf 73' lang='grc' dir='ltr'>οὐκ</span> <span class='ocrx_word' id='word_1_502' title='bbox 1236 2535 1495 2588; x_wconf 32' lang='grc' dir='ltr'><em>ἐίκροςΑΝεςτὶε</em></span> <span class='ocrx_word' id='word_1_503' title='bbox 1524 2536 1747 2592; x_wconf 61' lang='grc' dir='ltr'><em>ῌεοςταεοο-</em></span> 
     </span>
     <span class='ocr_line' id='line_1_53' title="bbox 474 2583 1746 2641; baseline -0.001 -24"><span class='ocrx_word' id='word_1_504' title='bbox 474 2596 546 2618; x_wconf 89' lang='lat' dir='ltr'>rum</span> <span class='ocrx_word' id='word_1_505' title='bbox 578 2585 737 2621; x_wconf 88' lang='lat' dir='ltr'>idiomate</span> <span class='ocrx_word' id='word_1_506' title='bbox 760 2599 839 2621; x_wconf 90' lang='lat' dir='ltr'>usus</span> <span class='ocrx_word' id='word_1_507' title='bbox 863 2588 910 2621; x_wconf 88' lang='lat' dir='ltr'>sic</span> <span class='ocrx_word' id='word_1_508' title='bbox 932 2587 1197 2632; x_wconf 77' lang='lat' dir='ltr'>interpretatur:</span> <span class='ocrx_word' id='word_1_509' title='bbox 1233 2584 1295 2620; x_wconf 73' lang='grc' dir='ltr'><em>ὁὲν</em></span> <span class='ocrx_word' id='word_1_510' title='bbox 1329 2589 1425 2641; x_wconf 33' lang='grc' dir='ltr'>εἰὶχενι</span> <span class='ocrx_word' id='word_1_511' title='bbox 1448 2583 1580 2638; x_wconf 63' lang='grc' dir='ltr'><em>ἱκανητ(</em></span> <span class='ocrx_word' id='word_1_512' title='bbox 1611 2583 1746 2638; x_wconf 57' lang='grc' dir='ltr'><em>σταθε-</em></span> 
     </span>
     <span class='ocr_line' id='line_1_54' title="bbox 476 2628 1744 2678; baseline -0.001 -14"><span class='ocrx_word' id='word_1_513' title='bbox 476 2628 628 2675; x_wconf 80' lang='grc' dir='ltr'><em>ρότητα,</em></span> <span class='ocrx_word' id='word_1_514' title='bbox 653 2632 786 2677; x_wconf 78' lang='grc' dir='ltr'><em>ἱκανὴν</em></span> <span class='ocrx_word' id='word_1_515' title='bbox 808 2633 1024 2678; x_wconf 82' lang='grc' dir='ltr'><em>καρτερίαν’</em></span> <span class='ocrx_word' id='word_1_516' title='bbox 1049 2628 1073 2676; x_wconf 80' lang='grc' dir='ltr'><em>ἢ</em></span> <span class='ocrx_word' id='word_1_517' title='bbox 1096 2633 1248 2676; x_wconf 82' lang='grc' dir='ltr'><em>μᾶλλον,</em></span> <span class='ocrx_word' id='word_1_518' title='bbox 1271 2644 1365 2665; x_wconf 82' lang='grc' dir='ltr'><em>κατα</em></span> <span class='ocrx_word' id='word_1_519' title='bbox 1387 2642 1456 2675; x_wconf 82' lang='grc' dir='ltr'><em>την</em></span> <span class='ocrx_word' id='word_1_520' title='bbox 1478 2641 1609 2672; x_wconf 87' lang='grc' dir='ltr'><em>κοινην</em></span> <span class='ocrx_word' id='word_1_521' title='bbox 1638 2638 1744 2672; x_wconf 80' lang='grc' dir='ltr'><em>ημων</em></span> 
     </span>
    </p>
   </div>
   <div class='ocr_carea' id='block_1_4' title="bbox 474 2675 1743 2770">
    <p class='ocr_par' dir='ltr' id='par_1_19' title="bbox 474 2675 1743 2770">
     <span class='ocr_line' id='line_1_55' title="bbox 475 2675 1742 2723; baseline -0.003 -13"><span class='ocrx_word' id='word_1_522' title='bbox 475 2682 666 2721; x_wconf 81' lang='grc' dir='ltr'><em>εκφρασιν,</em></span> <span class='ocrx_word' id='word_1_523' title='bbox 700 2678 762 2714; x_wconf 71' lang='grc' dir='ltr'>ὁὲν</span> <span class='ocrx_word' id='word_1_524' title='bbox 796 2683 866 2723; x_wconf 83' lang='grc' dir='ltr'><em>εἰχε</em></span> <span class='ocrx_word' id='word_1_525' title='bbox 897 2679 1086 2718; x_wconf 81' lang='grc' dir='ltr'><em>παντελῶς</em></span> <span class='ocrx_word' id='word_1_526' title='bbox 1119 2679 1286 2722; x_wconf 81' lang='grc' dir='ltr'>καρδίαν.</span> <span class='ocrx_word' id='word_1_527' title='bbox 1319 2698 1364 2703; x_wconf 93' lang='grc'>-</span> <span class='ocrx_word' id='word_1_528' title='bbox 1410 2677 1450 2710; x_wconf 94' lang='lat' dir='ltr'>In</span> <span class='ocrx_word' id='word_1_529' title='bbox 1481 2675 1549 2708; x_wconf 87' lang='lat' dir='ltr'>fine</span> <span class='ocrx_word' id='word_1_530' title='bbox 1585 2686 1657 2719; x_wconf 87' lang='lat' dir='ltr'>cap.</span> <span class='ocrx_word' id='word_1_531' title='bbox 1680 2683 1742 2718; x_wconf 88' lang='lat' dir='ltr'>pro</span> 
     </span>
     <span class='ocr_line' id='line_1_56' title="bbox 474 2720 1743 2770; baseline -0.007 -10"><span class='ocrx_word' id='word_1_532' title='bbox 474 2720 562 2766; x_wconf 68' lang='grc' dir='ltr'><em>ἄγοι</em></span> <span class='ocrx_word' id='word_1_533' title='bbox 600 2725 781 2760; x_wconf 84' lang='lat' dir='ltr'>Dobraeus</span> <span class='ocrx_word' id='word_1_534' title='bbox 815 2726 942 2760; x_wconf 85' lang='lat' dir='ltr'>mavult</span> <span class='ocrx_word' id='word_1_535' title='bbox 982 2721 1064 2770; x_wconf 72' lang='grc' dir='ltr'>ἄγῃ.</span> <span class='ocrx_word' id='word_1_536' title='bbox 1128 2725 1208 2759; x_wconf 89' lang='lat' dir='ltr'>Non</span> <span class='ocrx_word' id='word_1_537' title='bbox 1249 2725 1431 2758; x_wconf 85' lang='lat' dir='ltr'>obsecutus</span> <span class='ocrx_word' id='word_1_538' title='bbox 1471 2725 1525 2755; x_wconf 85' lang='lat' dir='ltr'>est</span> <span class='ocrx_word' id='word_1_539' title='bbox 1556 2720 1743 2755; x_wconf 84' lang='lat' dir='ltr'>Bekkerus.</span> 
     </span>
    </p>
   </div>
   <div class='ocr_carea' id='block_1_5' title="bbox 259 2769 1742 2863">
    <p class='ocr_par' dir='ltr' id='par_1_20' title="bbox 259 2769 1742 2863">
     <span class='ocr_line' id='line_1_57' title="bbox 259 2769 1742 2863; baseline -0.007 -10"><span class='ocrx_word' id='word_1_540' title='bbox 259 2811 307 2846; x_wconf 61' lang='lat' dir='ltr'>Ad</span> <span class='ocrx_word' id='word_1_541' title='bbox 334 2811 372 2853; x_wconf 80' lang='lat' dir='ltr'>V,</span> <span class='ocrx_word' id='word_1_542' title='bbox 399 2813 464 2850; x_wconf 84' lang='grc'>126</span> <span class='ocrx_word' id='word_1_543' title='bbox 474 2769 566 2863; x_wconf 57' lang='grc' dir='ltr'>13ζὲ</span> <span class='ocrx_word' id='word_1_544' title='bbox 591 2820 659 2855; x_wconf 87' lang='grc'>230</span> <span class='ocrx_word' id='word_1_545' title='bbox 683 2818 739 2852; x_wconf 78' lang='lat' dir='ltr'>lin.</span> <span class='ocrx_word' id='word_1_546' title='bbox 770 2820 802 2853; x_wconf 89' lang='grc'>2.</span> <span class='ocrx_word' id='word_1_547' title='bbox 827 2817 880 2851; x_wconf 87' lang='lat' dir='ltr'>Ad</span> <span class='ocrx_word' id='word_1_548' title='bbox 911 2817 999 2852; x_wconf 85' lang='lat' dir='ltr'>hunc</span> <span class='ocrx_word' id='word_1_549' title='bbox 1026 2816 1265 2862; x_wconf 76' lang='lat' dir='ltr'>Pythagoram</span> <span class='ocrx_word' id='word_1_550' title='bbox 1287 2814 1438 2861; x_wconf 84' lang='lat' dir='ltr'>pertinet</span> <span class='ocrx_word' id='word_1_551' title='bbox 1461 2823 1578 2848; x_wconf 88' lang='lat' dir='ltr'>numus</span> <span class='ocrx_word' id='word_1_552' title='bbox 1600 2810 1742 2845; x_wconf 87' lang='lat' dir='ltr'>Daricus</span> 
     </span>
    </p>
   </div>
  </div>
 </body>
</html>
