1815 3181
419 226 502 266 23ss
643 220 908 260 HERODOTI
967 219 1342 257 TERPSICHORE.
1402 221 1447 257 V,

90 345 191 414 {iidem
211 345 251 378 [c.

146 379 152 385 ι
270 343 325 379 ιι]
419 334 463 384 ἐς
500 333 579 387 τὴν
621 332 854 382 Μύρκινον
897 325 1092 384 ἀπάγειν.
1152 327 1232 384 τὴν
1271 329 1349 385 μὲν
1391 329 1443 384 δὴ
1484 329 1681 384 Μίλητον

91 378 362 446 232¹ssass¹13¹23r⁰22ff¹

216 444 266 471 Th
326 446 333 451 ,
422 400 636 453 ἐπιτρέπει
676 395 946 453 Πυθαγόρῃ,
997 395 1126 449 α’νδρὶ
1172 401 1261 440 τῶν
1309 395 1453 439 ἀστῶν
1494 397 1680 453 δοκίμῳ·

88 454 364 539 ἑξόοἷίᾱὶῐιῐιῗοὲἧ·
424 465 555 516 αὐτὸς
584 466 630 509 δὲ
659 463 927 520 παραλαβών
957 462 1100 507 πάντα
1128 463 1206 507 τὸν
1233 465 1525 520 βουλόμενον,
1565 464 1683 508 ἔπλεε

139 513 170 548 ·]·
390 536 464 585 Ξές
491 533 572 590 τήν
603 534 809 588 Θρηΐκην,
840 532 911 575 καὶ
942 532 1034 587 ἔσχε
1061 531 1142 587 τήν
1161 531 1307 588 χώρην
1331 531 1401 575 ἐπ’
1435 531 1490 586 ἣν
1514 531 1680 588 ἐστάλη.

418 603 464 645 ἐκ
495 601 539 644 δὲ
568 599 727 656 ταύτης
756 599 1049 656 ὁρμεώμενος,
1091 598 1331 643 ἀπόλλυται
1364 598 1450 643 ὑπὸ
1479 601 1739 655 Θρηΐκων7ο

421 669 557 720 αὐτός
596 684 641 712 τε
684 667 708 711 ὁ
745 665 1075 724 Ἀρισταγόρης,
1121 668 1195 712 καὶ
1235 665 1258 710 ὁ
1299 667 1480 720 στρατὸς
1527 665 1682 719 αὐτοῦ,

416 735 544 781 πόλιν
583 733 946 792 περικατήμενος,
987 735 1061 779 καὶ
1102 735 1384 792 βουλομένων
1427 738 1514 778 τῶν
1554 737 1682 791 Θρηΐ-
1738 729 1815 773 438

417 821 508 848 κων
538 802 835 849 ὑποσπόνδων
864 803 1033 857 ἐξιέναι.
1760 794 1761 797 “

417 976 536 1018 πόλιν
550 973 882 1031 περικατήμενος]
905 973 1019 1026 ,,Ἐν-

362 1035 430 1075 νέα
451 1033 581 1083 ὁδούς,
612 1033 745 1073 Novem
763 1037 852 1083 vias,
873 1035 914 1071 in
923 1047 1020 1086 qua-

363 1106 449 1129 rum
468 1094 607 1130 vicinia
636 1090 773 1129 deinde
800 1090 1020 1142 Amphipo-

361 1151 405 1186 lis
425 1150 472 1185 ab
492 1148 785 1186 Atheniensibus
805 1147 958 1185 condita
984 1154 1021 1184 et

361 1207 517 1244 XXXII
536 1205 694 1258 quidem
715 1205 822 1242 annis
832 1211 918 1256 post
931 1204 1022 1241 Ari-

361 1270 533 1313 stagorae
564 1261 735 1308 cladem,
777 1262 931 1312 egregio
951 1273 1022 1297 au-

363 1327 466 1357 ctore
496 1317 677 1370 Thucyd.
706 1318 777 1363 IV,
809 1321 901 1359 102.
950 1317 1023 1353 At-

362 1377 460 1413 ticae
493 1376 676 1426 Cyloniae
710 1381 862 1424 tempus
894 1375 935 1410 in
962 1374 1021 1411 Ol.

363 1433 547 1469 LXXVII
577 1438 642 1468 aut
661 1431 852 1483 sequentis
871 1431 1023 1466 initium

364 1489 543 1536 incurrit,
588 1487 679 1525 hino
710 1488 952 1536 Aristagorae
987 1493 1023 1523 et

365 1546 552 1582 comitum
579 1551 720 1594 strages
746 1546 787 1580 in
818 1544 876 1580 Ol.
896 1544 1020 1581 LXX.

365 1601 477 1639 Conf.
498 1600 610 1640 Diod.
641 1602 726 1648 XII,
749 1603 802 1641 68
819 1606 856 1636 et
875 1601 1021 1637 Corsin.

364 1660 464 1697 Fast.
486 1659 565 1695 Att.
586 1672 624 1709 p.
642 1655 723 1698 184
743 1657 792 1693 T.
803 1657 870 1694 111.
905 1655 974 1694 We
984 1671 1024 1693 s·-

366 1730 382 1752 ε
395 1714 542 1763 eling.
567 1711 779 1751 Larcherus
800 1711 875 1750 hoc
896 1714 1024 1749 retulit

367 1771 416 1808 ad
428 1784 516 1808 ann.
529 1768 610 1811 498
622 1782 656 1809 a.
671 1769 760 1806 Chr.
771 1782 811 1807 n.
827 1783 857 1807 s.
869 1770 1023 1820 Olymp-

366 1830 431 1875 71,
453 1830 492 1867 3.
554 1825 749 1863 Herodoto
770 1827 900 1863 locum
919 1825 1023 1863 hunc

366 1884 563 1934 cognitum
581 1883 694 1920 fuisse
715 1884 868 1933 colligas
885 1896 933 1919 ex
942 1884 1024 1931 VH,

371 1940 460 1988 114,
482 1940 547 1992 qui
558 1939 662 1992 quod
681 1938 932 1991 Amphipolin
945 1951 1025 1976 non

367 1998 526 2044 vocarit,
555 1996 595 2034 id
621 1996 711 2034 inde
740 1994 1025 2048 explicandum,

1076 976 1182 1030 quod
1212 975 1353 1014 haecce
1382 976 1471 1013 urbs
1492 976 1738 1013 celeberrima

1076 1047 1177 1071 auno
1207 1033 1290 1074 437
1320 1046 1353 1072 a.
1385 1032 1477 1070 Chr.
1511 1047 1551 1070 n.
1579 1032 1738 1070 demum
1810 1045 1813 1051 ⁴

1077 1097 1267 1144 exstructa
1288 1097 1365 1128 est:
1387 1103 1464 1142 quo
1475 1097 1647 1141 tempore
1657 1091 1739 1126 He-

1077 1147 1234 1185 rodotus
1255 1147 1414 1183 Graecia
1427 1148 1558 1184 relicta
1579 1145 1738 1184 Thuriis

1077 1207 1156 1241 iam
1176 1202 1307 1240 sedem
1326 1203 1474 1241 fixerat.
1512 1202 1600 1242 Vid.
1616 1202 1740 1241 Dabl-

1078 1274 1210 1299 mann.
1233 1259 1374 1298 Herod.
1393 1274 1432 1311 p,
1451 1263 1547 1301 221.

1135 1316 1201 1356 καὶ
1220 1315 1239 1356 ὅ
1259 1313 1481 1367 στρατός-
1496 1314 1672 1364 ἐξιέναι]
1711 1317 1736 1354 i.

1081 1387 1113 1411 e.
1135 1374 1346 1424 interficitur
1368 1377 1400 1410 et
1418 1375 1490 1423 ipse
1507 1373 1740 1422 Aristagoras

1080 1433 1113 1467 et
1148 1432 1223 1467 eius
1259 1432 1454 1475 exercitus,
1507 1442 1585 1467 cum
1623 1430 1741 1467 urbem

1080 1487 1257 1537 quandam
1296 1487 1467 1524 obsideret
1509 1490 1543 1523 et
1587 1485 1741 1523 Thraces

1069 1543 1148 1594 fide
1169 1544 1257 1581 data
1271 1545 1366 1580 exire
1385 1542 1521 1580 vellent.
1539 1541 1741 1593 Schweig-

1079 1599 1210 1636 haeus.
1234 1600 1524 1650 interpretatur:
1546 1621 1602 1626 ——
1637 1612 1741 1650 quum

1080 1656 1243 1706 oppidum
1271 1655 1415 1706 aliquod
1449 1655 1620 1693 obsideret
1652 1657 1740 1693 ‘reie-

1081 1714 1146 1750 ctis
1170 1713 1438 1759 conditionibus,
1469 1713 1596 1762 quibus
1623 1712 1742 1749 Thra-

1081 1783 1134 1807 ces
1163 1769 1326 1806 excedere
1361 1767 1485 1820 oppido
1521 1769 1740 1807 voluerant.“

1079 1825 1272 1877 Equidem
1292 1824 1330 1862 h.
1351 1826 1376 1863 l.
1399 1823 1448 1861 ad
1469 1838 1554 1862 eam
1574 1832 1741 1862 structu-

1081 1895 1163 1918 ram
1182 1883 1468 1933 participiorum
1487 1882 1671 1929 referam,
1693 1881 1741 1919 de

1082 1952 1159 1991 qua
1187 1938 1268 1975 dixi
1301 1938 1350 1976 ad
1383 1938 1575 1977 Plutarch.
1606 1937 1741 1976 Philo-

1081 2008 1210 2047 poem.
1231 2008 1319 2047 pag.
1340 1994 1406 2036 41.
