1815 3181
433 204 515 245 198

836 194 1297 233 HERODOTI

431 326 513 366 90¹¹
531 305 776 364 διαβάλλειν
795 303 823 360 ἢ
841 303 931 356 ἕνα,
954 304 990 346 εἰ
1011 302 1253 356 Κλεομένεα
1272 300 1349 358 μὲν
1377 299 1456 344 τὸν
1485 302 1696 345 Λακεδαι-

432 379 588 435 μόνιον
610 378 778 431 μοῦνον
802 371 883 415 οὐκ
914 368 1006 421 οἷός
1034 387 1078 414 τε
1109 370 1274 425 ἐγένετο
1295 368 1553 424 διαβάλλειν,
1582 372 1697 422 τρεῖς

404 447 480 491 ὅδὲ
519 442 736 501 μυριάδας
772 439 1012 495 Ἀθηναίων
1063 439 1236 494 ἐποίησε
1273 440 1417 479 τοῦτο.

1471 435 1699 493 Ἀθηναῖοι

432 514 510 570 μὲν
539 510 590 566 δὴ
617 506 963 558 ἀναπεισθέντες,
994 505 1266 567 ἐψηφίσαντο
1296 505 1434 547 εἴκοσι
1468 505 1569 556 νέας
1596 504 1755 548 ’ἄπο-95

432 582 590 623 στεῖλαι
620 574 817 634 βοηθούς
833 573 980 627 Ἴωσι,
1022 571 1265 628 στρατηγόν
1294 570 1580 624 ἀποδέξαντες
1618 570 1702 616 av’-

429 649 518 690 τῶν
546 642 657 687 εἶναι
686 641 968 695 Μελάνθιον,
1001 641 1143 695 ἄνδρα
1172 642 1262 682 τῶν
1294 638 1452 692 ἀστῶν,
1487 639 1616 684 ἐόντα
1644 639 1698 683 τὰ

403 722 425 755 6
436 713 577 758 πάντα
606 710 800 767 δόκιμον.

376 900 466 939 pag.
488 888 569 927 906
601 886 687 923 coll.
718 887 757 932 §-
786 888 867 926 306
896 896 1036 922 consu-

377 943 512 982 lendus
533 941 581 979 ad
602 943 716 980 verba
738 936 896 981 ουὸὲν’
879 957 950 990 ο,τι
963 955 1038 980 ουκ

376 999 575 1050 υπίσχετο.
649 1000 821 1036 Ve1bum
871 994 1038 1049 διαβάλ-

377 1060 458 1095 λειν
480 1054 947 1105 circumveniendi‚fallendi
964 1067 1040 1091 110-

376 1115 480 1151 tione
500 1113 692 1162 attigimus
712 1111 761 1149 ad
780 1112 826 1159 V,
847 1111 917 1153 50.

432 1172 534 1220 τρεῖς
560 1166 602 1208 δὲ
626 1164 824 1221 μυριάδας
849 1163 1042 1219 Ἀθηναί-

380 1241 435 1265 ων
454 1225 613 1276 ἒποίησε
636 1226 780 1274 τοῦτο]
830 1226 943 1262 Hunc
962 1238 1041 1261 nu—

377 1295 532 1319 merum
577 1283 685 1319 tertia
734 1289 840 1333 parte
882 1288 1040 1319 auctum

377 1338 492 1376 habet
511 1337 742 1375 Dahlmann.
772 1337 917 1375 Herod.
948 1351 1038 1389 pag.

380 1395 451 1443 58,
493 1407 726 1447 quamquam
764 1394 838 1432 hoc
876 1396 1038 1432 minime

375 1450 560 1488 Herodoti
588 1453 699 1503 culpa
724 1452 871 1490 factum
898 1458 1039 1500 censet,

379 1507 446 1545 sed
473 1521 623 1554 eorum,
663 1521 759 1561 quos
787 1510 852 1545 ille
891 1508 1038 1557 adierit,

379 1565 577 1615 vulgarem
607 1566 750 1602 famam
787 1578 939 1617 semper
976 1579 1040 1602 se-

377 1628 499 1658 cutus.
537 1624 634 1658 Nam
653 1623 836 1674 pleraque
865 1629 1040 1661 veterum

376 1679 591 1715 testimonia
620 1678 714 1728 (vid.
745 1679 886 1717 Meurs.
916 1681 1040 1716 Leett.

376 1735 458 1771 Att.
481 1736 510 1782 1,
535 1737 572 1775 1.
592 1736 695 1773 Fort.
723 1736 860 1775 Attice.
884 1734 922 1775 4.
949 1737 1042 1772 Mu-

376 1803 485 1827 seum
510 1791 633 1830 Critic.
665 1793 882 1843 Gantabrig.
903 1794 921 1829 I
950 1805 1039 1843 pag.

376 1846 473 1888 541.
493 1848 528 1883 II
548 1861 635 1899 pag.
657 1849 773 1899 215.)
804 1851 940 1898 viginti
958 1849 1039 1886 mil-

380 1903 413 1940 le
433 1904 545 1941 fuisse
566 1907 664 1942 cives
685 1906 831 1943 Atticos
860 1905 1039 1953 tradunt3

380 1959 484 1996 unde
504 1961 565 1997 vel
583 1960 871 2010 Valckenaerm,
893 1964 959 2015 qui
979 1961 1040 1999 hic

380 2014 571 2053 indicatur
586 2032 789 2067 numer,us
818 2032 932 2071 supra
951 2032 1042 2056 mo·-

383 2070 475 2108 dum
497 2081 627 2111 auctus
647 2074 850 2113 videretur.
907 2078 1042 2128 Neque-

381 2130 540 2164 tamen
531 2143 570 2165 in
591 2137 698 2167 textu
719 2131 930 2185 quidquam
962 2145 1042 2169 esse

380 2184 630 2233 mutandum,
679 2196 826 2237 praeter
870 2190 1042 2240 ipsorum

384 2238 496 2277 codd.
529 2243 790 2280 auctoritatem
814 2246 875 2282 vel
894 2247 1043 2283 Aristo-

383 2294 517 2346 phanis
550 2297 711 2335 ostendit
729 2301 863 2338 locus'
853 2315 891 2337 in
902 2303 1043 2339 Eccle-

383 2352 472 2388 siaZ.
507 2352 611 2393 1124
631 2355 676 2391 ab
699 2356 833 2393 eodem
857 2358 1043 2395 Valcken.

384 2408 482 2444 bene
526 2409 672 2447 allatus.
748 2413 882 2450 Nostra
921 2422 1043 2452 aetate

386 2465 594 2502 accuratius
641 2467 679 2502 in
718 2465 811 2505 haec
851 2471 1044 2521 inquisivit

383 2518 558 2558 Boeckh.
614 2522 925 2564 staatshaushalt.
975 2527 1042 2564 der

383 2574 525 2614 Athen.
556 2578 573 2613 1
598 2590 685 2628 pag.
718 2579 770 2621 35
791 2594 909 2632 seqq.,
939 2585 1042 2620 varia

384 2640 555 2669 veterum
584 2635 799 2672 testimonia
828 2636 875 2673 de
903 2639 1043 2676 civium

387 2690 598 2726 Atticorum
641 2704 802 2728 numero
832 2694 1044 2731 secundum

386 2747 565 2796 temporis
587 2748 749 2785 rationes
760 2747 962 2799 disponens
984 2764 1045 2787 re-

387 2809 522 2853 cteque
555 2816 734 2852 monens,
767 2804 870 2856 quod
892 2805 939 2842 ad
966 2808 1045 2843 He-

860 704 1003 754 Αὗται
1023 709 1069 753 δὲ
1099 710 1144 751 αἱ
1173 707 1266 758 νέες
1295 704 1404 765 ἀρχὴ
1434 712 1584 753 κακῶν
1613 707 1701 765 ἐγέ-

1093 880 1219 919 rodoti
1247 882 1378 919 locum
1406 883 1582 934 pertinet,
1611 882 1759 920 Arista-

1093 951 1248 990 goram,
1300 951 1376 991 quo
1422 940 1597 990 graviora
1637 946 1760 977 essent

1093 996 1213 1033 verba
1240 1008 1308 1032 sua
1342 997 1520 1048 ipsosque
1546 994 1761 1033 Athenien-

1098 1066 1154 1090 ses
1177 1053 1328 1102 gravius
1349 1059 1563 1100 moverent,
1584 1055 1760 1090 sumsisse

1094 1111 1315 1146 maximum
1332 1111 1397 1161 qui
1408 1110 1601 1147 ferebatur
1619 1123 1762 1146 nume-

1095 1179 1184 1203 rum
1242 1167 1395 1215 triginta
1453 1167 1548 1204 mille
1599 1168 1762 1216 civium;

1096 1223 1286 1275 quantum
1309 1223 1466 1274 quidem
1485 1236 1673 1276 umquam
1685 1237 1758 1260 ex·-

1094 1281 1229 1317 stitisse
1277 1281 1340 1317 vel
1377 1281 1549 1316 maxime
1584 1279 1758 1317 florenti-

1094 1337 1164 1374 bus
1202 1334 1494 1373 Atheniensium
1541 1336 1654 1373 rebus
1691 1338 1759 1374 vix

1095 1391 1274 1430 credibile
1288 1423 1297 1441 ,
1347 1407 1459 1442 cum,
1524 1394 1758 1431 accuratiora

1094 1456 1269 1488 veterum
1299 1448 1347 1487 de
1376 1449 1433 1487 his
1473 1450 1690 1487 testimonia
1727 1450 1760 1488 si

1095 1508 1363 1557 respiciamus,
1411 1507 1453 1543 in
1490 1507 1556 1545 illo
1594 1520 1758 1545 numero

1093 1565 1228 1612 viginti
1245 1564 1339 1600 mille
1359 1563 1499 1600 civium
1513 1565 1762 1616 acquiescen-

1097 1619 1191 1657 dum
1207 1633 1286 1657 esse
1306 1619 1492 1657 videatur.
1526 1620 1639 1658 Unde
1660 1634 1760 1673 quae

1097 1678 1273 1714 omnium
1294 1678 1443 1713 Atticae
1462 1678 1676 1714 incolarum
1691 1691 1760 1715 co-

1095 1735 1171 1785 pia,
1194 1733 1440 1784 probabiliter
1459 1733 1564 1770 idem
1584 1733 1760 1772 Boeckh.

1098 1791 1327 1827 constituere
1347 1789 1504 1827 studuit.
1564 1790 1644 1828 Sed
1663 1789 1760 1828 haec

1094 1853 1268 1885 nostrum
1287 1847 1418 1884 locum
1437 1848 1564 1885 minus
1583 1854 1760 1899 tangunt.

1154 1902 1370 1955 στρατηγόν
1393 1899 1655 1952 ἀποδέξαντες
1684 1900 1759 1943 av’-

1095 1961 1176 1999 τῶν
1197 1956 1318 2009 εἶναι]
1350 1959 1411 1997 Ad
1438 1961 1513 1998 loci
1531 1968 1761 1998 structuram

1098 2017 1199 2054 conf.
1220 2018 1265 2064 V,
1296 2017 1350 2057 25
1370 2018 1460 2069 ibiq.
1480 2025 1579 2055 nott.
1598 2039 1656 2046 ——
1686 2013 1761 2057 αὔ·-

1096 2075 1178 2112 τῶν
1200 2072 1288 2110 dedi
1307 2087 1376 2124 pro
1399 2071 1566 2114 αὐτέων.

1153 2124 1285 2168 Adron
1313 2127 1356 2168 δὲ
1386 2129 1430 2169 αἱ
1457 2129 1542 2176 νέες
1563 2126 1662 2182 ἆρχή
1685 2145 1760 2169 κα-

1096 2188 1182 2224 κῶν
1221 2184 1426 2238 ἐγένοντο]
1478 2187 1580 2223 Olim
1628 2183 1760 2238 ἀρχαὶ,

1098 2243 1285 2294 probante
1311 2242 1502 2280 Sancrofti
1521 2244 1632 2280 libro.
1680 2245 1760 2280 Re-

1098 2299 1193 2350 liqui
1221 2299 1307 2336 libri
1326 2312 1416 2336 cum
1435 2299 1634 2337 Eustathio
1665 2298 1761 2337 haec

1100 2357 1240 2392 citante
1270 2354 1319 2392 ad
1354 2357 1399 2392 Il.
1429 2370 1468 2407 p.
1505 2356 1601 2404 522,
1645 2359 1697 2398 12
1729 2369 1760 2394 s.

1099 2411 1194 2460 395,
1215 2414 1290 2453 20:
1314 2407 1415 2464 οἷρχή
1434 2413 1616 2463 singulari
1635 2414 1674 2449 in
1685 2425 1761 2449 nu-

1099 2482 1220 2516 mero,
1242 2481 1319 2520 quo
1341 2469 1520 2521 equidem
1539 2482 1618 2506 non
1634 2468 1761 2506 offen-

1100 2524 1181 2562 dor.
1211 2526 1290 2563 Nec
1310 2527 1432 2577 magis
1452 2539 1547 2577 opus
1575 2538 1762 2577 reponere

1099 2595 1188 2618 cum
1208 2581 1427 2630 Plutarcho,
1448 2581 1665 2620 Herodotea
1687 2582 1762 2620 cri-

1098 2640 1282 2686 minante,
1310 2634 1532 2690 οἷρχέκακοι,
1553 2639 1761 2676 confictum

1100 2694 1195 2732 illud
1217 2694 1373 2747 quidem
1395 2709 1443 2732 ex
1465 2697 1624 2733 Homer.
1643 2696 1688 2734 11.
1714 2695 1761 2743 V,

1101 2754 1168 2792 63.
1227 2753 1332 2789 Facit
1352 2751 1427 2790 huc
1447 2753 1638 2790 Aristotel.
1656 2750 1763 2789 Rhe-

1102 2814 1192 2844 torr.
1221 2810 1275 2845 111
1295 2821 1382 2860 pag.
1417 2811 1509 2850 137.
1539 2806 1762 2861 Thucydid.
