1870 3249
28 1366 35 1372 ι
78 1331 352 1370 Wachsmuth.

353 186 1006 226 TERPSICHORE.
1065 186 1110 221 V.
1320 185 1401 225 173

137 296 367 354 ,,κατάγειν
404 295 809 350 παρασκευάζεσθε·
858 298 939 338 τοῦ
975 293 1076 338 οὔτε
1127 291 1398 347 ἀδικώτερον

139 364 301 421 ,,ου’δε’ν
331 365 417 408 ε’στι
446 366 546 408 κατ’
580 362 869 417 ἀνθρώπους,
902 362 1002 405 οὔτε
1031 360 1455 418 μιαιφονώτερον.70

107 435 228 485 3,,Εἰ
253 431 337 489 γὰρ
381 431 433 488 δὴ
474 432 607 476 τοῦτό
647 448 695 488 γε
736 432 877 475 δοκέει
916 430 1024 486 ὑμῖν
1053 428 1164 475 εἶναι
1195 428 1396 486 χρηστὸν,

134 500 273 553 „diove
303 498 649 555 τυραννεύεσθαι
679 498 756 550 τὰς
787 499 934 550 πόλις,
976 497 1102 542 αὐτοὶ
1132 501 1300 552 πρῶτοι
1327 494 1398 539 τύ·

134 584 327 624 ,,ραννον
356 567 730 624 καταστησάμενοι
758 566 877 622 παρὰ
907 569 1032 620 σφίσι
1063 564 1252 615 αὐτοῖσι,
1283 563 1400 608 οὕτω

107 637 238 689 4,,καὶ
264 641 376 680 τοῖσι
399 635 567 680 ἄλλοισι
598 638 773 692 δίζησθε
804 636 1068 679 κατιστάναι.
1120 638 1204 679 νῦν
1236 635 1296 685 δὲ,
1327 630 1456 675 αὐ-75

133 705 235 756 ,,τοὶ
277 703 446 759 ἄπειροι
492 703 633 754 ἐόντες
673 704 929 759 τυράννων,
983 704 1057 747 καὶ
1101 701 1401 759 φυλάσσοντες

135 771 386 824 ,,δεινο’τατα
417 777 549 816 τοῦτο
579 773 626 816 ἐν
646 777 698 829 τῇ
716 771 900 829 Σπάρτῃ
931 771 988 828 μὴ
1017 771 1235 827 γενέσθαι,
1265 786 1400 823 παρα-

107 845 331 896 5,,χράσθε
354 842 396 892 ἐς
425 843 528 892 τούς
559 841 827 896 συμμάχους.

888 842 923 883 εἰ
960 840 1006 883 δὲ
1047 838 1174 883 αὐτοὶ
1206 839 1399 894 ἔμπειροι

135 910 279 961 ,,ὲάτε,
319 907 509 962 κατάπερ
550 907 690 964 ἡμεῖς,
724 911 850 964 εἴχετε
891 907 947 950 ἂν
983 909 1081 961 περὶ
1119 906 1259 952 αὐτοῦ
1287 905 1399 961 γνώ-

136 994 249 1035 ,,μας
289 977 523 1033 ἀμείνονας
563 977 891 1033 συμβάλλεσθαι
929 975 1040 1032 ἥπερ
1083 980 1178 1019 νῦν.
1234 977 1671 1037 Κοριν-ὃθοῃέωςίως

80 1169 116 1199 et
139 1161 346 1213 ἰσονομίας
366 1162 553 1199 vocabulo
567 1162 740 1213 appella—

79 1226 183 1268 tum,
230 1227 274 1256 nt
300 1232 412 1270 snpra
440 1221 660 1256 monuimus
691 1217 739 1255 ad

78 1277 143 1323 m,
184 1278 251 1317 80.
295 1276 385 1317 142.
434 1276 478 1323 V,
519 1279 586 1317 37.
635 1275 738 1312 Add.

408 1333 558 1369 Hellen.
610 1334 739 1369 Aner-

80 1388 259 1427 thiunsk.
271 1391 300 1437 Ι,
313 1392 338 1429 2
358 1402 445 1440 pag.
457 1393 524 1430 22.
554 1389 737 1426 Niebuhr.

79 1448 191 1483 Rom.
223 1444 417 1483 Gesch.11
444 1459 532 1496 pag.
566 1448 646 1488 315
680 1446 741 1484 ed.

79 1517 153 1540 sec.
176 1509 213 1540 et
240 1504 283 1540 C.
306 1503 350 1540 O.
370 1504 518 1541 muner.
541 1505 633 1540 Dor.
663 1505 681 1539 I
700 1518 738 1555 p.

85 1563 178 1608 160,
197 1560 263 1596 ubi
283 1558 357 1596 h.l.
371 1561 489 1597 citans
510 1559 740 1597 adiicitDio—

77 1630 161 1668 nys.
182 1617 374 1653 Halicarn.
395 1618 435 1652 in
456 1618 542 1668 LyS.
577 1621 630 1658 30
650 1630 738 1669 pag.

79 1674 174 1715 523.
232 1675 431 1710 Pertinent
455 1687 545 1710 vero
574 1673 669 1712 haec
690 1675 739 1712 ad

55 1758 58 1759 ν
78 1729 129 1778 id,
155 1730 259 1782 quod
274 1732 314 1766 in
334 1737 415 1767 not.
445 1730 493 1767 acl
512 1731 558 1778 V,
580 1733 629 1771 91
653 1733 737 1770 init.

80 1788 272 1836 attigimus
305 1787 582 1837 Spartanorum
617 1788 740 1825 studi—

80 1856 169 1890 um,
201 1856 277 1895 quo
297 1845 467 1894 tyrannis
486 1845 657 1881 maxime
676 1847 739 1881 in-

80 1898 176 1935 fensi
213 1899 457 1950 tyrannidem
486 1901 594 1936 omni
621 1900 738 1938 modo

83 1968 126 1991 ac
147 1957 279 2007 quovis
300 1956 385 1993 loco
409 1957 597 1993 tollerent.

139 2013 213 2051 τοῦ
233 2010 324 2051 οὔτε
348 2008 589 2063 α’δικώτερον
617 2009 738 2053 ου’δέν

82 2066 162 2107 ἔστι
182 2065 264 2107 κατ’
282 2064 546 2118 ἀνθρώπους]
571 2070 670 2107 Cum
681 2069 738 2108 his

81 2125 345 2172 conferantur,
379 2139 476 2178 quae
506 2127 571 2174 ΙΙΙ,
606 2130 659 2168 80
691 2127 738 2164 de

80 2182 232 2233 tyranni
250 2180 379 2218 indole
400 2189 436 2219 et
462 2190 596 2220 natura
619 2197 737 2235 expo-

80 2245 234 2276 nuntur.
292 2238 486 2290 Equidem
524 2241 564 2276 in
600 2242 738 2278 talibus

82 2294 277 2332 advertere
294 2296 391 2332 mihi
401 2295 534 2333 videor
550 2299 739 2349 scriptoris

82 2352 256 2388 animum
275 2354 450 2403 populari
470 2355 630 2405 imperio
654 2368 740 2392 ma-

80 2409 184 2445 xime
207 2408 379 2445 deditum
399 2417 436 2446 et
460 2412 635 2447 oninium
655 2425 742 2448 ma-

79 2466 186 2502 xime
197 2466 308 2502 unius
320 2464 621 2504 dominationem
631 2481 742 2506 aver-

81 2529 241 2560 santem.
299 2523 357 2558 De
397 2536 473 2574 quo
506 2523 584 2561 dixi
615 2524 663 2562 ad
692 2527 738 2572 V,

82 2580 149 2619 78.
172 2580 238 2618 66.
261 2601 313 2605 —
343 2579 387 2614 Iu
407 2593 513 2632 seqq.
537 2579 586 2618 ad
606 2584 682 2621 νῦν
697 2581 739 2622 δὲ

83 2635 184 2671 conf.
203 2635 270 2671 111.
292 2635 358 2676 25.
379 2636 424 2683 V,
446 2636 512 2677 65.

139 2693 400 2743 παραχρᾶσθε
421 2690 460 2738 ἐς
477 2688 570 2739 τούς
589 2690 740 2743 συμμά-

84 2748 195 2797 χους]
225 2748 312 2784 1)υο
333 2747 446 2785 codd.
466 2751 740 2800 παραχρῆσθε.

84 2802 360 2855 —Schweigln
374 2806 412 2842 in
423 2805 739 2845 Lexicherodot.

1459 1036 1531 1063 olim
1548 1036 1687 1064 Corinthi

796 1161 890 1198 haec
911 1161 1027 1198 verba
1057 1161 1108 1196 ita
1137 1158 1334 1196 reddenda
1365 1172 1459 1195 cen-

796 1226 873 1255 set:
919 1219 1114 1255 contemtim
1146 1231 1174 1256 s.
1205 1217 1352 1265 indigne
1383 1229 1459 1253 cum

796 1278 898 1313 sociis
932 1276 1045 1324 agitis
1076 1275 1137 1311 vel
1164 1275 1288 1325 potins
1320 1273 1368 1309 ob
1400 1286 1457 1319 ea,

796 1345 894 1385 (luae
915 1333 1090 1383 proxime
1117 1330 1369 1367 antecedunt:
1397 1342 1460 1379 per

798 1394 1002 1426 contemtum
1024 1390 1164 1446 insuper
1180 1389 1316 1425 habetis
1336 1391 1368 1423 et
1389 1399 1458 1423 rem

797 1447 904 1484 levem
918 1460 960 1483 ac
972 1445 1107 1482 nullius
1126 1447 1287 1482 momenti
1305 1457 1378 1481 esse
1387 1444 1459 1481 ‹lu-

798 1505 899 1551 cit-is,
930 1505 963 1540 si
986 1502 1025 1540 id
1043 1503 1118 1553 fiat
1154 1503 1325 1539 adversus
1351 1503 1459 1538 socios

794 1566 947 1606 vestros,
984 1572 1147 1610 nempe,
1184 1562 1218 1596 si
1254 1557 1350 1608 apud
1380 1558 1459 1594 illos

797 1620 1033 1655 instituantur
1050 1618 1209 1667 tyranni.
1248 1614 1344 1651 Mihi
1363 1613 1459 1651 illud

796 1675 941 1725 placet3
964 1687 1055 1710 nam
1079 1673 1120 1712 οἱ
1140 1669 1339 1724 σύμμαχοι
1371 1670 1410 1709 11.
1432 1672 1456 1710 l.

796 1739 884 1768 sunt
906 1729 1091 1768 Corinthii
1112 1731 1252 1782 aliique
1272 1731 1391 1766 Dores
1411 1729 1460 1765 li-

796 1789 877 1825 beri
907 1788 1185 1839 Spartanorum
1216 1786 1361 1823 foederi
1388 1784 1458 1822 ad-

795 1847 944 1896 scripti,
985 1845 1212 1896 quibuscum
1234 1844 1460 1880 contemtim

796 1914 909 1951 agere
931 1902 1138 1951 Spartanos
1159 1900 1321 1937 Sosicles
1333 1912 1460 1935 enun-

795 1960 863 1995 tiat
884 1970 928 1994 eo
969 1956 1074 2009 quod
1099 1969 1234 1993 eorum
1272 1957 1458 1992 auxilium

794 2015 974 2051 invocant
994 2013 1042 2050 ad
1054 2027 1135 2050 rem
1149 2013 1336 2050 nefariam
1352 2020 1388 2050 et
1409 2012 1458 2050 ad

794 2071 1040 2123 tyrannidem
1068 2071 1149 2107 aliis
1178 2071 1331 2107 Graecis
1362 2083 1458 2107 con—

794 2127 1047 2174 stituendam,
1085 2140 1202 2179 quam
1233 2140 1254 2164 a
1291 2141 1330 2165 se
1369 2127 1458 2178 ipsis

794 2187 966 2222 Lacones
1006 2185 1222 2221 enixissime
1269 2191 1459 2221 remotam

796 2256 876 2279 esse
904 2243 1117 2279 voluerant.
1138 2264 1193 2268 -—
1213 2240 1275 2278 Ad
1295 2255 1458 2294 sequens

797 2298 882 2338 ἔατε
901 2298 1002 2337 conf.
1024 2296 1163 2336 Matth.
1184 2299 1250 2335 Gr.
1273 2299 1337 2336 Gr.
1367 2311 1455 2350 pag.

795 2354 891 2396 412.
903 2379 942 2383 —
980 2350 1284 2406 συμβάλλεσθαι
1298 2355 1458 2406 γνώμας

796 2414 836 2448 in
858 2413 934 2449 fine
953 2413 1128 2449 sectionis
1156 2413 1258 2449 valet
1275 2412 1459 2461 suffragia

796 2468 950 2519 conferre
990 2470 1050 2506 vel
1083 2470 1254 2520 proprie:
1306 2469 1457 2506 aliorum

796 2526 984 2575 suffragiis
1005 2539 1072 2564 sua
1099 2526 1251 2563 adiicere
1264 2554 1275 2572 ,
1315 2530 1457 2563 senten-

798 2585 884 2620 tiam
911 2583 1034 2619 dicere.
1093 2583 1159 2620 Tu
1178 2582 1255 2622 vid.
1279 2583 1377 2629 VIII,
1402 2585 1451 2622 61

797 2640 884 2677 coll.
914 2640 1012 2676 Plat.
1040 2640 1213 2678 Amator.
1246 2641 1283 2685 ξ.
1312 2639 1337 2678 4
1366 2651 1454 2690 pag.

857 2807 1116 2859 Κορινθίοισι
1145 2804 1220 2860 γάρ
1243 2801 1294 2860 ἦν
1316 2805 1458 2856 πόλιος

1593 969 1611 987 ¹)
