1834 3258
454 231 924 271 POLYMNIA.
982 232 1086 270 VII.

1317 233 1403 272 443

136 351 262 394 ,,σον,
289 337 467 396 γνώμην
492 338 681 385 κελεύων
708 340 858 396 ὑμέων
885 341 963 385 τὸν
991 339 1266 397 βουλόμενον
1295 338 1402 384 α’πο-

139 409 442 463 ,,φαίνεσθαι.“
503 412 652 452 Ταῦτα
686 411 806 461 εἴπας
837 409 1034 454 ἐπαύετο.

223 473 330 519 Μετ’
360 475 498 520 αὐτόν
527 477 574 520 δὲ
602 476 864 531 Μαρδόνιος
895 478 1029 533 ἔλεγε·

138 542 220 596 ,,οὐ
258 543 400 598 μόνον
439 542 499 595 εἷς
540 548 628 588 τῶν
663 545 912 602 γενομένων
958 545 1167 600 Περσέων
1217 544 1406 600 ἄριστος,

136 610 276 664 ,,ἀλλοὶ
303 613 377 655 καὶ
396 616 482 656 τῶν
513 611 754 668 ἐσομένων·
787 613 835 665 ὃς
863 612 916 658 τά
945 629 989 656 τε
1020 613 1128 657 ἄλλα
1155 613 1294 668 λέγων
1323 613 1409 657 ἐπί-

136 696 235 731 ,,κεο
266 679 422 734 ἄριστα
450 681 524 724 καὶ
554 679 846 738 ἀληθέστατα,
875 683 949 726 καὶ
967 680 1121 731 Ἴωνας
1146 681 1254 731 τούς
1276 681 1322 724 ἐν
1351 685 1406 737 τῇ

135 747 362 805 ,Εὐρώπῃ
387 750 732 806 κατοικημένους
761 749 845 796 οὐκ
876 749 1014 801 ἐάσεις
1040 748 1329 805 καταγελάσαι
1357 747 1406 804 ἡ·

107 821 264 872 2,,μῖν,
312 816 465 868 ἐόντας
504 816 723 871 ἀναξίους.

798 820 871 863 καὶ
912 819 998 875 γάρ
1041 818 1188 862 δεινὸν
1227 818 1283 860 ἂν
1334 819 1399 873 εἴη
1416 826 1462 858 80

136 888 364 940 ,,πρῆγμα,
402 887 439 929 εἰ
478 886 631 938 Σάκας
668 887 746 943 μὲν
784 889 857 932 καὶ
884 886 1048 938 Ἰνδοὺς
1083 887 1158 930 καὶ
1188 884 1406 937 Αἰθίοπάς

135 968 206 1004 ,,τε
237 953 311 996 καὶ
337 952 618 1010 Ἀσσυρίους,
650 954 760 999 ἄλλα
789 973 833 999 τε
855 956 986 1000 ἔθνεα
1015 957 1153 999 πολλὰ
1184 956 1257 998 καὶ
1276 952 1405 1010 μεγά-

133 1025 230 1072 ,,λα,
248 1020 525 1087 ’ἀδικήσαντα
538 1023 712 1079 Πέρσας
742 1021 886 1079 οὐδὲν,
916 1023 1025 1068 ἀλλὰ
1043 1023 1234 1081 δύναμιν
1263 1032 1404 1078 προσ-

79 1197 161 1234 ciae
175 1191 326 1232 ¹bellum
345 1196 540 1232 illaturum
560 1196 651 1233 facit
680 1194 741 1232 di-

79 1259 232 1290 centem
265 1254 572 1303 arrogantissima
611 1265 740 1289 coram

36 1344 43 1350 ,
79 1311 193 1347 Asiae
212 1311 470 1361 principibus:
504 1307 586 1357 „Ne
607 1310 742 1347 viderer

80 1381 152 1404 meo
191 1367 428 1405 tantummodo
469 1380 554 1404 usus
584 1367 740 1413 consitio,

79 1437 139 1461 vos
159 1427 344 1461 contraxi:
377 1428 526 1461 ceterum
546 1427 743 1461 mementote

75 1481 273 1532 parendum
295 1483 412 1530 magis
430 1481 524 1517 vobis
546 1494 616 1518 esse
638 1493 741 1531 quam

79 1537 334 1575 suadendumf‘
345 1560 401 1564 —
430 1537 492 1574 Ad
507 1539 742 1574 locutionem

79 1594 224 1644 τίθημι
255 1617 306 1621 -
341 1593 380 1640 ἐς
413 1593 532 1645 μέσον
550 1595 651 1634 conf.
672 1596 740 1644 111,

83 1650 174 1692 142.
195 1652 263 1696 VI,
287 1653 365 1692 129
382 1653 511 1704 ibique
531 1653 657 1689 anata.

317 1775 409 1826 Cap.
431 1775 501 1813 IX.

139 1872 180 1922 ὃς
201 1872 248 1914 τά
268 1890 308 1915 τε
332 1872 430 1915 ἅλλα
461 1875 586 1928 λέγων
607 1875 740 1915 ἐπίκεο

83 1947 118 1970 κ.
138 1947 168 1970 τ.
190 1933 244 1980 λ.]
276 1932 391 1969 Haud
418 1934 518 1969 male
539 1931 742 1982 Schweig-

84 1987 288 2026 haeuserus
308 1991 359 2026 ita
373 1989 556 2027 reddidit:
589 2003 741 2037 „sermo-

84 2059 126 2082 ne
147 2049 418 2083 tuwverumacu
437 2048 628 2096 tetz’gz'stist

141 2098 404 2155 καταγελάσαι
420 2101 546 2155 ἡμῖν]
576 2104 622 2139 In
643 2103 745 2140 San-

85 2159 198 2196 crofti
217 2158 302 2196 cod.
318 2158 467 2210 ὑμέων,
499 2162 539 2197 iu
558 2159 672 2197 vind.
694 2158 744 2211 ή-

85 2218 185 2266 μῶν,
214 2215 318 2268 quod
339 2230 414 2268 quo
437 2218 562 2254 minus
582 2218 745 2268 recipia-

84 2279 168 2321 tur,
207 2273 391 2326 loquendi
410 2287 498 2311 usus
521 2275 665 2321 obstat,
697 2287 746 2310 ex

85 2342 162 2380 quo
190 2332 354 2367 crebrius
382 2329 470 2368 huic
504 2331 621 2369 verbo
643 2330 745 2382 apud

86 2385 325 2424 Herodotum
341 2386 511 2424 dativum
525 2387 667 2425 adstrui
686 2389 746 2425 vi-

86 2441 234 2480 demus.
289 2443 377 2481 vid.
412 2443 549 2484 Matth.
581 2446 649 2482 Gr.
679 2446 747 2483 Gr.

87 2500 125 2545 §.
146 2501 227 2540 378
248 2507 327 2537 not.
348 2502 372 2540 3
402 2514 491 2551 pag.
513 2504 608 2543 696.
667 2503 748 2539 Ge-

85 2556 225 2592 nitivus
255 2555 407 2593 additur
436 2559 480 2606 V,
505 2561 572 2599 68.
594 2559 744 2597 Platon.

87 2610 205 2649 Lach-
226 2613 308 2649 init.
339 2614 445 2658 Quae
482 2617 663 2651 continuo
684 2629 747 2653 se-

89 2677 256 2720 quuntur
275 2665 541 2716 verbasso'vwg
559 2667 747 2719 οἷναξίους

89 2726 221 2762 malim
257 2727 428 2776 accipere
463 2727 611 2764 homines
650 2728 748 2766 indi-

89 2794 189 2830 gnos,
207 2784 270 2834 qui
287 2784 388 2822 nobis
403 2783 587 2832 irrideant,
617 2792 746 2822 mente

91 2846 264 2890 repetens
283 2853 332 2877 ex
351 2841 749 2895 praegressisxawya-

795 1192 1038 1248 ldoamy‘ut‘v.
1073 1193 1293 1245 Schweigh.
1314 1195 1353 1230 in
1366 1195 1462 1232 Lex-

796 1253 941 1291 Herod.
966 1254 1136 1290 absolute
1156 1254 1276 1303 accipi
1297 1252 1379 1288 vult
1401 1252 1462 1287 leo-

795 1313 905 1349 mz'nes
923 1311 1112 1359 indigam,
1145 1311 1296 1347 homines
1317 1309 1434 1345 nihili.

855 1368 890 1407 εἰ
915 1364 1053 1415 Σάκας
1071 1365 1144 1419 μὲν
1162 1365 1231 1405 καὶ
1247 1362 1406 1411 Ἰνδούς
1424 1380 1464 1403 κ.

796 1439 828 1463 τ.
856 1424 910 1473 λ.]
939 1426 1031 1461 Post
1056 1423 1264 1470 Αἰθίοπας
1283 1436 1304 1459 e
1323 1423 1462 1459 mello-

796 1482 898 1518 ribus
914 1480 1026 1520 codd.
1048 1481 1191 1517 inserui
1210 1495 1250 1519 τε
1271 1493 1292 1516 a
1314 1477 1463 1516 Sohae-

796 1539 867 1576 fer.
889 1545 926 1575 et
945 1537 1082 1575 Matth.
1104 1539 1243 1573 iniuria
1264 1538 1465 1573 omissum.

797 1594 973 1632 Produnt
995 1602 1124 1632 autem
1144 1595 1207 1632 vel
1230 1593 1326 1630 haec
1346 1593 1464 1630 verba

797 1654 988 1703 insignem
1008 1653 1050 1688 in
1076 1651 1240 1688 modum
1260 1652 1465 1688 Persarum

796 1711 1018 1746 iactantiam
1062 1710 1314 1759 animumque
1350 1708 1467 1744 nimis

798 1767 942 1803 elatum
985 1779 1029 1803 ac
1074 1766 1304 1816 superbum3
1362 1776 1462 1815 quae

798 1825 903 1859 enim
922 1822 984 1860 hic
1005 1829 1191 1860 vocantur
1211 1828 1364 1872 gentes,
1385 1821 1465 1856 mi-

795 1881 902 1916 nime
943 1886 1047 1916 totae
1083 1881 1288 1915 Persarum
1335 1878 1464 1927 impe-

798 1938 853 1973 rio
891 1937 1095 1986 parebant3
1147 1936 1334 1972 Sacarum
1347 1963 1357 1982 ,
1397 1934 1465 1986 qui

802 1992 970 2044 Scythae
1017 1999 1107 2030 suut
1149 1993 1402 2042 regionesque
1442 2004 1465 2027 a

801 2050 1059 2100 septentrione
1087 2049 1231 2085 Persici
1258 2049 1369 2098 regni
1388 2047 1464 2084 late

800 2113 971 2158 patentes
992 2106 1226 2152 obtinebant⁷
1256 2104 1377 2153 (cons.
1397 2105 1465 2152 III,

801 2164 967 2214 93)pars
987 2170 1137 2199 tantum
1157 2163 1279 2199 Persis
1301 2160 1464 2209 obediit3

799 2219 986 2256 Indorum
1025 2222 1164 2270 exigua
1194 2226 1346 2256 tantum
1379 2231 1466 2269 pars

802 2275 870 2326 (cf.
892 2278 964 2321 ΙΙΙ,
986 2279 1039 2318 98
1059 2290 1152 2328 seqq
1169 2274 1206 2326 )3
1227 2274 1465 2326 Aethiopum

800 2347 880 2371 non
908 2334 981 2371 nisi
999 2335 1038 2381 ii,
1070 2335 1135 2385 qui
1153 2335 1337 2384 Aegyptis
1357 2333 1465 2369 fuere

803 2391 976 2437 accolae,
1008 2403 1098 2427 cum
1115 2391 1312 2441 Cambysis
1342 2403 1464 2440 expe-

804 2446 897 2485 ditio
911 2449 950 2484 in
966 2448 1088 2498 ipsam
1098 2445 1343 2497 Aethiopiam
1362 2447 1464 2482 mule

803 2506 992 2551 cessissett,
1030 2503 1109 2542 vid.
1136 2505 1202 2550 ΙΙΙ,
1232 2506 1299 2544 97.
1322 2526 1372 2530 —
1402 2502 1465 2540 Ad

804 2574 942 2599 vocem
963 2557 1132 2607 δούλους
1142 2561 1344 2611 pertinent,
1367 2572 1464 2610 quae

802 2617 851 2654 ad
870 2619 953 2666 VII,
975 2617 1000 2658 5
1021 2616 1213 2668 adscripsi.
1232 2637 1284 2644 -—-
1305 2627 1466 2665 συστρο-

803 2671 888 2725 φήν
928 2674 1024 2712 dixit
1060 2675 1263 2725 confluxum
1277 2702 1286 2719 ‚
1317 2685 1467 2708 concur—

802 2745 878 2769 sum
915 2731 1170 2768 multitudinis.
1231 2728 1341 2765 Cous.
1369 2730 1466 2765 Dio-

804 2787 886 2826 dor.
916 2789 986 2837 XI,
1019 2790 1059 2828 8.
1090 2789 1186 2824 Lex.
1208 2786 1346 2837 Polyb.
1375 2798 1466 2837 pag.

1463 422 1542 463 511

1090 472 1174 529 „7ss
1204 475 1720 526 656u0ta77600nsiliuuiregis

1464 520 1646 547 Mardonius
1669 527 1719 546 ve·

1463 555 1623 581 hementer
1643 553 1705 579 col-

1463 588 1581 620 laudat,
1601 587 1739 614 Graeco-

1464 630 1530 649 rum
1547 622 1629 649 vires
1647 621 1724 648 mul-

1464 660 1528 685 tum
1547 656 1687 685 elevans.
