1870 3249
339 252 997 305 TE'RPSICHORE.
1055 261 1100 296 v.

1273 260 1356 298 169

95 375 472 433 μεταπεμψάμενοι
511 374 583 418 καὶ
631 375 719 416 τῶν
757 370 902 415 ἄλλων
948 367 1186 425 συμμάχων
1234 364 1356 422 ἀγγέ-

94 452 218 499 λους,
259 443 405 499 ἔλεγόν
442 455 521 498 σφι
550 444 825 496 Σπαρτιῆται
855 438 983 482 τάδε·

325 510 682 567 συγγινώσκομεν
724 508 894 552 αὐτοῖσι
934 504 1038 561 ἡυῖν
1069 502 1121 547 οὐ
1151 501 1358 560 ποιήσασι

95 530 281 570 ”Faxo‘’

1025 437 1221 489 ,ζἈνδρες
1253 433 1357 488 σύμ-

65 580 287 636 3,,όρθιός.
332 579 592 634 ἐπαρθέντες
613 593 699 633 γαρ
721 574 964 632 κιβδήλοισι
995 573 1256 626 μαντηίοισι,
1289 569 1361 614 ἅν-
1372 575 1414 610 43

95 651 232 702 ,,δρας
267 649 351 696 ἔειπ
345 664 433 699 ους
463 646 614 697 ἐόντας
644 642 749 700 ἡμῖν
776 642 830 685 τὰ
857 641 1065 698 μάλιστα,
1099 640 1172 683 καὶ
1209 638 1359 682 ἀναδε-

95 717 335 774 ,,κομένους
359 714 611 771 ὑποχειρίας
638 711 837 765 παρέξειτ
857 727 932 759 τας
947 707 1145 763 Ἀθήνας,
1177 708 1362 757 τούτους

96 785 169 839 „gx
197 788 273 841 τῆς
303 785 509 838 πατριὸος
540 780 825 837 έξηλασαμεν,
855 778 932 820 καὶ
962 778 1119 828 ἔτειτα,
1153 775 1362 832 ποιησαν-

91 868 192 907 ,,τες
220 855 378 904 ταῦτα,
419 850 540 908 δήμῳ
571 850 787 930 α’χαρίστῳ
826 865 865 893 τ
863 847 1139 902 ιρεὸώκαμεν
1175 861 1254 899 την
1288 841 1363 886 πό-
1373 850 1420 884 50

95 924 215 969 ,,λιυ·

256 917 304 970 ὃς
344 918 435 962 ἐπεί
472 936 516 962 τε
556 916 617 961 δι’
649 915 782 972 ἡμέας
814 915 1131 970 ἐλευθερωθεὶς
1160 911 1363 962 ἀνέκυψε,

49 1049 52 1053 .
93 986 256 1044 ,,ἡμέας
285 986 363 1044 μὲν
394 989 467 1030 καὶ
496 987 574 1030 τὸν
603 986 786 1043 βασιλέα
810 981 955 1042 ἡμέων
975 983 1264 1039 περιυβρίσας
1284 979 1364 1032 ἐξέ-

40 1192 98 1223 ret
139 1183 363 1237 κατέφυγον
380 1211 392 1227 ,
442 1181 547 1235 quod
587 1183 704 1219 etiam

36 1240 406 1294 Schweighaeusero
452 1252 530 1276 non
572 1238 706 1290 displi-

42 1300 132 1337 cuit.
173 1298 252 1337 Sed
273 1296 385 1336 codd.
406 1310 484 1333 non
506 1295 705 1333 addicunt.

50 1390 56 1394 .
99 1365 451 1407 μεταπεμψαμενοι
503 1368 571 1392 και
625 1355 706 1391 τῶν

45 1409 175 1452 ἄλλων
219 1424 435 1463 συμμαχων
488 1406 702 1461 ἀγγέλους]

45 1483 275 1520 συμμαχους
293 1470 372 1506 sive
394 1479 564 1517 συμμαχι
558 1467 638 1513 ’,αν
665 1473 709 1503 ut

45 1527 155 1572 alibi,
199 1527 360 1576 Spartae
389 1525 567 1573 intelligit
586 1525 707 1560 socios

42 1584 179 1620 liberos
201 1590 314 1634 atque
337 1576 583 1629 αὐτονόμους
599 1608 612 1624 ,
642 1581 707 1631 qui

43 1653 114 1691 pro
134 1639 297 1676 foederis
317 1639 447 1675 Dorici
467 1639 613 1673 ratione
627 1666 636 1682 ,
659 1636 706 1673 de

45 1710 120 1748 qua
130 1697 228 1732 bene
241 1696 416 1746 exposuit
428 1692 704 1731 VVachsmuth.

45 1754 196 1789 Hellen.
217 1750 496 1789 Alterthumsk.
516 1752 546 1796 I,
569 1754 596 1791 2
616 1763 704 1801 pag.

52 1812 127 1850 113
149 1822 228 1861 seq.
252 1811 330 1850 129
358 1822 437 1860 seq.
468 1808 553 1856 (ubi
572 1809 707 1858 singu-

46 1866 106 1902 lae
127 1864 238 1902 huius
250 1866 408 1902 civitatis
428 1872 559 1914 gentes
572 1877 709 1900 recen-

49 1923 197 1971 sentur)
229 1923 315 1961 coll.
336 1923 499 1957 Kortiim
519 1922 710 1970 Beytr'age

51 1991 85 2014 z.
98 1976 314 2014 Geschicht.
327 1976 364 2014 d.
377 1976 517 2013 hellen.
540 1983 610 2012 etc.
622 1988 712 2026 pag.

54 2036 103 2074 31
127 2047 233 2086 seqq.
253 2032 308 2073 44
337 2046 456 2084 seqq.,
485 2034 543 2069 sui
562 2045 714 2083 prorsus

55 2098 162 2127 erant
196 2092 300 2137 iuris.
357 2092 490 2140 Neque
532 2090 635 2125 enim
673 2086 714 2124 hi

53 2148 165 2194 socii,
207 2153 251 2183 ut
287 2144 580 2183 Atheniensium
609 2146 713 2191 socii,

54 2203 243 2240 tributarii
258 2203 379 2239 ferme
400 2203 555 2239 fuerunt
575 2208 640 2238 aut
654 2200 715 2238 di-

55 2266 116 2296 cto
147 2259 342 2296 audientes
373 2260 567 2310 Spartanis
595 2260 635 2294 in
668 2259 712 2295 iis

52 2317 187 2364 rebus,
219 2329 316 2368 quae
336 2315 384 2353 ad
403 2329 513 2353 suam
541 2317 712 2366 ipsorum

53 2374 245 2410 civitatem
257 2374 499 2424 pertinerent,
519 2373 631 2408 unice
644 2384 712 2408 co-

54 2431 127 2466 acti
166 2428 213 2466 ad
253 2429 477 2480 praestanda
508 2428 712 2480 quaedam,

52 2486 198 2523 bellum
217 2486 248 2522 si
268 2493 446 2523 exortum
466 2493 573 2523 esset.
622 2485 714 2522 Sin-

56 2543 138 2593 guli
193 2543 429 2592 siugularum
496 2543 690 2579 civitatum
705 2571 715 2590 ,

57 2612 156 2651 quae
191 2597 280 2636 huic
320 2598 466 2635 foederi
507 2597 715 2649 adscriptae

59 2662 177 2703 erant,
199 2656 314 2705 legati
344 2655 521 2705 Spartam
551 2656 716 2691 aliumve

58 2712 98 2748 in
123 2713 275 2759 locum,
307 2724 328 2747 a
350 2712 561 2761 Spartanis,
600 2724 717 2762 penes

60 2781 154 2820 quos
174 2767 411 2806 convocandi
437 2768 495 2804 ius
514 2768 628 2804 fuisse
657 2768 717 2804 vi-

60 2824 195 2872 detur,
247 2823 457 2861 indicatum
492 2837 716 2871 convenere,

61 2879 107 2918 de
128 2882 237 2919 rebus
266 2880 532 2918 communibus
563 2881 718 2917 consul-

761 1181 874 1218 taturi
884 1182 1011 1232 prouti
1021 1194 1078 1217 res
1089 1181 1174 1216 tulit
1184 1193 1193 1227 3
1214 1191 1286 1215 nec
1308 1178 1421 1213 aliam

760 1238 841 1274 fere
874 1239 914 1274 in
935 1236 1009 1274 hoc
1045 1244 1156 1274 coetu
1187 1237 1422 1287 praerogati-

760 1308 852 1332 vam
883 1293 1057 1331 habuisse
1097 1293 1274 1331 videntur
1302 1292 1423 1342 Spar-

760 1353 865 1398 tani,
897 1352 969 1388 nisi
995 1350 1098 1403 quod
1128 1352 1228 1387 inter
1255 1350 1422 1385 civitates

762 1422 884 1460 aeque
941 1409 1078 1445 liberas
1135 1405 1422 1444 confoederatas

762 1466 976 1516 principem
1024 1465 1239 1502 obtinerent
1277 1463 1420 1500 locum.

764 1523 822 1559 Cf.
844 1520 1032 1586 Thucjd
1048 1523 1078 1568 I,
1096 1524 1162 1563 67.
1176 1543 1231 1548 —
1251 1518 1314 1555 Ad
1334 1532 1423 1556 ver-

762 1580 812 1616 ba
862 1574 1083 1631 συῃινώσ·
1076 1593 1185 1628 οιιεν
1243 1571 1425 1615 αὐτοῖσιν

763 1634 861 1685 ἡμῖν
887 1633 935 1674 ου’
947 1649 1137 1686 ποιησασι
1165 1634 1266 1671 conf.
1288 1631 1424 1668 Matth.

763 1694 830 1729 Gi.
853 1694 919 1729 Gr.
941 1695 1156 1743 pag.1075
1182 1699 1219 1728 et
1240 1689 1289 1727 ad
1309 1690 1424 1727 veiha

761 1747 1002 1801 ἐπαρθέντες
1031 1745 1256 1799 κιβόηλοισι
1278 1762 1427 1798 μαντη-

763 1807 859 1845 ’ίόισι
879 1807 979 1843 conf.
1001 1807 1031 1854 I,
1063 1809 1137 1851 663
1176 1805 1224 1842 de
1245 1817 1337 1841 voce
1361 1802 1425 1841 ἐπ-

765 1862 955 1914 αρθέντες
990 1863 1091 1900 conf.
1119 1864 1150 1909 I,
1183 1864 1251 1902 87.
1283 1861 1327 1908 V,
1360 1861 1426 1899 81.

765 1921 829 1967 VI,
855 1921 946 1959 132.

827 2029 893 2069 καὶ
924 2025 1241 2078 ἀναδεκομένους
1267 2026 1430 2077 ὑποχει-

772 2087 859 2139 ρίας
881 2086 1084 2138 παρέξειν]
1100 2086 1198 2122 citat
1219 2084 1257 2122 h.
1279 2083 1429 2122 l.Tho-

770 2157 851 2180 mas
889 2145 1039 2194 Magist.
1079 2155 1167 2194 pag.
1210 2145 1291 2183 880
1332 2155 1361 2178 s.
1394 2155 1430 2177 v.

769 2199 1015 2251 ὑφίσταμαι,
1047 2212 1123 2251 quo
1157 2205 1430 2236 commonstrat

769 2257 1009 2294 Herodotum
1032 2255 1169 2293 eodem
1189 2269 1322 2302 sensu,
1353 2268 1430 2306 quo

767 2313 1035 2364 ὑποδέχεσθαι
1062 2314 1127 2363 (ΙΙ,
1152 2313 1273 2364 121),
1307 2311 1431 2348 dicere

769 2367 1064 2422 ἀναδέχεσθαι,
1123 2372 1159 2407 in
1198 2383 1233 2406 se
1270 2371 1431 2418 recipere,

763 2428 945 2478 polliceri,
971 2429 1051 2474 etsi,
1071 2433 1254 2463 monente
1274 2424 1432 2462 Dukero

771 2484 820 2521 ad
851 2483 1073 2536 Thucydid.
1105 2483 1203 2530 VIII,
1234 2485 1300 2530 81,
1340 2480 1433 2518 illud

770 2542 855 2592 plus
894 2542 993 2578 valet
1025 2553 1141 2592 quam
1169 2538 1256 2576 hoc.
1324 2537 1432 2583 Idem

773 2599 941 2635 Graecus
961 2598 1141 2647 Magister
1174 2602 1302 2632 tuetur
1330 2594 1432 2633 ὕπο-

773 2654 933 2705 χειρίας,
974 2655 1080 2690 cuius
1120 2653 1204 2690 loco
1242 2651 1317 2688 dno
1348 2652 1433 2687 libii

773 2712 902 2761 scripti
950 2710 1115 2747 afferunt
1162 2707 1433 2758 υποχειρίους.

774 2768 895 2804 Paulo
916 2774 1000 2818 post
1021 2779 1155 2804 omnes
1184 2763 1295 2801 codd.
1319 2760 1432 2815 δήμῳ

775 2818 994 2891 α’χαρίστῳ,
1039 2823 1164 2859 nullus
1195 2822 1287 2857 liber
1319 2816 1433 2873 δημω

774 2875 956 2933 α’χαρίτω.
1016 2881 1080 2916 Tu
1112 2878 1213 2916 cons.
1255 2883 1348 2913 nott.
1386 2860 1434 2912 a‘d
