1851 3181
438 200 523 241 394

833 197 1296 236 HERODOTI

438 309 541 359 τοῦ,
583 309 644 363 τῷ
674 302 844 360 οὔνομά
874 306 963 350 έστι
988 305 1257 361 Ἀρδέρικκα·
1287 305 1374 351 ἀπὸ
1404 307 1483 364 μὲν
1512 307 1700 352 Σούσων

439 374 544 419 δέκα
569 373 641 418 καὶ
666 375 918 430 διηκοσίους
936 376 1138 425 σταδίους
1167 375 1390 431 ἀπέχοντι,
1420 372 1700 430 τεσσεράκον-

435 459 491 486 τα
525 441 572 485 δὲ
611 438 697 485 ἀπὸ
739 446 819 486 τοῦ
856 443 1064 498 φρέατος,
1114 443 1163 486 τό
1203 444 1430 499 παρέχεται
1470 444 1703 499 τριφασίας

411 517 434 552 8
449 509 579 560 ἰδέας.
621 509 695 552 καὶ
714 510 798 565 γὰρ
822 509 1050 566 ἄσφαλτον
1069 512 1142 554 καὶ
1172 511 1277 564 ἅλας
1293 512 1366 555 καὶ
1396 512 1542 555 ἔλαιον
1565 509 1702 566 ἀρύσ-

438 589 590 621 σονται
621 577 663 629 ἐξ
694 575 852 626 αὐτοῦ,
886 577 1033 635 τρόπῳ
1062 582 1227 639 τοιῷδε.
1277 579 1495 624 ἀντλέεται
1522 578 1602 634 μὲν
1629 596 1700 635 κη-
1713 582 1757 619 45

434 647 619 702 λονηΐῳ,
653 644 749 688 ἀντὶ
778 645 824 689 δὲ
843 651 1035 702 γαυλοῦ,
1068 647 1203 704 ἥμισυ
1234 647 1373 692 ἀσκοῦ
1402 650 1445 691 οἳ
1473 645 1703 700 προσδέδε-

436 730 529 757 ται·
560 711 793 764 ὑποτύψας
824 713 870 757 δὲ
899 715 1060 773 τούτῳ,

1101 714 1268 760 ἀντλέει
1295 717 1366 760 καὶ
1399 716 1544 760 ἔπειτα
1572 712 1702 769 ἐγχέει

436 781 480 832 ές
519 780 775 836 δεξαμενήν·
824 781 872 825 ἐκ
914 782 959 826 δὲ
996 781 1156 839 ταύτης
1185 784 1228 836 ές
1267 784 1373 827 ἄλλο
1407 781 1701 837 διαχεόμενον,

407 849 640 904 4τρέπεται
673 852 907 905 τριφασίας
936 850 1079 903 ὁδούς.
1117 851 1235 908 καὶὴ
1266 852 1345 906 μὲν
1374 849 1598 906 ἄσφαλτος
1626 849 1702 892 καὶ

436 917 481 961 οἱ
511 916 609 968 ἅλες
638 916 883 972 πήγνυνται
911 921 1184 974 παραυτίκαῗ,
1228 919 1277 963 τὸ
1315 919 1361 962 δὲ
1391 919 1539 963 ἔλαιον
1568 915 1758 960 συνεί-50

433 997 563 1040 γουσι
591 985 639 1028 έν
660 983 870 1041 ἀγγείοις,
912 987 962 1031 τὸ
1005 990 1050 1032 οἱ
1080 988 1248 1043 Πέρσαι
1287 987 1492 1031 καλέουσι
1522 983 1702 1040 ῥαδινά-
1759 982 1839 1025 494

595 1053 683 1097 ἔστι
712 1055 758 1098 δὲ
801 1056 956 1112 μέλαν,
994 1056 1068 1100 καὶ
1110 1054 1254 1113 ὀδμὴν
1283 1055 1583 1111 παρεχόμενον
1622 1056 1702 1109 βα-

606 1119 827 1167 Ἐνθαῦτα
853 1124 957 1176 τοὺς
982 1123 1223 1181 Ἐρετριέας
1251 1125 1470 1168 κατοίκισε
1498 1122 1702 1179 βασιλεὺς

405 1059 540 1109 5κην’

434 1121 553 1177 ρέαν.

377 1303 457 1327 των
488 1283 648 1338 ἀδικίης
683 1284 886 1339 προτέρων
934 1287 1037 1324 conf.

375 1346 439 1393 IV,
464 1347 484 1384 1
508 1351 545 1380 et
565 1343 612 1380 de
633 1342 804 1381 stathmis
831 1345 872 1380 in
900 1345 1039 1381 Persa-

376 1414 464 1438 rum
493 1413 613 1451 reguo
641 1402 686 1448 V⁷
727 1401 794 1441 52.
852 1402 897 1436 lu
930 1414 1038 1452 seqq.

375 1456 543 1497 Bekker.
582 1470 651 1508 pro
681 1452 933 1506 ἀπαχθέντας
951 1470 1039 1494 ma-

375 1515 457 1553 vult
477 1514 622 1551 restitui
644 1509 907 1562 ἀναχθέντας.

431 1567 686 1621 Ἀρδέρικκα]
718 1571 921 1607 Fluctuant
940 1570 1040 1607 libri.

375 1628 454 1664 Nos
473 1629 667 1678 potiorum
688 1626 800 1666 codd.
832 1629 1040 1664 auctorita-

376 1691 456 1721 tem
476 1685 595 1720 secuti
614 1697 758 1722 sumus.
790 1683 942 1720 Eodem
965 1697 1040 1720 no-

375 1742 481 1777 mine
497 1741 604 1778 locus
626 1741 798 1793 quamvis
820 1740 986 1777 diversus
1007 1742 1036 1788 Ι,

378 1797 471 1838 185.
505 1796 758 1835 Philostratus
778 1798 824 1834 V.
855 1798 983 1848 Apoll.
1006 1799 1035 1844 Ι,

374 1853 430 1895 24
471 1855 704 1892 Eretrienses
755 1855 796 1890 in
834 1853 1039 1891 Medorum

375 1911 533 1961 regione
555 1912 716 1949 collocat
738 1911 851 1948 unius
873 1910 948 1948 diei
972 1912 1039 1947 iti-

374 1981 467 2004 nere
487 1968 574 2005 satis
593 1969 710 2018 longo
722 1981 743 2004 a
762 1969 961 2020 Babylone
974 1981 1038 2004 re-

374 2031 514 2061 motos.
553 2026 598 2061 Iu
626 2024 861 2076 Gordyenen
890 2025 1039 2062 Eretri-

376 2094 483 2117 enses
501 2082 698 2119 translatos
720 2095 798 2118 esse
808 2082 943 2119 Strabo
957 2089 1038 2118 tra-

376 2136 431 2175 dit
450 2138 541 2174 XVI
560 2151 597 2188 p.
621 2140 726 2179 1083
739 2140 787 2175 D.
808 2140 941 2179 s.747.
962 2139 1038 2176 Vix

377 2201 493 2230 recte.
513 2195 779 2245 Inscriptiones
794 2195 984 2246 quaedam
997 2197 1037 2231 in

372 2250 606 2287 Eretrienses
654 2253 853 2288 translatos
886 2252 1038 2288 Platoni

376 2320 476 2359 quae
486 2307 714 2354 tribuuntur,
730 2308 815 2357 lege
827 2308 873 2344 sis
889 2309 1039 2344 iuAua-

375 2365 479 2401 lectt.
498 2370 590 2401 vett.
619 2371 737 2414 poett.
767 2366 923 2400 Graeco.
953 2365 971 2399 Ι
997 2378 1037 2414 p.

379 2421 622 2461 173.xxl11
643 2427 679 2457 et
712 2421 842 2456 XXIV
871 2421 922 2458 T.
951 2421 969 2456 1
997 2434 1038 2470 p.

379 2479 459 2517 107
489 2478 566 2514 Iac.
595 2498 651 2506 —
705 2478 764 2514 De
788 2476 906 2514 Cissia
941 2483 1038 2514 terra

376 2533 480 2571 cons.
502 2535 567 2581 111,
590 2534 657 2573 91.

433 2590 646 2641 τριφασίας
677 2587 813 2638 ἰδέας]
852 2589 876 2628 i.
901 2603 935 2626 e.
966 2592 1035 2627 tres

378 2646 539 2684 ‹liversas
571 2659 687 2686 rerum
717 2648 861 2698 specieS,
902 2652 944 2682 ut
971 2647 1034 2695 VI,

380 2705 472 2744 108.
529 2705 623 2740 Mox
651 2717 671 2740 e
692 2705 859 2741 Florent.
881 2709 918 2739 et
939 2702 1035 2740 San-

375 2760 487 2797 crosti
516 2761 612 2798 libro
641 2759 884 2798 exhibuimus
914 2754 1036 2808 ἀρύσ-

375 2827 512 2857 σονται
534 2830 603 2870 pro
625 2813 856 2871 ἀρύσονται,
877 2828 954 2870 quo
974 2817 1035 2854 su-

1093 1295 1180 1325 turo
1199 1285 1386 1324 mendoso
1403 1315 1413 1333 ,
1442 1292 1485 1323 ut
1504 1285 1674 1337 putabat,
1695 1285 1757 1322 of-

1094 1343 1326 1381 fendebatur
1346 1343 1493 1390 Iacobs,
1524 1343 1669 1379 restitui
1697 1342 1760 1378 iu-

1095 1402 1188 1438 bens
1210 1395 1438 1450 ἀρύτουται.
1486 1398 1670 1436 Matthiae
1687 1397 1758 1435 de-

1097 1456 1151 1494 dit
1179 1452 1385 1509 ἀρύονται.
1451 1455 1515 1492 Ad
1554 1455 1757 1509 κηλονηΐῳ

1097 1514 1200 1551 conf.
1229 1520 1326 1550 nott.
1357 1511 1405 1549 ad
1425 1513 1454 1560 Ι,
1490 1515 1580 1562 193,
1610 1509 1758 1565 γανλὸς

1097 1578 1152 1608 est
1180 1571 1311 1618 situla,
1341 1570 1537 1606 haustrum.
1584 1567 1757 1620 φρέατος

1096 1623 1307 1679 ἀντλητῆρ,
1340 1633 1383 1662 ut
1416 1627 1467 1662 ait
1486 1626 1609 1675 glossa
1628 1627 1756 1662 Hero-

1096 1684 1221 1723 dotea,
1281 1683 1368 1719 Alia
1403 1683 1560 1718 notione
1601 1683 1754 1719 inveni-

1092 1754 1178 1777 mus
1196 1741 1262 1787 ΙΙΙ,
1286 1742 1378 1779 137.
1407 1738 1470 1775 Ad
1493 1751 1631 1776 vocem
1649 1737 1755 1778 ὑπο-

1092 1793 1226 1847 τύψας
1257 1795 1359 1833 conf.
1387 1801 1484 1832 nott.
1517 1794 1566 1831 ad
1584 1796 1649 1843 ΠΙ,
1674 1796 1755 1835 130

1095 1861 1133 1890 et
1157 1852 1205 1890 ad
1227 1848 1447 1902 δεξαμενήν
1467 1852 1532 1899 ΠΙ,
1556 1853 1594 1891 9.
1652 1849 1757 1888 Add.

1093 1911 1244 1947 Aeliau.
1253 1911 1301 1946 N.
1314 1909 1362 1946 A.
1375 1910 1462 1955 XII,
1475 1911 1527 1948 30
1539 1914 1576 1944 et
1589 1908 1637 1945 cf.
1649 1906 1758 1944 Bek-

1093 1967 1176 2005 ker.
1188 1964 1361 2004 Anecdd.
1372 1967 1436 2016 Ip.
1441 1967 1507 2012 89,
1528 1965 1595 2001 ubi
1604 1978 1672 2015 pro
1695 1964 1759 2003 δε-

1094 2021 1288 2075 δεξαμένη
1308 2021 1518 2089 legendum
1548 2019 1757 2073 δεξαμένη.

1151 2076 1374 2132 συνάγουσι
1392 2078 1433 2119 έν
1461 2073 1657 2131 ἀγγείοις,
1687 2074 1754 2125 τό]

1093 2138 1245 2175 Absunt
1274 2135 1347 2173 hae
1368 2148 1481 2172 voces
1511 2147 1533 2171 a
1564 2135 1756 2185 plerisque

1094 2193 1221 2242 codd„
1250 2206 1320 2243 pro
1340 2193 1473 2243 spuriis
1492 2189 1582 2227 inde
1603 2189 1756 2227 habitae

1094 2264 1118 2287 a
1137 2250 1346 2287 Gronovio.
1388 2246 1582 2300 Equidem
1603 2259 1664 2283 eas
1685 2245 1755 2283 de·-

1093 2307 1172 2343 lere
1192 2306 1327 2342 nolim.
1346 2305 1414 2341 Est
1430 2317 1521 2342 vero
1539 2302 1612 2340 hoc
1625 2304 1755 2340 oleum

1095 2364 1127 2400 si
1159 2375 1248 2399 vera
1281 2360 1436 2399 tradidit
1463 2362 1584 2408 Miot,
1623 2360 1755 2397 Gallus

1093 2420 1288 2469 inte1·pre5‚
1319 2419 1492 2455 bitumen
1507 2447 1518 2466 ‚
1549 2415 1653 2469 quod
1672 2416 1756 2454 vul-

1093 2489 1144 2526 go
1175 2475 1320 2525 γεῖς-οἱοί
1359 2474 1562 2524 (Steinoel)
1596 2473 1755 2510 nomine

1094 2533 1294 2583 cognitum
1323 2539 1360 2568 et
1390 2533 1437 2568 ab
1465 2529 1636 2581 asphalto
1657 2530 1753 2566 bene

1094 2587 1390 2627 discernendum
1427 2588 1467 2624 iu
1498 2588 1609 2624 variis
1641 2587 1754 2623 Asiae

1094 2646 1311 2697 regionibus
1331 2645 1540 2695 reperitur,
1581 2642 1754 2693 inprimis

1090 2703 1132 2739 iu
1152 2701 1307 2740 Perside
1326 2715 1445 2753 prope
1472 2707 1612 2737 terram
1628 2697 1753 2745 Baku,

1092 2759 1141 2797 ad
1167 2760 1291 2810 Caspii
1318 2760 1433 2796 maris
1454 2769 1564 2794 oram
1596 2761 1633 2792 et
1652 2755 1751 2792 occi-

1093 2815 1286 2854 dentalem
1327 2822 1366 2853 et
1402 2811 1748 2865 septentrionalem,
