1806 3181
428 129 513 169 678

827 125 1284 163 HERODOTI

430 236 595 287 ξαντες,
638 231 699 276 ἐπ’
730 226 765 290 ᾧ
794 249 839 277 τε
865 232 1135 288 Ἱπποκράτεϊ
1162 234 1426 289 Καμαρίναν
1453 209 1701 291 Συρηκου-Ι

430 304 553 353 σίους
585 302 883 356 παραδοῦναι·
934 303 1255 358 Συρηκουσίων
1285 302 1331 346 δὲ
1365 297 1422 359 ἦν
1452 303 1687 358 Καμαρῖνοι

259 374 358 421 155
427 372 476 415 τὸ
506 369 704 426 άρχαῖον.
747 369 823 421 Ὡς
840 369 977 413 δὲκαὶ
1001 369 1306 425 Ἱπποκράτεα,
1334 369 1694 425 τυραννεύσαντα

428 441 503 482 ἰ’σα
541 438 636 482 ἔτεα
675 440 734 494 τῷ
765 435 962 496 ἀδελφεῷ
993 437 1247 495 Κλεάνδρῳ,
1284 439 1490 495 κατέλαβε
1517 436 1690 480 οἷποθα-

422 512 516 551 νεῖν
545 506 655 562 πρὸς
683 505 786 550 πόλι
802 504 957 562 Ὕβλῃ,
988 505 1362 562 στρατευσάμενον
1390 506 1459 550 ἐπὶ
1490 503 1596 556 τούς
1607 508 1690 548 Σι-

430 574 597 626 κελούς·
629 573 745 618 οὕτω
771 573 824 631 δή
854 572 878 617 ὁ
914 573 1071 627 Γέλων,
1100 579 1160 632 τῷ
1190 574 1304 633 λόγῳ
1324 574 1549 630 τιμωρέων
1575 577 1744 616 τοῖσι55

423 640 729 697 Ἱπποκράτεος
776 641 901 685 παισὶ
939 640 1157 700 Εὐκλείδῃ
1195 658 1240 686 τε
1269 643 1342 687 καὶ
1369 640 1604 700 Κλεάνδρῳ
1634 638 1690 684 οὐ

430 709 711 767 βουλομένων
737 714 826 754 τῶν
855 710 1095 767 πολιητέων
1122 709 1351 767 κατηκόων
1380 711 1441 755 ἔτι
1470 707 1604 761 εἶναι,
1630 710 1693 767 τῷ

431 779 572 836 ἔργῳ,
617 777 674 830 ὦς
713 777 972 835 ἐπεκράτησε
1001 777 1114 835 μάχῃ
1143 783 1230 822 τῶν
1259 777 1456 827 Γελοίων,
1484 771 1585 834 ἦρχε
1615 774 1694 819 αὕ-

401 847 522 898 Ξτὸς,
555 845 855 903 ἀποστερήσας
883 845 988 897 τούς
1011 845 1316 900 Ἱπποκράτεος
1355 847 1527 896 παῖδας.
1585 842 1692 900 μετά

431 914 478 958 δὲ
506 918 636 959 τοῦτο
665 913 908 971 τὸεὕρημα,
935 912 1039 965 τούς
1061 913 1284 971 γαμόρους
1302 913 1692 970 καλεομένουςτῶν
1703 916 1748 952 60
1793 906 1798 910 ’

374 1101 519 1152 pocrati
549 1101 652 1138 bona
681 1100 758 1139 fide
796 1103 1032 1148 restituerent,

375 1156 556 1210 Thucyd.
572 1159 636 1207 VI,
658 1158 723 1200 5.“
761 1158 1033 1205 Wesseling.

373 1216 432 1251 De
460 1221 647 1252 structura
667 1215 742 1252 loci
770 1215 872 1252 conf.
899 1212 1037 1250 Matth.

375 1272 443 1308 Gr.
473 1270 540 1310 Gr,
563 1272 601 1316 ξ.
622 1270 717 1320 479,
752 1284 786 1311 a.
816 1284 905 1322 pag.
940 1269 1037 1311 895.

374 1325 569 1365 Eichhoff.
591 1327 633 1363 in
663 1329 866 1379 scriptione
886 1325 936 1363 ad
954 1327 1036 1374 VII,

376 1384 431 1425 52
452 1383 617 1431 laudata,
637 1397 726 1434 pag.
747 1383 801 1424 46
823 1391 860 1421 et
881 1382 928 1420 de
948 1395 1039 1420 ver-

375 1441 427 1477 bo
465 1437 750 1480 καταλλάσσειν
786 1447 882 1478 nott.
915 1438 964 1476 ad
991 1438 1037 1484 V,

377 1498 444 1537 28.
504 1496 697 1534 Camarina
727 1497 844 1534 Gelae
863 1496 1039 1547 proxima

378 1565 401 1589 a
420 1552 666 1604 Syracusanis
687 1552 839 1590 condita
865 1553 938 1589 fuit
967 1565 1040 1588 an—

377 1609 436 1646 nis
455 1609 576 1646 ferme
589 1616 744 1646 centum
756 1610 911 1660 triginta
922 1609 1039 1661 quin-

379 1678 454 1717 que
474 1672 559 1716 post
588 1667 685 1716 ipsas
717 1666 922 1717 Syracusas
942 1678 1038 1702 con-

380 1721 474 1759 ditas
496 1721 628 1773 (igitur
647 1735 747 1759 anno
769 1725 850 1763 600
883 1735 916 1762 a.
947 1720 1038 1762 Chr.

378 1777 440 1829 n.)
468 1785 562 1815 teste
583 1777 814 1847 Thucydide
833 1779 897 1827 VI,
915 1777 953 1827 5,
972 1778 1040 1814 ubi

378 1834 474 1872 haec
509 1836 714 1885 leguntur.
779 1831 1039 1874 ἀναστάντων

381 1889 424 1930 δὲ
476 1891 765 1943 Καμαριναιων
812 1889 1041 1959 γενομένων

380 1946 538 2016 πολέμῳ
567 1964 646 1989 υπο
670 1948 959 2000 Συρακουσίων
985 1942 1041 1987 δι’

382 1999 604 2044 άπόστασιν
633 2004 764 2054 (anno
787 2002 891 2044 554¹
894 2018 927 2041 a.
950 2002 1039 2041 Chr.

381 2058 453 2111 n.‚)
484 2056 613 2114 χρόνῳ
635 2057 904 2112 Ἱπποκράτης
929 2057 1041 2100 ’ὔστε-

383 2131 455 2167 ρον
491 2116 612 2163 Γέλας
652 2114 872 2169 τύραννος,
920 2113 1041 2169 λύτρα

384 2168 546 2237 ἀνδρῶν
584 2173 871 2222 Συρακουσίων
903 2173 1042 2225 αἰχμα-

384 2223 523 2268 λώτων
565 2225 701 2279 λαβων
741 2243 823 2295 την
863 2231 941 2282 γῆν
969 2244 1042 2279 την

386 2285 699 2336 Καμαριναίων,
729 2279 850 2331 αὐτος
869 2282 1044 2335 οἰκιστης

388 2338 622 2391 γενόμενος,
670 2335 862 2393 κατῴκισε
902 2343 1044 2391 Καμα-

386 2398 517 2449 ρίναν.
577 2395 687 2442 Quod
706 2396 849 2434 factum
869 2403 922 2433 est
943 2410 1043 2433 anno

387 2453 467 2494 495
478 2451 644 2493 a.Chr.u.
657 2453 926 2505 Reliquam-bis
943 2455 1044 2490 orle-

387 2511 575 2547 berrimae
596 2510 672 2546 fata
682 2511 708 2545 ii
729 2517 916 2557 enarrant,
947 2523 1042 2562 quos

389 2567 477 2603 citat
507 2566 550 2603 C.
572 2568 630 2602 Fr.
651 2567 861 2603 Hermann.
890 2567 915 2602 l.
946 2568 972 2603 l.
1003 2568 1039 2612 ξ.

390 2622 441 2664 84
462 2628 542 2659 not.
566 2625 616 2663 16
638 2624 722 2661 coll.
743 2624 877 2674 Poppo
907 2623 934 2670 1,
957 2625 982 2662 2
1003 2637 1040 2674 p.

391 2679 485 2718 507.
514 2680 702 2719 Mannert.
732 2681 801 2727 IX,
832 2682 858 2719 2
883 2692 922 2729 p.
944 2678 1038 2720 343.

390 2737 500 2772 Ntmc
528 2736 580 2772 ibi
619 2736 724 2773 vicus
746 2735 937 2774 Camarina
974 2748 1036 2772 ex-

1089 1107 1186 1137 stare
1230 1097 1366 1136 dicitur
1403 1111 1524 1151 prope
1563 1096 1750 1150 oppidum

1089 1156 1248 1195 Biscari.

1315 1245 1408 1296 Cap.
1431 1244 1542 1282 CLV.

1147 1325 1206 1377 τῷ
1230 1319 1411 1378 ἀδελφεῷ
1439 1318 1674 1378 Κλεάνδρῳ]
1705 1324 1752 1361 In

1092 1380 1196 1418 libris
1217 1381 1369 1432 ‚scriptis
1411 1381 1599 1433 plerisque
1630 1387 1752 1418 exstat

1097 1433 1346 1490 Κασσάνδρῳ
1365 1438 1426 1475 vel
1439 1437 1682 1491 Κασάνδρῳ.
1699 1438 1752 1474 At

1094 1494 1171 1532 vid.
1181 1494 1262 1543 VII,
1281 1492 1370 1542 154,
1381 1495 1449 1531 ubi
1466 1495 1572 1531 nulla
1581 1495 1755 1533 lectionis

1093 1552 1268 1588 varietas.
1322 1552 1381 1587 De
1400 1552 1482 1601 ipso
1502 1550 1629 1589 dativo
1649 1550 1752 1588 conf.

1092 1605 1228 1644 Matth.
1257 1608 1325 1645 Gr.
1348 1608 1414 1644 Gr.
1445 1609 1483 1653 §.
1503 1608 1597 1655 385,
1617 1610 1644 1648 2
1662 1620 1752 1658 pag.

1093 1666 1176 1706 706
1198 1670 1236 1699 et
1252 1662 1299 1700 de
1319 1664 1435 1702 verbo
1456 1663 1643 1716 κατέλαβε
1654 1670 1752 1701 nott.

1095 1720 1144 1757 ad
1171 1721 1237 1767 III,
1258 1719 1326 1760 42.

1139 1772 1305 1831 ’“’Τβλῃ]
1337 1776 1437 1814 Cum
1456 1777 1528 1814 tria
1546 1774 1659 1814 huius
1678 1788 1753 1813 no-

1094 1833 1207 1870 minis
1240 1832 1382 1884 oppida
1410 1834 1452 1870 in
1483 1833 1613 1871 Sicilia
1643 1846 1754 1870 com-

1094 1897 1357 1927 memorentur
1372 1919 1382 1938 ,
1410 1888 1622 1927 Larcherus
1642 1889 1689 1926 de
1709 1901 1754 1926 ea

1094 1947 1220 1997 Hybla
1238 1945 1300 1984 hic
1311 1946 1557 1997 cogitandum
1573 1960 1652 1984 esse
1661 1959 1754 1984 cen-

1096 2010 1164 2051 set,
1196 2005 1257 2040 cui
1287 2017 1505 2054 cognomen
1532 2003 1695 2043 Heraeae
1713 2004 1754 2039 in

1097 2059 1339 2097 meridionali
1374 2060 1526 2097 SicIIIae
1554 2063 1670 2112 ‘parte
1705 2059 1753 2096 ab

1100 2116 1297 2154 occidente
1328 2117 1444 2154 Gelae
1466 2116 1514 2154 ad
1534 2129 1621 2153 eam
1639 2117 1755 2164 viam,

1099 2186 1197 2225 quae
1217 2174 1427 2224 Agrigento
1461 2172 1565 2210 ducit
1586 2172 1755 2223 Syracu-
1778 2199 1793 2217 ,Ἀ

1099 2243 1168 2277 sas,
1189 2230 1256 2265 ubi
1274 2243 1376 2265 nune
1396 2229 1553 2278 Ragusa
1572 2242 1652 2266 esse
1662 2228 1755 2266 clu-

1098 2287 1222 2322 verius
1246 2286 1387 2323 asserit.
1411 2286 1476 2321 Tu
1495 2284 1573 2322 vid.
1595 2286 1754 2322 omnino
1789 2288 1796 2302 '⁴

1099 2340 1251 2378 laudata
1278 2342 1324 2378 ab
1347 2342 1389 2378 C.
1410 2342 1471 2380 Fr.
1493 2344 1705 2378 Hermann.
1726 2341 1753 2378 l.

1099 2399 1124 2436 l.
1156 2399 1193 2442 ξ.
1215 2396 1267 2437 84
1288 2404 1368 2434 not.
1390 2400 1427 2437 3.
1450 2396 1489 2437 4.
1544 2400 1602 2434 De
1631 2397 1756 2449 Hybla

1100 2453 1293 2502 ,Megarica
1313 2455 1407 2490 conf
1420 2455 1499 2502 Vll,
1521 2454 1615 2496 156.
1635 2476 1692 2482 —
1709 2455 1753 2490 In

1098 2523 1204 2561 seqq.
1238 2510 1287 2547 ad
1316 2511 1452 2548 verba:
1494 2508 1595 2565 λόγῳ
1620 2508 1770 2561 μὲν--Δ

1100 2566 1197 2618 ἔργω
1225 2565 1268 2606 δὲ
1295 2567 1396 2605 conf.
1416 2568 1479 2615 VI,
1500 2569 1564 2608 38.
1595 2568 1755 2605 Wesse-

1100 2625 1194 2673 ling.
1226 2625 1316 2661 citat
1345 2622 1528 2676 Sophocl.
1557 2623 1651 2662 Oed.
1672 2622 1753 2660 001.

1158 2732 1254 2786 μετά
1285 2733 1329 2775 δὲ
1358 2737 1476 2775 τοῦτο
1496 2732 1539 2775 τὸ
1581 2730 1752 2786 εὕρημα]
