1834 3258
437 263 920 301 POLYMNIA.
977 263 1077 300 VII.
1296 267 1374 308 531

116 374 224 430 πρὸς
260 374 341 416 τοῦ
370 371 549 416 Πόντου
591 370 615 416 ὅ
655 370 781 425 πεζός
813 387 858 415 τε
887 371 962 415 καὶ
991 371 1019 428 ἦ
1048 374 1181 424 ἵππος
1208 372 1377 418 ἅπασα·

116 442 224 487 κατὰ
253 441 299 484 δὲ
328 438 409 497 τήν
438 439 549 494 πρὸς
577 439 626 484 τό
665 442 870 496 Αἰγαῖον,
910 457 962 484 τα
994 439 1212 498 ὑποζύγια
1245 443 1320 486 καὶ
1353 444 1378 500 ἡ

86 511 342 591 ἓθεραπῃΐμ]
401 506 584 564 ηγέοντο
628 508 674 552 δὲ
714 512 865 562 πρῶτα
893 509 973 564 μὲν
1010 511 1055 552 οἱ
1082 508 1235 564 μύριοι
1266 511 1379 567 Πέρ-

115 589 210 629 σαι,
252 576 602 632 ἐστεφανωμένοι
644 575 821 628 πάντες·
859 576 964 632 μετὰ
1001 578 1048 621 δὲ
1097 577 1305 631 τούτους,
1354 579 1378 623 ὁ

115 645 356 702 σύμμικτος
395 643 578 698 στρατός
615 647 836 689 παντοίων
866 646 1046 690 ἐθνέων.
1105 645 1270 704 ταύτην
1300 648 1436 703 μὲνΞο

84 713 196 770 3τὴν
224 712 393 770 ἡμέρην
413 707 548 756 οὗτοι.
606 718 660 772 τῇ
692 714 738 758 δὲ
766 712 999 771 ὑστεραίῃ,
1033 718 1201 768 πρῶτοι
1231 716 1310 770 μὲν
1339 718 1388 760 οἵ

111 797 157 825 τε
185 780 376 836 ἱππόται,
406 781 478 825 καὶ
508 783 552 825 οἱ
579 781 657 834 τοὶς
674 781 832 839 λόγχας
857 782 973 826 κάτω
989 782 1242 838 τρέποντες·
1272 783 1382 828 ἐστε-

110 849 318 905 φάνωντο
358 851 404 893 δὲ
443 851 518 894 καὶ
561 844 708 894 οὗτοι·
766 851 871 906 μετὰ
911 852 979 904 δὲ,
1028 853 1076 896 οἳ
1108 868 1152 895 τε
1182 854 1309 897 ἵπποι
1339 856 1384 898 οἱ

110 919 216 972 ἱροὶ,
251 920 327 962 καὶ
353 917 402 962 τὸ
432 918 553 974 ἅρμα
581 918 630 962 τὸ
663 918 787 974 ἱρόν·
819 919 888 963 ἐπὶ
919 920 986 973 δὲ,
1032 917 1164 971 αὐτός
1192 937 1236 965 τε
1265 922 1381 976 Ξέρ-

110 988 185 1042 ξης
214 987 288 1030 καὶ
332 988 376 1030 οἱ
415 986 703 1043 αἰχμοφόροι,
750 987 825 1031 καὶ
866 989 909 1031 οἱ
946 987 1126 1032 ἱππόται
1167 990 1212 1032 οἱ
1237 992 1438 1045 χίλιοι.25

83 1055 185 1098 4έπὶ
216 1055 262 1098 δὲ
291 1053 506 1108 τούτοισι,
539 1055 562 1099 ὁ
594 1054 723 1106 ἄλλος
753 1055 958 1109 στρατός·
990 1057 1064 1099 καὶ
1095 1058 1141 1099 αἱ
1162 1061 1263 1114 νῆες
1292 1057 1381 1113 ἅμα

111 1121 328 1179 ἀνήγοντο
368 1124 410 1174 ἐς
448 1124 528 1179 τὴν
568 1122 842 1179 ἀπεναντίον.
898 1122 984 1179 ἤδη
1025 1123 1073 1166 δὲ
1100 1124 1274 1180 ἤκουσα
1305 1127 1380 1170 καὶ

0 1185 45 1232 ’,6
109 1191 302 1235 ὕστατον
332 1193 536 1248 διαβῆναι
565 1190 745 1248 βασιλέα
765 1188 959 1234 πάντων.
1018 1191 1179 1248 Ξέρξης
1209 1192 1306 1244 δὲ,’
1289 1195 1381 1236 επεί
1438 1188 1717 1251 ξῗξξξξζξὲᾱξξῧὲῇ,

107 1277 153 1305 τε
182 1259 304 1317 διέβη
333 1258 376 1310 ἐς
405 1260 485 1315 τὴν
504 1259 737 1316 Εὐρώπην,
769 1259 939 1316 ἐθηεῖτο
968 1259 1048 1303 τόν
1076 1260 1264 1314 στρατὸν
1292 1261 1379 1304 ὑπὸ
1438 1257 1717 1318 ξῗξῧῐῗοῑζῆᾗᾟῗθ,

108 1330 330 1384 μαστίγων
360 1329 662 1383 διαβαίνοντα.
719 1327 840 1384 διέβη
880 1328 926 1372 δὲ
960 1327 984 1372 ὁ
1016 1329 1201 1383 στρατὸς
1240 1327 1379 1373 αὐτοῦ
1394 1325 1716 1394 δοὲῐζζῗίᾟξξεὲξὼ

108 1397 155 1439 ἐν
199 1395 304 1439 ἑπτὰ
333 1395 519 1453 ἡμέρῃσι
554 1397 628 1439 καὶ
658 1397 704 1440 ἐν
734 1395 840 1440 ἑπτὰ
872 1394 1139 1453 εὐφρόνῃσι,
1181 1396 1381 1448 ἐλινύσας
1439 1396 1600 1428 apparatu

81 1461 280 1506 Ξούδένα
300 1464 475 1519 χρόνον.
531 1462 752 1507 Ἐνθαῦτα
766 1464 945 1520 λέγεται,
976 1464 1145 1521 Ξέρξεω
1174 1463 1258 1521 ἤδη
1281 1467 1382 1509 δια-

114 1530 353 1586 βεβηκότος
395 1532 474 1575 τὸν
510 1531 850 1589 Ἑλλήσποντον,
893 1532 1034 1586 ἄνδρα
1072 1534 1208 1576 εἰπεῖν
1231 1533 1383 1590 Ἑλλη-

108 1597 344 1642 σπόντιον·
375 1595 464 1652 ,ῘΩ
494 1605 603 1654 Ζεῦ,
635 1602 677 1643 τί
707 1600 760 1655 δή
792 1598 921 1655 ἀνδρὶ
960 1599 1186 1657 εἰδόμενος
1216 1602 1381 1659 Πέρσῃ,

109 1667 213 1718 ,,καὶ
243 1666 417 1724 οὕνομα
447 1667 543 1713 ἀντὶ
574 1667 684 1719 Διὸς

60 1861 237 1913 Πόντου,
257 1867 324 1902 ubi
344 1878 438 1903 mox
458 1861 560 1916 πρὸς
579 1862 622 1905 τό
644 1866 722 1905 Αί-

53 1926 182 1975 γαῖον,
202 1924 303 1964 couf,
331 1921 466 1961 Matth.
498 1924 564 1959 Gr.
595 1924 659 1960 Gr.
682 1924 720 1968 §.

54 1979 155 2023 591,
189 1993 221 2017 c.
254 1996 290 2018 α.
319 1992 408 2030 pag.
432 1981 539 2020 1180
568 1986 604 2016 et
623 1986 720 2018 nott.

55 2034 103 2071 ad
131 2036 309 2083 1V,122.

713 1669 877 1723 Ξέρξεα
897 1667 1104 1725 θέμενος,
1134 1669 1384 1715 ἀνάστατον
1393 1679 1440 1713 35

836 1865 923 1906 οἵτε
942 1862 1108 1905 ἷππόται
1119 1865 1187 1906 καὶ
1200 1867 1242 1906 οἵ
1257 1864 1327 1914 τοὶς
1347 1865 1440 1919 λόγ-

778 1937 850 1973 χας
868 1919 974 1960 κάτω
997 1921 1224 1972 τρέποντες]
1256 1924 1353 1961 Vide
1374 1938 1442 1961 su-

776 1992 845 2029 pra
874 1980 955 2026 ΥΠ,
987 1976 1054 2018 40.
1076 2001 1129 2006 -
1177 1982 1222 2016 In
1251 1980 1328 2017 fine
1356 1994 1440 2032 cap.

779 2032 976 2086 ἀνήγοντο
1015 2036 1117 2072 valet
1159 2037 1360 2086 solverunt,
1410 2051 1441 2076 s.

101 2090 276 2158 ηγέοντο
317 2089 360 2130 δὲ
397 2092 534 2143 πρῶτα
573 2107 617 2142 μ
605 2088 646 2130 ἓν
682 2090 724 2130 οἷ
776 2091 1083 2129 αηεοταεοίαίίιτη
1097 2092 1209 2131 altum
1227 2097 1439 2143 evectisunt,

55 2143 194 2200 μύριοι
216 2147 394 2201 Πέρσαι]
428 2147 542 2184 Haud
561 2149 638 2184 scio
669 2160 718 2184 an

53 2203 285 2253 Immortales,
319 2207 384 2257 qui
404 2211 600 2252 vocantem
629 2202 702 2241 h.l

53 2261 214 2312 intelligi
243 2261 425 2310 debeant,
458 2262 592 2299 decem
611 2262 718 2298 mille

54 2330 240 2365 numero,
279 2318 448 2371 indeque
494 2319 609 2355 etiam
645 2331 717 2369 ap·-

54 2375 182 2425 pellati
203 2375 244 2415 οἷ
275 2372 411 2426 μύριοι
441 2375 545 2425 (ΥΠ,
570 2378 618 2416 31
650 2375 719 2412 fin.

54 2431 147 2483 ibiq.
187 2431 289 2470 laud.
328 2434 494 2470 Brissou.
537 2434 595 2468 De
634 2445 716 2482 reg.

56 2487 202 2525 Persar.
229 2490 389 2539 princip.
418 2491 448 2536 I,
481 2486 607 2539 191)3
646 2490 718 2525 nisi

58 2545 141 2596 quis
171 2543 219 2581 de
239 2546 282 2581 iis
303 2545 437 2582 decem
456 2546 560 2581 mille
577 2547 717 2596 equiti-

57 2600 127 2638 bus
158 2599 219 2637 hic
250 2603 310 2651 agi
332 2609 461 2652 putet,
512 2603 576 2652 qui
600 2615 716 2652 pom-

57 2669 147 2708 pam
175 2658 387 2695 solemnem
425 2657 642 2695 claudentes
681 2665 718 2695 et

58 2715 224 2766 reliquae
244 2716 376 2752 turbae
401 2717 543 2751 mixtae
564 2721 719 2751 antece-

56 2767 186 2808 dentes
199 2778 549 2808 commemorantur
560 2771 640 2818 ΥΠ,
650 2771 720 2811 41.

57 2845 112 2854 --
131 2828 188 2864 De
204 2842 310 2867 curru
326 2842 429 2866 sacro
450 2828 550 2866 conf.
563 2834 657 2864 nott.
670 2827 719 2865 ad

57 2881 138 2932 VII,
157 2884 226 2925 40.

772 2156 815 2185 ut
835 2150 996 2199 saepius.
1010 2171 1062 2176 —-
1084 2151 1160 2187 Pro
1172 2152 1347 2203 βασιλῆα
1369 2165 1441 2188 ex-

773 2204 881 2242 hibui
901 2203 1077 2257 βασιλέα.

994 2329 1086 2380 Cap.
1118 2331 1215 2367 LVI.

829 2427 913 2470 ’ὑπό
936 2430 1164 2483 μαστίγων]
1196 2431 1282 2470 vid.
1303 2432 1440 2471 Matth-

774 2488 840 2524 Gr.
872 2489 938 2524 Gr.
971 2489 1006 2533 ξ.
1047 2490 1129 2529 592
1157 2501 1248 2539 pag.
1271 2490 1380 2531 1185
1402 2497 1440 2527 et

771 2551 868 2581 nott.
890 2544 938 2581 ad
958 2545 1038 2592 Vll,
1060 2547 1127 2585 22.
1175 2547 1232 2582 De
1252 2559 1348 2583 voce
1371 2541 1440 2585 εὕ-

775 2597 908 2652 φρόνη
939 2601 1019 2638 dixi
1048 2600 1096 2638 ad
1125 2603 1206 2650 ΥΠ,
1246 2605 1297 2642 12
1331 2610 1368 2639 et
1389 2602 1438 2639 de

773 2654 959 2705 ἐλινύσας
978 2658 1027 2696 ad
1052 2660 1082 2706 Ι,
1105 2660 1171 2700 67.
1229 2658 1291 2695 Ad
1321 2660 1438 2709 parti·-

775 2715 918 2765 cipium
948 2710 1152 2764 εἰδόμενος
1192 2715 1356 2762 (similis)
1394 2716 1434 2752 in

774 2784 881 2823 seqq.
906 2772 1006 2809 conf.
1028 2772 1090 2818 VI,
1114 2773 1181 2811 69.

832 2823 1054 2866 ἀνάστατον
1073 2849 1128 2853 —-
1146 2826 1345 2875 ποιῆσαι]
1375 2827 1435 2864 De

776 2881 847 2920 hac
867 2885 1060 2920 locutione
1079 2882 1167 2919 vide
1188 2883 1299 2920 allata
1320 2881 1368 2920 ad
1389 2884 1436 2932 V,

1057 2939 1110 2980 84
1133 2936 1159 2960 ἰ’
