1834 3258
409 263 1041 301 POLYMNIA.v11.
1271 264 1353 304 569

93 391 160 427 τες
188 373 421 430 καμήλους,
451 376 667 428 ταχυτῆτα
695 371 748 417 οὐ
769 372 1027 428 λειπομένας
1057 375 1216 418 ἵππων.
1245 376 1392 417 Ταῦ-2
1372 371 1571 414 &Numerus
1590 380 1625 399 ³⁰
1647 371 1692 399 ‘¹¹-

1397 381 1494 433 5xisi0
1514 405 1659 444 equinum.

92 460 146 487 τα
173 442 226 486 τοὶ
253 441 384 485 ἔθνεα
412 444 555 496 μοῦνα
585 442 775 485 ἵππευεν.
825 440 1011 497 ἀριθμὸς
1040 442 1086 486 δὲ
1115 447 1191 500 τῆς
1220 443 1357 486 ἵππου
1414 440 1552 500 ᾒζζξυξῖ,
1573 447 1692 500 ¹c¹¹agg¹⁸

95 509 259 567 ἐγένετο
301 507 415 553 ὀκτὼ
454 507 680 564 μυριάδες,
730 509 865 564 πάρεξ
902 514 991 553 τῶν
1031 510 1239 567 καμήλων
1284 510 1357 554 καὶ
1415 507 1665 577 {fffROEfflSU

64 582 185 622 Ξτῶν
224 577 443 633 ἁρμάτων.
507 580 560 621 Οἱ
579 576 658 633 μέν
677 595 762 621 νυν
792 577 915 621 ἄλλοι
955 579 1101 630 ἱππέες
1135 578 1358 635 ἐτετάχατο

64 645 207 691 3κατοὶ
237 647 377 690 τέλεα·
407 644 605 701 Ἀράβιοι
636 647 708 700 δὲ,
744 646 915 702 ἔσχατοι
944 647 1237 704 ἐπετετάχατο.
1287 646 1417 690 ἅτεδο

93 714 178 772 γάρ
208 719 297 758 τῶν
331 717 476 758 ἵππων
506 713 604 758 οὔτι
635 714 907 771 ἀνεχομένων
937 713 1013 766 τὰς
1043 715 1280 772 καμήλους,
1310 713 1361 759 ὕ-

95 795 238 838 στεροι
267 783 503 839 ἐτετάχατο,
538 784 610 825 ἵνα
639 783 696 839 μή
728 783 935 839 φοβέοιτο
962 782 1011 826 τό
1044 782 1236 827 ἱππικόν.
1268 783 1360 827 Ἵπ-
1417 796 1575 825 Praefecti
1606 796 1693 832 equi-

1419 835 1494 858 tum.
1531 831 1647 858 Eorum

92 867 252 908 παρχοι
292 852 338 895 δὲ
367 846 479 908 ἦσαν
504 851 798 908 Ἁρμαμίθρης
839 868 884 895 τε
913 852 986 894 καὶ
1022 853 1225 902 Τίθαιος,
1265 852 1361 895 Δά-
1418 873 1507 901 unus
1528 864 1666 904 Pham}-

1419 886 1507 933 chen„⁷
1522 907 1558 925 ex
1575 898 1644 934 equi

91 937 184 972 τιος
212 922 375 971 παῖδες.
409 920 432 963 ὁ
464 920 510 963 δὲ
539 921 685 974 τρίτος
714 931 794 976 σφι
816 921 1116 977 συνίππαρχος
1152 920 1364 975 Φαρνού-
1421 941 1495 959 casu
1513 940 1608 972 aeger
1624 932 1691 958 Sar

91 1005 167 1045 χης
199 987 503 1032 καταλέλειπτο
547 988 592 1031 ἐν
621 988 811 1042 Σάρδισι
841 988 1022 1031 νοσέων.
1083 988 1143 1040 ὦς
1171 989 1255 1045 γὰρ
1285 987 1360 1043 ὁρ-

1420 967 1506 994 dibus
1524 966 1659 995 relictus.

92 1056 260 1112 μέωντο
293 1056 339 1100 ἐκ
369 1057 594 1111 Σαρδίων,
633 1056 702 1099 ἐπὶ
733 1056 970 1112 συμφορήν
1000 1055 1172 1101 ἐνέπεσε
1203 1056 1358 1101 ἂνεθέ-
1372 1063 1417 1098 35

69 1129 250 1180 Ξλητον.
308 1123 537 1168 ἐλαύνοντι
565 1124 648 1180 γάρ
682 1126 735 1178 οἱ,
765 1123 851 1168 ὑπὸ
883 1124 986 1177 τούς
1006 1125 1147 1178 πόδας
1175 1128 1259 1169 τοῦ
1288 1128 1362 1169 ἵπ-

90 1208 179 1238 που
209 1191 429 1250 ὑπέδραμε
450 1192 594 1237 κύων·
625 1193 697 1237 καὶ
729 1192 752 1237 ὁ
779 1193 909 1245 ἵππος
940 1192 993 1237 οὐ
1017 1192 1228 1250 προϊδών,
1260 1193 1360 1251 ἐφο-

35 1414 58 1440 a
77 1405 202 1442 vocali
212 1405 397 1456 incipiens
406 1403 468 1442 hic
489 1404 578 1442 ferri
590 1417 699 1456 posse

36 1469 166 1511 negat.
189 1484 240 1489 —-—
270 1464 315 1498 In
335 1476 440 1515 seqq.
462 1476 552 1500 cum
574 1462 701 1499 Medi-

37 1531 129 1567 ceo,
162 1519 381 1556 Florentino
413 1520 570 1572 aliisque
608 1520 701 1556 reti-

34 1576 104 1611 nui
123 1578 330 1627 ταχυτῆτα,
353 1577 458 1614 cuius
469 1578 605 1614 locoin
620 1577 700 1613 aliis

35 1631 266 1683 quibusdam
325 1641 446 1671 exstat
502 1630 715 1685 ταχύτητι.·

34 1690 313 1741 Wesselingius
325 1690 435 1727 affert
446 1690 700 1740 HerodotJll,

37 1749 142 1787 102:
173 1744 346 1799 κάμηλοι
367 1747 504 1787 ἵππων
527 1743 602 1788 ov'n
626 1744 702 1798 ’ἤσ-

37 1814 151 1849 σονες
182 1802 222 1850 ές
261 1807 457 1855 ταχυτῆτα
491 1811 528 1842 et
552 1806 701 1842 Polluc.

35 1859 65 1906 1,
97 1859 176 1900 140
206 1860 254 1898 de
284 1862 494 1900 Bactrianis
525 1861 620 1899 haec
643 1862 704 1899 di-

35 1923 210 1954 centem:
242 1916 310 1956 καὶ
335 1917 436 1958 εισὶν
456 1916 592 1965 αὐτοῖς
609 1918 703 1968 (κά-

36 1972 179 2040 μηλοι)
228 1973 363 2013 ι’ππων
393 1973 465 2026 μὲν
505 1971 703 2027 ω’κύτεραι

35 2025 78 2067 τὸ
108 2025 239 2080 τάχος.
298 2032 364 2068 Tu
398 2031 475 2072 vid.
509 2034 625 2069 etiam
654 2032 702 2069 de

35 2087 211 2135 camelis,
243 2101 342 2140 quae
363 2087 410 2126 ad
430 2091 460 2138 Ι,
482 2091 536 2131 80
558 2103 597 2141 p.
620 2091 700 2130 203

35 2141 316 2183 adnotavimus.

193 2258 287 2310 Cap.
306 2259 542 2297 Lxxxvn.

93 2345 193 2388 κατά
230 2347 368 2399 τέλεα]
416 2348 503 2387 vid.
526 2355 622 2387 nott.
654 2347 704 2386 ad

37 2404 202 2452 vl1,81.
246 2405 310 2442 Ad
328 2408 495 2444 somnam
524 2403 705 2446 ἐπετετά-

39 2475 132 2511 χατο
163 2461 264 2498 conf.
285 2463 398 2500 allata
427 2463 646 2512 adV11‚62
667 2470 704 2500 et

39 2516 89 2553 ad
118 2517 234 2555 verba
265 2513 332 2558 ἅτε
360 2535 433 2571 γαρ
460 2522 542 2559 τῶν
567 2520 704 2559 ι’ππων

41 2570 130 2612 ου’τι
140 2568 390 2625 ἀνεχομένων
405 2590 478 2625 τας
496 2573 704 2629 καμήλους

38 2637 135 2668 nott.
165 2629 213 2668 ad
232 2632 262 2679 Ι,
293 2633 361 2673 80.

195 2744 288 2795 Cap.
309 2745 563 2782 LXXXVIII.

97 2821 390 2873 καταλέλειπτο]
438 2826 495 2860 lta
516 2838 536 2861 e
557 2823 706 2863 duobus

45 2877 154 2917 codd.
192 2879 349 2920 editum.
411 2880 512 2918 Olim
552 2880 707 2922 κατελέ-

755 1405 903 1444 λειπτο.
960 1404 1082 1443 Paulo
1104 1411 1191 1443 ante
1205 1398 1311 1458 ἦσαν
1332 1403 1421 1443 dedi

755 1474 825 1513 pro
847 1459 955 1501 ἕσαν.

815 1515 880 1558 έπὶ
897 1516 1113 1570 συμφορήν
1140 1517 1296 1558 ἐνέπεσε
1328 1513 1422 1558 ἆνε-

758 1572 958 1625 θέλητον]
1001 1574 1158 1615 ἐνέπεσε
1188 1590 1237 1613 ex
1280 1575 1421 1612 AJdina

759 1638 796 1668 et
817 1633 1009 1671 Saucrofti
1036 1634 1132 1670 libro
1153 1633 1276 1670 fluxit.
1315 1633 1422 1670 Reli-

757 1690 823 1741 qui
841 1691 928 1728 libri
953 1688 1170 1742 περιέπεσε,
1193 1687 1296 1743 quod
1316 1703 1422 1726 mar-

756 1746 837 1797 gini
877 1748 970 1785 olim
1008 1746 1241 1799 adscriptum
1270 1745 1360 1784 hinc
1381 1747 1421 1783 in

756 1811 908 1841 textum
964 1805 1155 1856 irrepsisse
1212 1805 1423 1854 suspicatur

757 1860 1074 1910 Valckenaerius,
1124 1875 1213 1898 cum
1235 1860 1423 1911 significa-

759 1918 863 1955 tione
892 1916 989 1954 nihil
1016 1931 1106 1955 sane
1137 1917 1286 1956 differat
1305 1915 1371 1957 ἐπὶ
1393 1930 1423 1954 s.

760 1973 799 2021 ές
833 1971 1049 2026 συμφορήν
1078 1973 1236 2015 ἐνέπεσε
1276 1969 1423 2013 οἷνεθέ-

759 2034 879 2082 λητον
910 2029 1060 2083 (tristem
1108 2034 1145 2069 in
1184 2031 1424 2069 calamitatem

757 2088 910 2138 mcidz't)
942 2095 978 2125 et
1000 2091 1191 2143 συμφορῇ
1218 2086 1423 2139 περιέπεσε

760 2145 895 2199 δεινῇς
917 2158 1015 2197 quae
1035 2146 1201 2196 vulgaris
1224 2152 1277 2182 est
1289 2143 1422 2181 diceu-

760 2201 799 2239 di
819 2203 927 2250 ratio,
959 2203 1046 2239 coll.
1066 2202 1225 2240 Diodor.
1246 2203 1332 2250 XII,
1356 2204 1422 2249 60,

759 2259 826 2295 ubi
847 2258 1000 2296 additur
1020 2257 1075 2299 έν.
1107 2255 1309 2311 Συμφορή
1333 2254 1425 2297 άνε-

760 2314 932 2367 θέλητος
962 2315 1100 2354 dicimr
1127 2318 1253 2366 gravis
1273 2317 1335 2353 vel
1356 2317 1425 2352 tn·-

760 2375 825 2410 stis
840 2372 1050 2422 calamitas,
1086 2380 1244 2411 notante
1263 2374 1313 2409 H.
1335 2373 1425 2410 Ste-

759 2428 888 2481 phano
901 2437 938 2467 et
947 2429 1236 2479 Valckenaerio,
1254 2430 1425 2482 quibene

760 2485 836 2524 huc
858 2488 980 2524 attulit
1006 2489 1087 2535 VII,
1111 2491 1191 2529 133
1222 2494 1259 2524 et
1277 2487 1307 2534 Ι,
1332 2488 1425 2533 132,

760 2544 828 2580 ubi
867 2545 990 2581 multa
1024 2545 1133 2582 uobis
1162 2545 1202 2580 in
1237 2544 1312 2582 vita
1335 2555 1425 2579 eve-

760 2602 843 2637 nire
865 2600 1045 2638 dicuntur
1072 2598 1120 2640 τοὶ
1142 2598 1199 2652 μή
1219 2615 1278 2646 τις
1298 2597 1425 2638 ἐθέλει

761 2658 787 2694 i.
805 2671 838 2694 e.
854 2653 1088 2709 άνεθέλητα,
1109 2658 1187 2695 sive
1198 2657 1307 2703 mala,
1321 2655 1425 2692 cala-

761 2716 902 2752 mitates
943 2715 1056 2762 dirae,
1096 2715 1220 2751 verbis
1250 2711 1354 2749 hisce
1385 2711 1425 2746 in

761 2772 930 2821 speciem
959 2771 1158 2808 lenissimis
1197 2768 1423 2806 declaratae.

760 2828 811 2863 Et
831 2828 934 2865 conf.
964 2828 1080 2865 etiam
1100 2825 1283 2864 Artabani
1312 2824 1425 2862 verba

761 2885 843 2933 vn,
868 2883 935 2925 46.
