1815 3181
399 228 484 267 316

795 224 1260 262 HERODoTl

401 337 532 379 τοῦτο
563 334 639 389 μὲν
667 335 726 388 τῷ
747 335 988 390 Λευτυχίδῃ
1020 332 1047 390 ἡ
1077 327 1221 390 ἔχθρη
1240 334 1266 390 ἡ
1307 333 1348 386 ἐς
1387 333 1465 378 τὸν
1505 335 1656 390 Δημά-

402 419 535 459 ρητον
564 398 774 456 ἐγεγόνεε·
804 400 899 444 τότε
930 402 993 453 δὲ,
1033 401 1081 444 ἐκ
1108 406 1182 458 τῆς
1210 403 1473 459 Κλεομένεος
1492 408 1657 457 προθυ-
1669 408 1714 445 95

401 474 520 526 μίης,
562 468 585 512 ὁ
625 470 891 524 Λευτυχίδης
939 467 1203 524 κατόμνυται
1239 469 1526 527 Δημαρήτου,
1571 469 1659 525 φὰς

400 536 564 591 ,αὐτὸν
613 535 694 579 οὐκ
742 536 1000 593 ἱκνεομένως
1047 536 1292 593 βασιλεύειν
1336 537 1657 593 Σπαρτιητέων,

373 603 515 657 4,,οὐκ
549 603 674 647 ἐόντα
703 607 837 648 παῖδα
854 604 1150 660 Ἀρίστωνος.“
1207 605 1312 660 μετὰ
1351 607 1397 649 δὲ
1427 605 1506 661 τὴν
1525 620 1658 648 κατω-

402 674 561 727 μοσίην
589 671 763 724 ἐδίωκε,
804 669 1040 725 ἀνασώζων
1075 674 1213 716 έκεῖνο
1244 672 1293 716 τὸ
1325 673 1445 725 ἔπος,
1481 672 1530 715 τό
1569 669 1660 716 εἷπε

397 737 602 793 ’Λρίστων
632 738 747 788 τότε,
780 739 849 783 ὅτε
881 743 924 783 οἱ
952 739 1159 796 ἐξήγγειλε
1194 739 1216 784 ὁ
1244 740 1410 795 οἰκέτης
1429 742 1562 784 παῖδα
1589 756 1659 796 γε-

398 807 599 862 γονέναι,
638 805 661 851 ὁ
695 808 766 856 δὲ,
807 807 1181 864 συμβαλλεὸμενος
1218 808 1321 860 τούς
1351 813 1508 865 μῆνας,
1539 806 1683 851 ἀστοί-1

371 883 530 931 ὁμοσε,
563 876 649 931 φὰς
679 874 790 928 ,,ου’κ
821 876 990 920 ἑωυτοῦ
1021 874 1170 920 εἷναι.“
1228 876 1390 920 τούτου
1429 875 1482 933 δὴ
1513 875 1658 932 ἐπιβα-

343 1025 380 1061 11
406 1037 445 1075 p.
474 1026 555 1065 282
584 1039 664 1078 seq.
691 1025 961 1078 explicandum
980 1041 1002 1063 e

343 1082 543 1117 Laconum
562 1095 669 1119 more
683 1112 693 1130 ,
735 1097 811 1135 quo
831 1085 1000 1135 nuptiae,

343 1150 437 1189 quas
467 1150 625 1188 sponsae
655 1146 762 1190 pater
789 1148 876 1177 ante
906 1154 1002 1177 con-

344 1201 523 1242 cesserat,
563 1195 704 1233 fiebant
730 1210 799 1248 per
837 1204 1003 1247 raptum.

344 1251 419 1296 Qui
456 1264 540 1288 mos
567 1259 718 1303 postea,
758 1260 802 1290 ut
839 1253 1000 1302 videtur,

344 1308 541 1345 obsolevit.

399 1359 482 1404 τότε
509 1361 553 1403 δὲ
581 1363 624 1404 ἐκ
650 1366 722 1416 τῆς
761 1363 1004 1416 Κλεομένεος

345 1421 607 1471 προθυμίης]
646 1423 670 1457 i.
693 1435 727 1458 e.
748 1423 890 1459 consilio
909 1422 1005 1459 Cleo-

344 1479 453 1514 menis
494 1490 524 1514 ε.
564 1478 797 1523 sollicitante,
853 1481 1006 1516 instante

350 1534 539 1570 Cleomene.
593 1533 656 1571 Ad
673 1535 788 1571 verba
813 1530 1004 1586 κατομνυ-

342 1605 407 1628 ται
427 1588 671 1641 Δημαρήτου
691 1592 716 1628 i.
739 1605 772 1628 e.
802 1594 900 1629 iurat
921 1606 1002 1629 con-

345 1650 404 1683 tra
421 1646 664 1695 Demaratum,
680 1647 800 1684 refero
813 1661 919 1699 seqq.
932 1662 1000 1697 με-

344 1700 393 1742 zo?
415 1701 456 1742 δὲ
473 1700 544 1753 την
564 1705 816 1754 κατωμοσίην
837 1706 1001 1755 (posthoc

346 1759 629 1812 iuramentum),
658 1762 712 1797 ita
740 1768 783 1797 ut
801 1759 858 1798 his
879 1762 1002 1798 verbis

344 1815 606 1853 antecedentia
639 1818 859 1868 simpliciter
890 1831 1002 1868 repe-

345 1879 486 1910 tantur.
541 1876 676 1926 Neque
697 1874 803 1912 enim
821 1875 861 1911 in
877 1877 1002 1911 Hero-

344 1928 479 1967 dotum
499 1930 634 1968 cadere
653 1938 804 1982 putem,
836 1944 933 1983 quae
954 1944 1004 1969 ex

343 1987 460 2023 Attici
495 1986 568 2023 fori
607 1987 880 2025 consuetudine
926 1986 1004 2025 huc

344 2043 523 2079 translata
541 2045 676 2081 volunt
695 2052 840 2082 veteres
862 2046 1006 2082 Gramq

344 2100 492 2144 matini,
535 2106 628 2137 teste
669 2100 842 2140 Eustath.
877 2103 1003 2139 Hero-

348 2153 459 2191 dotea
471 2157 609 2193 citante
622 2156 670 2193 ad
683 2157 814 2209 Odyss.
826 2172 864 2209 p.
882 2160 1001 2205 1660,

350 2211 401 2252 51
425 2224 455 2248 s·
476 2210 571 2259 400,
590 2211 654 2260 24,
672 2215 738 2251 ubi
758 2215 886 2251 scil.et
897 2221 1002 2251 actor

349 2273 387 2303 et
414 2280 498 2304 reus
527 2269 695 2316 iurabat,
742 2270 806 2306 ille
842 2282 932 2308 vera
961 2283 1002 2307 se

347 2323 607 2374 prolaturum,
653 2323 716 2361 hio
745 2339 835 2363 vera
862 2339 902 2364 se
932 2324 1014 2363 de-'

347 2381 543 2417 sensurum
563 2394 574 2429 ς
633 2379 738 2433 quod
795 2389 1002 2434 utrumque

348 2438 603 2474 iuramentum
650 2438 766 2488 vulgo
824 2433 1004 2489 οἷντωμο-

350 2492 417 2532 σία
463 2494 524 2530 vel
570 2494 763 2545 διωμοσία
810 2493 1003 2532 dicebatur

350 2548 478 2598 (conf.
492 2550 664 2587 Creuzer.
679 2551 910 2588 Commentt.
921 2553 1003 2588 He·

350 2604 458 2644 rodd.
478 2619 565 2657 pag.
578 2608 669 2647 229.
683 2607 723 2644 C.
737 2608 779 2644 F.
792 2605 1002 2646 Hermann‘.

350 2661 489 2699 Lehrb.
512 2661 548 2699 d.
562 2660 713 2699 Griech.
725 2663 1001 2702 Staatsalterth.

350 2720 388 2764 ξ.
404 2717 473 2759 141
494 2726 574 2757 not.
590 2720 760 2768 3)>1tem
780 2719 876 2756 infra
890 2721 934 2767 V,
949 2723 1002 2760 69

350 2772 444 2826 (ἐγώ
492 2773 534 2814 δὲ
585 2772 880 2827 κατωμνύμην)
929 2778 1002 2814 tale

351 2830 440 2882 quid
461 2832 585 2870 valere
610 2842 688 2870 non
718 2833 944 2871 existimem.

1116 1022 1192 1066 οὐκ
1223 1024 1488 1077 ἱκνεομένως]
1529 1027 1555 1063 ἱ.
1586 1039 1619 1063 e.
1648 1039 1715 1064 non

1059 1084 1228 1133 legitime.
1323 1084 1455 1121 Glossa
1498 1082 1714 1120 Herodotea

1057 1141 1227 1193 itemque
1249 1141 1407 1190 Gregor.
1430 1139 1598 1179 Corinth.
1655 1141 1714 1175 De

1059 1196 1146 1237 dial.
1189 1198 1271 1235 Ion.
1307 1199 1345 1242 ξ.
1388 1197 1467 1237 156
1496 1209 1585 1248 pag.
1619 1195 1715 1237 548.

1060 1253 1213 1291 Schaef.
1253 1260 1451 1304 exponunt
1474 1249 1522 1292 ου’
1558 1264 1714 1303 προση-

1059 1309 1206 1356 κόντως
1227 1306 1276 1348 ου’
1290 1305 1563 1360 καθηκόντως,
1581 1321 1715 1360 quum,

1059 1373 1103 1403 ut
1122 1373 1229 1403 notat
1239 1365 1443 1412 Valckeu.‚
1465 1379 1534 1402 rex
1553 1367 1600 1402 sit
1617 1366 1717 1415 legi-

1060 1424 1198 1469 timus,
1249 1422 1288 1470 ἐς
1325 1420 1390 1462 τὸν
1412 1421 1577 1462 ἱκνέεται
1616 1420 1717 1471 ἔχειν

1062 1476 1155 1530 (τήν
1177 1479 1408 1530 βασιληίην)
1429 1480 1492 1527 VI,
1513 1479 1580 1519 57,
1600 1479 1718 1515 Plura

1061 1536 1108 1573 de
1137 1534 1210 1573 hac
1240 1549 1335 1573 voce
1364 1535 1468 1572 idem
1492 1534 1598 1572 addit
1623 1536 1718 1572 Val-

1059 1592 1172 1630 oken.
1194 1599 1231 1629 et
1249 1591 1526 1644 VVyttenbach.
1554 1591 1603 1629 ad
1622 1593 1723 1629 Plu·‘

1057 1648 1177 1686 tarch.
1211 1651 1309 1686 Mor.
1339 1651 1357 1685 I
1377 1662 1464 1699 pag.
1487 1647 1566 1690 104
1586 1662 1666 1700 seq.
1694 1661 1718 1685 a

1059 1706 1089 1744 C
1096 1719 1127 1744 r.
1151 1706 1296 1743 citatus.
1356 1707 1419 1743 Sic
1434 1705 1533 1742 infra
1552 1706 1616 1751 VI,
1638 1703 1715 1745 84:

1057 1755 1262 1813 ὁμιλέοντα
1300 1759 1343 1801 δὲ
1381 1765 1532 1812 μᾶλλον
1567 1763 1641 1800 τοῦ
1671 1760 1717 1799 ἱ-

1056 1818 1354 1870 κνευμένου
1376 1820 1555 1865 etV1‚86
1576 1819 1646 1863 §.1
1670 1815 1715 1856 ἐν

1056 1872 1186 1928 χρόνῳ
1228 1873 1534 1928 ἱκνευμένῳ,
1602 1873 1717 1911 Held.

1059 1932 1108 1969 ad
1136 1931 1331 1970 Plutarch.
1358 1932 1498 1970 Aemil.
1522 1931 1634 1968 Paul.
1661 1933 1718 1972 22

1058 2001 1146 2041 pag.
1163 1992 1259 2030 233.

1115 2042 1349 2093 ἀνασώζων]
1372 2045 1568 2092 „Pertinet
1587 2041 1719 2087 ad,eos

1058 2102 1182 2150 locos,
1225 2103 1292 2139 ubi
1320 2101 1455 2138 itidem
1495 2096 1632 2148 σώζειν
1671 2098 1720 2136 de

1058 2158 1224 2196 memo-rid
1243 2165 1464 2209 usurpatur:
1505 2155 1552 2193 de
1582 2156 1719 2207 quibus

1059 2222 1219 2265 egerunt
1256 2213 1448 2251 Heindorf
1481 2211 1530 2250 ad
1566 2213 1719 2253 Platon.

1057 2270 1259 2308 Theaetet.
1280 2283 1368 2322 pag.
1391 2271 1473 2310 318
1508 2275 1545 2305 et
1564 2269 1646 2305 Ast.
1668 2267 1718 2304 ad

1057 2327 1264 2377 Rempubl.
1302 2328 1366 2374 VI,
1406 2328 1434 2366 2
1473 2337 1561 2375 pag·
1596 2324 1718 2366 535·“

1063 2383 1281 2420 Creuzer.
1311 2384 1352 2419 in
1384 2382 1616 2419 Commentt.
1635 2382 1719 2418 H·-

1059 2438 1169 2476 rodd.
1198 2453 1286 2491 pag.
1319 2441 1413 2480 230.
1437 2460 1494 2466 —-
1535 2437 1597 2475 Ad
1618 2449 1719 2486 συμ-

1059 2492 1317 2548 βαλλεόμενος
1354 2495 1456 2533 conf.
1501 2507 1614 2545 supra
1652 2494 1718 2543 VI,

1116 2604 1322 2659 ἀπώμοσε]
1354 2608 1513 2645 Restitui
1532 2604 1605 2644 hoc
1624 2617 1714 2642 oum

1057 2671 1214 2702 recentt.
1236 2664 1324 2701 edd.
1341 2665 1445 2701 Unus
1466 2662 1656 2700 Saucrofti
1670 2663 1714 2698 li-

1057 2722 1126 2762 ber
1138 2716 1324 2771 ἆπόμοσε,
1338 2719 1441 2772 quod
1453 2720 1619 2770 amplexi
1627 2724 1717 2756 sunt

1060 2776 1211 2814 Sohaef.
1225 2784 1262 2814 et
1276 2776 1401 2815 Bekk.
1435 2778 1491 2813 Ac
1503 2778 1568 2813 vix
1583 2788 1718 2827 quem-
1772 2774 1776 2775 ⁷

1060 2847 1177 2885 quam
1188 2834 1225 2870 fu
1230 2835 1285 2884 git
1293 2831 1366 2871 hoc
1376 2835 1416 2870 in
1428 2833 1542 2871 verbo
1561 2831 1719 2880 negandi
