1815 3181
446 258 530 298 324

854 253 1318 290 HERODoTl

419 364 596 420 6,,παροὶ
632 369 732 422 τῇσι
773 363 941 420 θύρῃσι
974 362 1076 418 τῇσι
1119 360 1315 420 αὐλείῃσι
1344 360 1598 417 ἱδρυμένου,
1637 360 1765 418 (τό65

449 432 678 484 ,,καλὲουσι
707 428 1054 488 Ἀστραβάκου·)
1087 434 1216 474 τοῦτο
1247 431 1316 483 δὲ,
1358 431 1402 474 οῖ
1431 430 1603 485 μάντιες
1632 427 1710 472 τὸν

419 495 614 551 7,,αὐτόν
645 502 806 542 τοῦτον
835 498 959 555 ἥρωα
990 496 1196 553 ἀναίρεον
1225 496 1350 542 εἶναι.
1412 497 1537 541 Οὕτω
1569 494 1644 552 δὴ,
1674 489 1710 538 ὦ

448 569 577 617 ,,παῖ,
623 565 728 622 ἔχεις
756 571 844 609 πᾶν
875 566 983 610 ’ὅσον
1015 583 1056 609 τι
1091 567 1163 610 καὶ
1192 565 1369 623 βούλεαι
1398 565 1633 610 πυθέσθαι.
1681 562 1713 620 ἢ

447 633 559 689 ,,γοὶρ
591 632 637 676 ἐκ
666 638 748 678 τοῦ
778 635 926 690 ἥρωος
953 633 1116 677 τούτου
1143 634 1346 691 γέγονας,
1378 636 1451 678 καί
1480 650 1549 677 τοι
1570 630 1710 688 πατήρ

448 701 562 751 „son
589 700 881 757 Ἀστράβακος
911 701 934 745 ὁ
963 701 1098 758 ἥρως,
1138 702 1166 758 ἢ
1200 700 1431 757 Ἀρίστων·
1474 700 1520 744 ἐν
1548 698 1634 755 γάρ
1665 711 1712 742 σε

418 771 531 824 8,,τῇ
559 770 684 812 νυκτὶ
723 770 858 827 ταύτῃ
899 759 1179 825 ἀναιρέομαι]

1230 774 1293 827 Τῇ
1334 771 1379 813 δέ
1419 782 1494 812 σευ
1525 767 1769 823 μάλισταῖο

447 835 770 888 »κατάπτονται
800 839 844 880 οἷ
873 838 1043 893 ἐχθροὶ,
1084 837 1278 894 λέγοντες
1308 835 1367 888 ὥς
1388 835 1520 887 αὐτὸς
1549 833 1573 879 ὁ
1597 833 1710 889 Ἀρί-

446 916 608 957 ,,στων,
654 902 724 948 ὅτε
770 903 888 961 αὐτῷ
926 905 980 948 σύ
1018 904 1230 963 ἠγγέλθης
1267 903 1566 961 γεγενημένος,
1609 905 1711 945 πολ-

447 974 565 1023 ,,λών
595 971 851 1016 ἀκουόντων
891 971 946 1016 οὐ
982 973 1130 1028 φήσειέ
1173 985 1219 1017 σε
1254 972 1422 1017 ἑωυτοῦ
1461 970 1596 1023 εἶναι,
1633 969 1712 1013 τὸν

390 1153 447 1192 dn·
478 1155 580 1207 apud
612 1154 753 1194 Athen.
787 1155 832 1203 V,
854 1158 878 1196 8
908 1170 945 1208 p.
968 1159 1051 1199 202

389 1213 437 1249 D.
466 1226 504 1263 p.
533 1215 615 1254 287
645 1211 865 1264 Schweigh.
898 1226 1051 1251 memo-

389 1275 493 1306 ratur
523 1269 717 1319 στέφανος
745 1267 930 1320 μυστικὸς
957 1285 1052 1321 χρυ-

390 1328 486 1372 σούς
514 1346 569 1353 -
600 1320 715 1372 οὗτος
734 1325 776 1364 δὲ
806 1326 1050 1377 περιετίθετο

387 1383 443 1434 τῷ
462 1384 536 1420 τοῦ
557 1383 808 1433 Βερενικείου
827 1379 1050 1435 θυρώματι,

388 1438 456 1475 ubi
486 1438 647 1488 proinde
684 1440 789 1476 etiam
822 1453 945 1477 corona
967 1453 1050 1490 por-

389 1499 447 1531 tae
481 1495 605 1531 sacelli
628 1495 757 1532 heroici
787 1509 816 1532 s.
835 1497 955 1544 aedis,
987 1510 1050 1546 ap-

384 1551 515 1601 plicita
538 1554 724 1601 reperitur.
754 1554 833 1590 Nec
855 1554 1051 1590 alitersso-

388 1619 522 1644 manos
543 1609 617 1645 suis
645 1607 806 1646 Laribus
826 1610 969 1658 fecisse,
989 1617 1052 1646 te-

387 1665 452 1700 stis
483 1672 537 1701 est
556 1666 725 1702 Iuvenal.
757 1666 838 1703 Sat.
862 1668 931 1715 IX,
970 1669 1048 1707 137

389 1719 474 1767 (ubi
523 1722 668 1758 consul.
718 1724 894 1773 Rupert.)
934 1730 1049 1774 atque

388 1777 515 1813 Plaut.
550 1779 727 1816 Trinum.
749 1780 778 1826 I,
800 1782 825 1820 2
846 1782 949 1824 init.,·
988 1779 1050 1816 id-

391 1845 465 1883 que
498 1831 546 1869 ad
578 1842 790 1872 extremam
819 1836 914 1873 adeo
945 1843 1051 1872 aeta-

390 1896 468 1925 tem
484 1890 685 1928 invaluisse
703 1905 723 1927 e
745 1891 839 1929 Cod.
853 1892 1050 1930 Theodos.

389 1946 492 1993 XVI,
521 1947 578 1984 tit.
606 1949 657 1984 X.
692 1947 740 1984 de
779 1952 936 2000 paganis
957 1950 1051 1998 (ubi

389 2000 465 2039 vid.
489 2001 714 2041 Gothofired.
737 2018 824 2055 pag.
847 2008 929 2048 275
949 2006 1049 2058 seq.)

388 2058 622 2107 perspicitur.
684 2059 790 2102 Quod
820 2075 899 2098 vero
937 2064 1050 2113 ipsius

390 2115 513 2150 mariti
538 2115 715 2152 Aristonis
745 2117 871 2156 donum
895 2124 1049 2168 putave-

391 2172 450 2205 rat
468 2181 526 2205 eas
550 2184 691 2208 coronas
705 2173 830 2211 mulier
845 2203 856 2221 ,
895 2173 970 2211 hoc
1001 2188 1046 2211 eo

389 2226 563 2275 pertinet,
585 2227 690 2279 quod
707 2242 787 2267 non
807 2231 932 2267 solum
943 2244 1046 2268 ama-

388 2282 532 2318 siorum
553 2283 652 2320 fores
674 2296 717 2321 ac
737 2287 967 2323 vestibulum
979 2300 1047 2324 co-

388 2349 523 2374 ronare
570 2349 843 2380 consueverant
889 2350 1046 2392 veteres,

388 2406 523 2432 verum
563 2397 678 2432 etiam
723 2400 891 2436 muneris
940 2402 1048 2452 quasi

390 2452 511 2500 gratia
531 2453 678 2489 corollis
699 2466 834 2491 ornare
861 2468 935 2502 eas,
957 2458 1046 2507 qui-

387 2507 548 2542 buscum
580 2511 875 2548 concubuerant.
932 2513 1048 2549 Illum

388 2574 537 2598 morem
549 2573 722 2602 accurate
736 2568 906 2617 explorat
918 2568 1048 2605 Clear-

390 2616 484 2655 chus
500 2620 538 2655 iu
559 2621 661 2658 libris
681 2624 922 2660 Eroticorum
944 2625 1046 2675 apud

387 2674 530 2712 Athen.
552 2678 635 2724 XV,
660 2681 683 2719 3
705 2692 793 2730 pag.
813 2682 892 2720 670
915 2682 1041 2731 p.441

388 2730 632 2783 Schweigh.3
677 2737 878 2786 praecipue
917 2745 1045 2774 autem

386 2785 464 2824 huc
486 2788 573 2827 facit
591 2791 783 2830 Plutarchi
804 2793 908 2830 locus
929 2793 976 2830 de
997 2796 1044 2831 Is.

388 2850 425 2880 et
445 2844 540 2882 Osir.
570 2860 609 2897 p.
633 2849 715 2889 356
736 2850 782 2886 Ε.
804 2862 843 2900 p.
862 2849 946 2890 462
964 2863 1044 2902 seq.

1107 1158 1310 1209 NVyttenb.
1330 1159 1464 1209 Itaque
1473 1157 1561 1194 licet
1572 1157 1619 1193 ab
1629 1155 1768 1192 Ionicis

1107 1216 1349 1266 scriptoribus
1372 1210 1549 1264 στεφάνη
1573 1220 1610 1250 et
1620 1211 1767 1261 στέφα-

1108 1287 1178 1319 νος
1206 1273 1421 1323 promiscue
1448 1277 1651 1321 usurpetur
1671 1266 1769 1318 (vid.

1108 1335 1203 1366 nott.
1240 1327 1288 1365 ad
1320 1329 1398 1364 Cic.
1418 1329 1476 1364 De
1496 1334 1575 1363 nat.
1594 1328 1711 1362 Deor.
1736 1325 1766 1373 I,

1113 1388 1159 1425 11
1184 1397 1274 1436 pag.
1289 1384 1359 1434 50)
1383 1391 1513 1420 tamen
1533 1382 1572 1420 h.
1592 1384 1619 1420 l.
1643 1380 1768 1420 credi-

1107 1442 1182 1478 bile
1215 1449 1269 1478 est
1298 1445 1390 1478 serta
1407 1442 1543 1492 ‚florum
1572 1438 1768 1488 cogitanda

1108 1511 1190 1535 esse.
1249 1499 1306 1534 Ac
1326 1499 1461 1535 Noster
1478 1498 1574 1544 VIII,
1599 1498 1678 1536 118
1699 1496 1767 1532 fin.

1107 1549 1379 1607 θωρήσασῧαι
1407 1553 1551 1608 χρυσέῃ
1576 1548 1768 1606 στεφάνῃ.

1106 1613 1211 1648 Haec
1241 1611 1353 1648 ducta
1383 1625 1403 1648 e
1435 1610 1602 1648 Creuzen’
1627 1608 1766 1660 disput.

1104 1670 1145 1705 in
1167 1669 1399 1705 Commentt.
1434 1666 1604 1704 Herodd.
1624 1680 1663 1717 p.
1685 1665 1769 1707 235

1106 1738 1200 1778 seq„
1241 1738 1358 1777 quem
1378 1724 1545 1761 eundem
1577 1725 1694 1760 etiam
1726 1723 1769 1758 in

1105 1783 1281 1819 Excursu
1297 1781 1345 1818 ad
1364 1780 1404 1818 h.
1425 1782 1451 1818 l.
1482 1781 1628 1818 consuli
1654 1779 1769 1816 volu-

1106 1852 1192 1876 mus
1213 1838 1262 1876 ad
1281 1839 1398 1876 verba
1411 1839 1587 1890 proxime
1600 1849 1768 1889 sequen-

1107 1897 1160 1932 tia
1192 1894 1234 1934 ἐκ
1270 1899 1341 1935 τοῦ
1371 1894 1526 1948 ἦρωΐου
1557 1896 1629 1934 τοῦ
1658 1887 1768 1944 παρά

1106 1955 1198 2007 τῇσι
1219 1949 1372 2005 θύρῃσι
1398 1954 1490 2006 τῇσι
1519 1946 1699 2004 αὐλείῃσι
1731 1948 1769 1988 ἷ-

1107 2007 1319 2060 δρνμένου.

1165 2061 1208 2104 τὸ
1245 2063 1430 2104 καλέουσι
1465 2058 1765 2115 Ἀστραβάκου]

1104 2122 1163 2158 De
1193 2118 1268 2158 hoc
1305 2122 1391 2158 loco
1426 2132 1524 2171 quae
1560 2119 1767 2171 disputavit

1102 2178 1213 2228 plura
1235 2178 1438 2223 Creuzerus,
1467 2188 1511 2212 ea
1530 2177 1571 2213 in
1589 2178 1766 2214 Excursu

1104 2233 1153 2270 ad
1174 2232 1212 2270 h.
1233 2234 1258 2270 l.
1280 2231 1534 2270 exhibuimus.

1162 2287 1377 2340 οἷναίρεον]
1430 2289 1455 2326 i.
1492 2301 1526 2326 e.
1568 2302 1765 2339 responsum

1103 2344 1307 2393 edideruntt,
1342 2357 1417 2397 quo
1427 2358 1537 2382 sensu
1548 2346 1766 2398 frequenter
1800 2347 1803 2351 '

1105 2397 1233 2441 άνεῖλε
1247 2401 1293 2439 de
1305 2401 1443 2454 Pythia
1458 2404 1611 2439 oracula
1628 2402 1764 2441 edente

1104 2459 1400 2506 sciscitantibus,
1445 2460 1474 2506 1,
1519 2461 1583 2500 13.
1617 2461 1663 2507 ll,
1695 2462 1764 2501 52.

1105 2515 1173 2563 IX,
1197 2518 1262 2555 33.
1283 2537 1338 2543 —
1379 2516 1432 2552 At
1460 2510 1694 2566 α’ναιρὲομαι
1721 2515 1764 2552 in

1104 2584 1210 2622 seqq.
1232 2573 1333 2608 valet
1344 2573 1515 2620 concipio,
1546 2583 1656 2609 semen
1665 2575 1762 2610 utero

1104 2630 1252 2677 recipio,
1293 2635 1335 2664 ut
1372 2628 1437 2673 III,
1471 2629 1568 2676 108,
1590 2629 1656 2665 ubi
1685 2627 1760 2666 vid.

1102 2685 1201 2720 Hinc
1219 2685 1344 2734 glossa
1363 2684 1605 2722 Herodotea:
1645 2679 1762 2724 ἄναι-

1104 2736 1316 2790 ρεόμενον·
1359 2738 1401 2781 td
1428 2740 1471 2781 ἐν
1497 2739 1634 2792 γαστρὶ
1670 2744 1759 2780 συλ-

1104 2793 1421 2848 λαμβανόμενον.
1478 2799 1535 2834 De
1564 2798 1761 2848 praeposi-

1104 2854 1208 2889 fioue
1229 2853 1272 2893 ἐν
1302 2853 1363 2902 (ἐν
1388 2849 1465 2906 γάρ
1499 2865 1541 2892 σε
1569 2854 1620 2907 τῇ
1648 2851 1761 2893 νυκτὶ
