1851 3181
446 294 530 335 498

847 276 1313 320 HERODOTI

420 396 705 456 ὃλησπόντου
741 393 850 438 κατὰ
896 389 1024 445 ῥόον,
1065 388 1138 430 ἵνα
1177 380 1430 438 ἀνακωχεύῃ
1459 377 1547 421 ’τὸν
1582 373 1714 419 τόνον

448 473 537 512 τῶν
566 465 723 510 ὅπλων.
783 458 1018 508 συνθέντες
1046 455 1105 506 δὲ,
1145 451 1338 509 ἀγκύρας
1376 451 1569 503 κατῆκαν
1597 446 1772 496 περι-10

395 645 485 681 bero
506 639 648 686 Baroni
669 636 716 674 tle
726 633 978 678 Reizenstein‚
992 631 1059 682 qui

395 700 443 738 de
471 695 700 751 quibusdam
718 693 810 730 locis
830 689 1059 728 sententiam

395 769 505 795 suam
535 754 735 791 nobiscum
774 747 1059 785 communicare

396 814 529 852 voluit.
585 812 643 847 Ita
671 809 775 844 enim
804 804 900 841 haec
936 801 1061 852 expli-

397 871 475 908 cari
494 881 602 920 posse
621 871 750 917 putat,
780 869 823 898 ut
843 861 946 911 prior
966 870 1060 909 pons

399 928 596 978 obliquam
614 921 787 959 habuerit
799 918 1061 961 directionem,

400 983 568 1035 indeque
584 981 699 1017 etiam
707 989 822 1014 naves
842 975 967 1025 plures
984 984 1063 1008 esse

402 1040 602 1078 debuerint
615 1067 624 1084 ,
656 1048 746 1073 cum
768 1033 918 1069 alterius
939 1029 1063 1080 pontis

401 1110 517 1135 naves
554 1093 656 1132 rect&
692 1091 898 1128 collocatae
942 1091 1066 1123 essent

403 1154 560 1191 adverso
602 1150 775 1186 flumine.
852 1141 1065 1181 Larcherus

401 1213 455 1248 ita
474 1212 739 1259 interpretatus
757 1210 811 1240 est
827 1201 875 1238 ad
895 1206 1066 1237 mentem

403 1267 610 1305 Gronovii:
643 1262 748 1310 „Les
767 1260 932 1310 premiers
949 1256 1068 1303 (vais-

405 1323 552 1372 seaux)
578 1319 815 1371 pre'sentaient
843 1315 874 1351 le
895 1315 999 1364 flanc
1019 1323 1068 1347 au

408 1378 692 1421 Pont-Euxz'n3
732 1378 765 1410 et
801 1372 850 1408 les
878 1373 996 1406 autres
1019 1367 1069 1404 du

408 1437 486 1476 cate'
506 1435 548 1472 de
574 1431 818 1479 l'Hellespont,
849 1425 1070 1476 repondoient

408 1507 458 1532 αιι
480 1493 627 1529 comant
652 1488 692 1525 de
715 1487 830 1530 l’ecm,
853 1485 928 1533 afin
957 1482 999 1518 de
1020 1484 1072 1516 te-

409 1553 465 1589 nir
485 1550 534 1586 les
556 1545 726 1593 corclages
754 1552 872 1579 encore
890 1539 969 1589 plus·
991 1540 1072 1574 ten-

411 1607 520 1645 dus.“
577 1604 705 1639 Minus
724 1600 822 1636 bene
841 1597 958 1642 Miot,
981 1594 1074 1630 alter

411 1663 542 1702 Gallus
564 1662 759 1707 interpres,
780 1651 966 1690 Herodoti
985 1663 1074 1688 ver-

411 1722 461 1758 ba
488 1720 540 1756 sic
567 1713 753 1753 reddidit:
796 1711 872 1759 „les
900 1708 1076 1745 beitimens

415 1777 544 1814 e'toient
575 1784 704 1820 ranges
741 1768 833 1806 dans
877 1779 944 1802 une
979 1763 1077 1812 ligne

415 1833 552 1881 oblique
584 1831 607 1866 ιὶ
637 1828 676 1865 la
704 1838 796 1872 mer,
846 1823 894 1860 (lu
922 1821 999 1857 οὔτέ
1029 1819 1078 1856 da

419 1886 700 1930 Pont-Euxin‚
738 1882 828 1918 mais
853 1880 941 1916 (lans
962 1877 1000 1913 la
1021 1876 1078 1912 di-

417 1948 548 1984 rection
586 1942 635 1979 du
659 1941 806 1977 courant
838 1936 896 1972 des
918 1945 1012 1971 eaux
1039 1932 1081 1969 de

419 2000 671 2050 l’Ellespont“
711 2006 880 2045 eumque
905 1991 1021 2027 etiam
1040 1989 1081 2024 in

420 2070 575 2097 sensum
597 2055 689 2091 haec
710 2051 826 2089 verba
847 2048 1017 2099 exponit,
1038 2051 1084 2081 ut

421 2127 555 2153 omnes
584 2123 699 2148 naves
728 2105 895 2145 secundo
926 2103 1083 2139 flumine

422 2172 562 2209 fuerint
582 2168 807 2210 collocatae,
836 2160 941 2199 unde
964 2171 1084 2210 appa-

424 2241 507 2265 rere
545 2225 638 2272 vult,
679 2234 789 2273 „que
818 2220 900 2256 leur
920 2217 1085 2268 position

426 2284 538 2334 (nam
580 2280 713 2316 malim
741 2279 822 2327 ipsa
851 2277 930 2311 eius
951 2272 1086 2309 afferre

426 2338 561 2388 verba)
584 2344 619 2373 et
639 2348 707 2386 par
727 2332 962 2383 consequent
981 2330 1017 2365 la
1039 2329 1087 2363 li-

429 2410 527 2448 gne,
578 2406 652 2444 que
685 2390 866 2427 decrivait
904 2387 940 2423 le
980 2390 1086 2435 pont,

431 2454 573 2490 etoieut
594 2449 764 2498 obliques
784 2446 887 2480 l'une
909 2449 945 2478 et
955 2442 1088 2477 l'autre

432 2509 455 2547 ἓι
474 2511 511 2546 la
532 2506 717 2544 direction
744 2501 795 2538 du
823 2499 973 2537 canal.“
1015 2496 1091 2533 Ubi

434 2579 532 2618 quae
553 2562 600 2600 de
621 2561 766 2598 diversa
778 2557 973 2607 utriusque
993 2565 1094 2604 pon-

433 2625 479 2660 tis
499 2619 712 2659 'directione
739 2612 953 2651 Herodotus
983 2622 1096 2646 enar-

436 2686 515 2727 rat,
537 2678 635 2714 bene
657 2668 927 2716 discernenda,
961 2680 1005 2703 ea
1032 2667 1096 2702 ille

435 2732 610 2774 confudit
639 2738 677 2768 et
695 2728 743 2766 ad
775 2734 978 2776 utrumque
999 2736 1098 2774 pon-

437 2800 538 2838 tem,
559 2789 667 2826 nullo
689 2783 858 2823 adhibito
871 2781 1098 2826 discrimine,

439 2849 578 2886 retulit.
637 2838 1002 2891 Schweighaeuser„
1034 2835 1101 2888 qui

440 2917 509 2956 pro
532 2900 693 2944 Πόντου
722 2899 934 2937 coniecerat
961 2889 1100 2946 πόρου,

1113 628 1194 678 ipse
1233 620 1435 676 postmodo
1463 618 1563 656 hanc
1585 615 1776 653 coniectu-

1115 697 1199 720 ram
1211 680 1380 718 retraxit.
1410 679 1468 713 De
1482 675 1658 727 pontium
1677 677 1777 708 stru-

1116 747 1222 778 ctura
1251 737 1417 787 disputat
1447 744 1600 785 quoque
1621 727 1719 765 Gaii.
1738 727 1780 762 in

1117 793 1358 846 Geographie
1397 788 1629 828 d’Herodote
1661 785 1711 822 T.
1742 783 1780 819 Π

1116 868 1155 905 p.
1169 855 1248 893 182
1268 863 1374 901 seqq.
1386 846 1515 885 addita
1526 842 1780 882 delineatione

1117 913 1159 947 in
1179 910 1286 945 Atlas
1306 919 1365 942 nr.
1389 906 1438 944 11
1463 910 1500 940 et
1519 901 1606 939 coll.
1624 895 1779 935 Folardi

1118 966 1256 1018 Polyb.
1270 965 1321 1001 T.
1341 962 1385 999 V.
1406 975 1445 1011 p.
1466 957 1546 999 304
1561 969 1668 1008 seqq.

1176 1023 1246 1062 ἵνα
1283 1012 1516 1068 ἀνακωχεύῃ
1554 1011 1625 1053 τόν
1663 1005 1783 1050 τόνον

1121 1082 1202 1119 τῶν
1249 1074 1415 1123 ὅπλων]
1475 1072 1589 1109 scilic.
1629 1067 1653 1108 ό
1679 1061 1784 1119 ῥόος.

1123 1132 1361 1185 Schwgb.in
1380 1133 1475 1167 Lex.
1500 1129 1590 1164 Her.
1604 1124 1784 1175 exponit:

1124 1223 1148 1242 „
1161 1196 1203 1230 ut
1227 1191 1445 1229 intentionem
1465 1186 1629 1222 retineret
1657 1195 1686 1219 s.
1708 1192 1787 1217 sus-

1125 1251 1251 1287 tinet-et
1285 1245 1495 1290 rudentium,
1515 1240 1555 1277 id
1576 1246 1642 1285 est,
1661 1239 1788 1286 impe-

1125 1306 1232 1351 diret,
1259 1316 1335 1355 quo
1355 1302 1482 1338 minus
1510 1299 1703 1334 laxaretur
1721 1305 1790 1329 ru·-

1125 1362 1301 1400 dentium
1321 1355 1522 1394 intentio.“
1579 1354 1679 1389 Nos:
1706 1349 1790 1386 Da-

1126 1421 1190 1456 mit
1215 1418 1277 1455 cler
1298 1416 1417 1453 strom
1436 1412 1492 1449 die
1511 1409 1718 1460 Spannung
1728 1405 1791 1443 cler

1131 1475 1225 1513 Seile
1266 1471 1454 1522 befiirdere.
1525 1467 1646 1502 Aliter
1673 1464 1788 1499 Miot:

1131 1531 1234 1581 „afin
1248 1543 1322 1581 que
1343 1529 1396 1564 les
1409 1525 1534 1563 cables
1553 1520 1698 1560 fussent
1707 1526 1793 1556 tou-

1125 1590 1231 1639 jours
1247 1587 1463 1622 maintenus
1484 1580 1577 1618 dans
1596 1591 1674 1615 une
1685 1575 1793 1626 egale

1131 1643 1330 1683 tension.“
1391 1641 1474 1685 Quo
1503 1637 1641 1674 rectius
1672 1635 1795 1670 inter-

1131 1707 1296 1753 pretatus
1318 1704 1396 1734 erat
1406 1693 1707 1743 VVesselingius:
1731 1691 1796 1737 „ut

1133 1757 1310 1795 stabiliret
1338 1753 1584 1791 contentionem
1614 1761 1658 1786 ac
1673 1746 1798 1798 firmi-

1135 1818 1241 1852 tatem
1259 1809 1483 1849 rudentum.‘⁶
1512 1808 1666 1843 Fluctus
1679 1803 1797 1850 enim,

1136 1873 1198 1918 ait,
1247 1866 1485 1920 propellebat
1531 1874 1647 1900 naves
1697 1861 1799 1906 istas,

1141 1940 1239 1980 quae
1277 1924 1464 1975 impulsae
1503 1919 1656 1957 funium
1704 1928 1800 1953 con-

1137 1984 1350 2022 tentionem
1381 1978 1584 2029 augebant.
1671 1974 1803 2024 Ipsum

1138 2041 1301 2079 verbum
1323 2031 1594 2085 ἀνακωχεύειν
1621 2028 1805 2067 inhiben-

1141 2098 1180 2135 di
1209 2106 1402 2146 navesque
1435 2086 1669 2141 reprimendi
1685 2085 1805 2136 signi-

1140 2154 1316 2191 ficatione
1345 2150 1539 2199 attigimus
1559 2145 1608 2183 ad
1625 2144 1690 2191 Vl,
1713 2143 1806 2182 116.

1142 2209 1362 2248 Herodotea
1401 2212 1531 2242 autem
1569 2201 1694 2251 tangit
1728 2198 1805 2234 Ar·

1143 2269 1237 2304 rian.
1267 2264 1393 2302 Anab.
1417 2262 1463 2308 V,
1493 2263 1519 2301 7
1551 2261 1588 2305 ᾖ.
1610 2261 1650 2298 3.
1679 2253 1806 2293 Scho-

1143 2325 1240 2360 lium
1283 2318 1479 2373 quoddam
1514 2315 1624 2352 affert
1663 2324 1806 2363 μετεω-
1836 2318 1839 2319 ’

1146 2380 1262 2432 ρι’ζει,
1295 2367 1570 2426 οἷναβαστάζει.
1627 2371 1686 2406 De
1712 2379 1806 2405 voce

1145 2433 1263 2475 τόνον
1284 2432 1441 2470 laudant
1456 2428 1620 2466 Dobraei
1637 2423 1737 2464 Add.
1759 2420 1807 2460 ad

1146 2494 1306 2529 Porson.
1345 2485 1538 2537 Aristopb.
1585 2495 1673 2535 pag.
1715 2481 1807 2522 112.

1150 2547 1262 2595 Quod
1277 2559 1365 2585 vere
1394 2545 1455 2582 vel
1476 2542 1546 2580 hac
1564 2542 1604 2578 in
1624 2553 1665 2577 re
1685 2539 1809 2574 Hero-

1152 2605 1242 2643 doto
1282 2602 1514 2653 exprobrant
1557 2598 1612 2635 rei
1665 2591 1808 2632 navalis

1152 2658 1431 2712 ignorantiam,
1473 2657 1555 2693 iure
1593 2649 1809 2701 obloquitur

1153 2721 1274 2756 Kruse
1304 2718 1328 2755 l.
1359 2716 1384 2754 l.
1417 2726 1501 2765 pag.
1541 2707 1644 2756 104,
1671 2707 1702 2744 si
1722 2704 1810 2756 qni-

1155 2775 1245 2813 dem
1279 2771 1493 2824 posterioris
1529 2765 1654 2818 pontis
1694 2771 1811 2798 naves

1155 2832 1317 2870 maiores
1337 2835 1451 2880 atque
1477 2825 1626 2863 latIOres
1644 2814 1812 2857 secundo

1156 2888 1273 2927 fluvio
1310 2887 1452 2938 positae
1484 2880 1670 2918 maiorem
1697 2873 1813 2912 etiam
