1834 3258
459 233 936 272 POLYMNIA.
995 234 1096 269 Vll.

1320 235 1399 274 441

139 342 296 395 ,,ἁ’λσεα
324 343 397 385 καὶ
426 341 478 385 τὰ
509 341 605 396 ἱρά·
638 340 819 396 δεύτερα
849 342 919 396 δὲ,
949 337 1182 397 ἡμέαςοῖα
1212 340 1340 394 ἔρξαν
1359 342 1402 392 ἐς
1416 349 1459 381 50

139 409 244 462 „vj-v
273 410 488 467 σφετέρην
519 408 788 466 ἀποβάντας,
822 408 892 452 ὅτε
920 411 1057 460 Δᾶτίς
1085 425 1130 452 τε
1159 409 1231 452 καὶ
1256 406 1403 460 Ἀρτα-

86 477 328 533 11,,φέρνης
367 477 673 534 ἐστρατήγεον,
727 477 781 520 τοὶ
830 477 1060 520 ἐπίστασθέ
1099 493 1183 520 κου
1228 475 1399 526 πάντες.

137 543 351 595 ,,Του’των
368 545 516 602 μέντοι
546 548 689 589 εἵνεκα
722 544 967 601 ἀνάρτημαι
983 544 1044 588 ἐπ’
1080 543 1245 595 αὐτούς
1276 555 1403 598 στρα-

135 610 378 664 ,,τεύεσθαι.
436 613 582 670 ἀγαθὰ
612 613 658 658 δὲ
696 614 743 657 ἐν
773 612 944 657 αὐτοῖσι
974 612 1130 656 τοσάδε
1160 612 1404 668 ἀνευρίσκω

133 679 462 737 ,,λογιζόμενος,
493 685 528 726 εἰ
558 682 744 733 τούτους
772 698 817 725 τε
846 683 919 724 καὶ
950 681 1053 732 τοὺς
1078 679 1277 724 τούτοισι
1306 685 1404 736 πλη-
1419 687 1462 721 55

135 747 403 804 ,,σιοχώρους
433 750 836 806 καταστρεψόμεθα,
868 752 911 792 οἳ
943 749 1144 798 Πέλοπος
1174 751 1257 790 τοῦ
1287 752 1405 800 Φρυ-

82 815 240 871 12,,γο“ς
280 817 487 872 νέμονται
526 818 698 875 χώρην,
749 823 831 875 γῆν
860 819 938 874 τὴν
968 819 1160 870 Περσίδα
1190 813 1405 866 ἀποδέξο-

135 899 243 941 ,,μεν
272 888 334 942 τῷ
365 885 472 939 Διὸς
502 887 648 944 αἰθέρι
678 884 1010 943 ὁμουρέουσαν·
1044 883 1098 928 οὐ
1119 883 1203 940 γάρ
1236 881 1289 939 δή
1319 882 1403 939 χώ-

79 1092 269 1121 memorat
287 1086 448 1132 Xerxes,
469 1085 614 1122 omissis
635 1084 742 1122 aedi—

79 1143 149 1178 bus
169 1143 343 1192 privatis,
380 1154 476 1192 quae
496 1143 536 1177 in
558 1140 629 1179 hac
659 1143 742 1178 for-

79 1199 186 1235 mula
224 1200 313 1235 alias
348 1197 438 1235 addi
478 1199 614 1235 solent.
652 1198 739 1236 Vid.

79 1261 174 1293 nott.
209 1254 257 1292 ad
285 1256 349 1303 VI,
378 1256 402 1294 9
425 1261 461 1291 et
487 1253 534 1292 de
555 1255 738 1293 Sardibus

36 1343 43 1347 „
79 1313 197 1363 captis
212 1319 325 1365 atque
346 1314 508 1349 incensis
528 1313 572 1360 V,
598 1315 690 1353 101.

137 1367 262 1419 ’ἡμέας
294 1365 360 1408 οἷα
394 1367 538 1419 ἔρξαν]
578 1370 678 1405 Male
699 1370 739 1405 in

80 1425 272 1463 Sancrofti
292 1425 376 1463 cod.
394 1424 529 1475 ὑμέας,
551 1425 656 1477 quod
677 1440 739 1462 re·-

79 1483 175 1534 liqui
195 1482 307 1519 codd.
335 1481 542 1519 Herodotei
570 1484 740 1534 itemque

79 1541 254 1591 Dionysii
285 1546 488 1590 respuunt,
545 1541 611 1591 qui
641 1540 740 1576 bene

78 1595 174 1633 haec
210 1598 262 1633 ita
305 1595 452 1633 reddit:
484 1594 593 1646 ’ἡμᾶς
613 1592 678 1635 οἶα
701 1596 741 1636 ἕ-

79 1654 233 1704 δρασαν
247 1682 258 1700 ,
291 1653 346 1699 εἰς
366 1650 440 1703 τήν
461 1655 538 1705 γῆν
549 1650 622 1703 τήν
647 1667 738 1702 σφε-

78 1708 194 1762 τέραν
220 1705 442 1761 ἀποβάντες
454 1731 508 1737 —
525 1708 742 1749 ἐπίστασθέ

78 1781 158 1806 που
177 1762 335 1813 πάντες.
364 1765 477 1803 Unde
497 1767 537 1802 in
557 1767 638 1817 ipso
660 1769 742 1803 He-

80 1822 215 1860 rodoto
254 1821 440 1860 Valcken.
478 1825 632 1861 rescribi
660 1825 742 1860 vult

80 1879 119 1926 ἐς
133 1877 208 1930 τήν
222 1883 299 1932 γῆν
311 1876 385 1931 τήν
406 1878 612 1931 σφετέρην,
628 1881 743 1916 item-

81 1950 157 1989 que
196 1937 281 1973 eiici
319 1937 498 1974 voculam
525 1934 572 1974 τοὶ
595 1944 682 1973 ante
703 1936 743 1976 ἔ-

80 1993 288 2040 πίστασθε,
325 1992 428 2044 quod
448 1994 573 2043 ipsum
604 1995 742 2030 arctius

81 2063 171 2087 cum
189 2049 498 2086 antecedentibus
530 2046 595 2089 οἶα
628 2049 742 2097 ἔρξαν

81 2105 294 2143 cohaereat.
351 2104 545 2157 Equidem
585 2120 606 2143 a
639 2107 742 2144 libris

81 2165 224 2215 scriptis
243 2162 307 2200 hic
330 2170 427 2200 stare
447 2163 580 2201 malui.

359 2255 396 2299 ξ.
428 2256 469 2294 3.

140 2328 384 2383 ἀνάρτημαι]
398 2333 601 2384 Dionysius
622 2334 743 2369 inter-

83 2395 251 2439 pretatur
271 2385 536 2440 ἀνώρμημαι,
573 2389 745 2427 Larche-

85 2457 169 2482 rus:
198 2445 299 2482 Voila
322 2459 357 2483 ce
377 2448 439 2496 qui
458 2447 503 2483 m'
522 2448 648 2484 anime.
679 2448 745 2483 Tu

84 2501 161 2540 vid.
183 2509 279 2539 nott.
301 2501 349 2538 ad
372 2504 435 2549 VI,
449 2505 515 2544 86.
573 2505 617 2539 In
637 2516 744 2555 seqq.

82 2555 236 2604 τούτων
277 2557 365 2595 dedi
404 2572 472 2609 pro
502 2559 672 2598 τουτέων
706 2567 744 2597 et

84 2611 232 2661 αὐτούς
252 2627 320 2665 pro
333 2610 511 2661 αὕτέους,
524 2616 626 2666 quod
638 2615 742 2653 idem

83 2672 224 2708 fecerat
245 2670 432 2708 Gaisford.
479 2672 552 2716 Qui
573 2686 639 2709 cur
655 2672 740 2710 ideo

84 2729 355 2765 inconstantiae
396 2729 443 2765 sit
490 2728 741 2774 accusandus,

84 2791 125 2822 ut
140 2785 289 2836 Steger.
310 2785 399 2821 facit
418 2784 581 2822 Praefat.
603 2784 651 2822 ad
663 2788 742 2822 He-

85 2840 165 2880 rod.
195 2856 234 2896 1).
254 2842 352 2888 vlu,
384 2840 563 2898 equidem
582 2855 660 2879 non
682 2843 743 2878 in-

799 1086 944 1135 telligo.
974 1082 1144 1120 Bekker.
1179 1095 1332 1133 quoqne
1356 1080 1461 1118 dedit

798 1137 960 1187 αὐτούς,
982 1139 1047 1177 sed
1068 1140 1181 1190 paulo
1199 1146 1286 1175 ante
1308 1140 1461 1174 retinnit

796 1197 981 1245 τουτέων,
1005 1203 1041 1233 et
1062 1209 1131 1247 pro
1154 1194 1288 1245 μέντοι
1309 1197 1461 1231 rescribi

795 1255 878 1292 vult
899 1251 970 1304 μὲν
996 1250 1070 1303 δή.
1123 1253 1265 1289 Probat
1296 1247 1461 1298 αὕτέους

797 1325 818 1348 a
838 1312 998 1361 Stegero
1020 1309 1146 1347 denuo
1157 1315 1355 1359 receptum
1368 1322 1461 1345 cen—

796 1382 857 1406 sor
885 1368 1089 1418 Lipsiensis
1123 1366 1321 1417 (Erganz.
1346 1367 1462 1402 Blatt.

801 1427 907 1467 1833
928 1439 966 1475 p.
988 1423 1076 1474 43).

853 1484 930 1533 γῆν
961 1479 1035 1531 τήν
1063 1479 1242 1530 Περσίδα
1265 1473 1462 1525 οἷποδέξο-

799 1553 872 1589 μεν
891 1540 947 1590 τῷ
972 1534 1070 1583 Διός
1085 1535 1220 1587 αἰθέρι
1241 1533 1462 1586 ὁμουρέου-

799 1596 891 1644 σαν]
913 1597 1000 1631 Duo
1023 1593 1135 1631 codd.
1157 1606 1247 1630 cum
1261 1591 1460 1629 Eustathio

797 1651 893 1689 haec
914 1653 1054 1689 citante
1074 1650 1123 1688 ad
1148 1652 1192 1687 ΙΙ.
1223 1663 1312 1701 pag.
1328 1652 1409 1690 707
1431 1663 1462 1686 s,

799 1710 893 1756 592,
933 1712 983 1748 10
1016 1706 1289 1759 ὁμορέουσανς
1334 1707 1462 1742 minus

798 1767 940 1802 Ionice.
963 1765 1069 1810 Quae
1082 1765 1219 1801 vocula
1230 1777 1325 1800 mox
1344 1764 1462 1799 itera-

798 1829 838 1859 ta
856 1823 896 1858 in
917 1823 1041 1859 verbis
1071 1817 1119 1860 οὐ
1150 1819 1224 1874 γάρ
1259 1817 1309 1870 δή
1326 1815 1462 1869 χώρην

798 1893 841 1930 γε
865 1873 1057 1929 οὐδεμίην
1071 1875 1289 1927 κατόψεται
1307 1875 1330 1915 ὁ
1349 1872 1461 1926 ἥλιος

800 1933 1159 1986 ὁμουρέουσαν
1195 1936 1244 1987 τῇ
1276 1931 1462 1986 ἡμετέρῃ,

799 1991 1002 2028 offendisse
1021 1990 1171 2027 videtur
1198 1991 1388 2036 librarios,
1410 1991 1462 2026 si-

800 2047 959 2100 quidem
988 2049 1028 2084 in
1062 2047 1255 2085 Saucrofti
1274 2047 1370 2083 libro
1392 2060 1460 2096 pro

801 2118 845 2141 eo
868 2111 990 2142 exstat
1012 2101 1163 2155 ὅμορον
1178 2103 1340 2150 έοῦσαν,
1356 2102 1460 2140 unde

800 2161 1033 2198 Gaisfordius
1054 2162 1195 2211 recepit
1224 2156 1399 2210 ’ὅμουρον
1421 2159 1461 2199 ε’·-

801 2222 948 2266 οῦσαν,
971 2217 1075 2270 quod
1097 2216 1276 2270 equidem
1288 2230 1355 2268 pro
1372 2217 1460 2254 vul-

798 2283 909 2326 gatae
929 2276 1098 2312 lectionis
1111 2305 1121 2321 ,
1137 2287 1254 2325 quam
1265 2274 1356 2311 inde
1373 2287 1462 2310 cum

798 2330 981 2368 Matthiae
1004 2339 1040 2368 et
1063 2331 1244 2368 Bekkero
1273 2332 1462 2377 revocavi,

798 2390 1135 2440 interpretamento
1165 2388 1297 2425 haberi
1316 2389 1463 2425 malim.

798 2448 885 2497 Ipsa
921 2445 1138 2482 Herodotea
1168 2446 1312 2493 verba,
1364 2458 1462 2496 quae

800 2505 1009 2554 respexisse
1037 2502 1189 2539 videtur
1221 2504 1402 2540 Isocrates
1423 2503 1463 2537 in

800 2561 993 2611 Panegyr.
1027 2561 1063 2605 ξ.
1099 2562 1176 2599 179
1198 2573 1236 2610 p.
1261 2562 1339 2600 113
1372 2559 1463 2594 Bai—

798 2624 868 2654 ter.
891 2617 1028 2668 (quem
1043 2616 1177 2665 confi),
1199 2629 1289 2653 cum
1310 2616 1360 2650 ita
1374 2613 1463 2651 red—

800 2673 954 2711 didisset
992 2671 1229 2710 Larcherus:
1279 2671 1333 2708 Le
1362 2671 1461 2707 soleil

799 2729 1010 2767 n’e'clairera
1044 2744 1112 2779 pas
1138 2729 1180 2766 de
1204 2741 1297 2778 pays
1327 2729 1389 2776 qui
1419 2741 1462 2764 ue

799 2799 888 2824 nous
923 2787 1068 2832 touche,
1105 2784 1205 2821 hanc
1236 2786 1462 2834 interpreta-

800 2844 946 2880 tionem
978 2855 998 2878 a
1019 2842 1210 2892 scriptoris
1242 2847 1372 2878 mente
1393 2841 1462 2878 ab·
