1815 3181
409 261 493 301 358
808 259 1272 297 HERODOTI

411 384 499 423 ρως
528 365 752 422 πρήξαντα
776 369 837 423 τῷ
861 367 1019 426 στόλῳ,
1052 366 1269 421 παραλύει
1299 371 1372 424 τῆς
1400 369 1734 424 στρατηγίης-60

410 437 566 486 ἄλλους
578 435 622 478 δὲ
635 434 903 491 στρατηγοὺς
913 433 1354 488 ἀποδέξας,ἆπέστει.λε
1368 436 1438 480 έπί
1447 453 1490 479 τε
1502 435 1681 491 Ἐρέτρι-

412 521 466 548 αν
495 503 568 547 καὶ
591 501 795 559 Ἀθήνας,
828 504 968 547 Δᾶτίν
995 518 1059 557 τε,
1098 502 1228 547 ἐόντα
1256 507 1415 559 Μῆδον
1443 504 1587 560 γένος,
1608 505 1682 548 καὶ

408 569 699 626 Ἀρταφέρνεα
710 568 788 613 τὸν
804 567 1116 627 Ἀρταφέρνεος
1136 573 1282 623 παῖδα,
1299 571 1558 627 ἀδελφιδέον
1578 572 1680 615 ἑωυ-

411 643 491 682 τοῦ
503 652 513 664 ·
535 636 832 692 ἐντειλάμενος
842 639 888 682 δὲ
900 636 1594 695 ἅπέπεμπε,;έξανδραποδίσαντας
1621 638 1682 682 'A-

411 706 552 764 θήνας
579 706 654 750 καὶ
679 703 917 761 Ἐρέτριαν,
948 705 1069 762 ἄγειν
1088 705 1237 764 ἑωυτῷ
1266 707 1308 758 ές
1328 701 1433 759 ὄψιν
1453 707 1506 751 τὰ
1525 707 1682 762 ἄνδρά·
1693 714 1738 750 65

285 773 351 822 95
408 777 536 819 ποδα.
589 773 666 826 Ὡς
696 775 742 819 δὲ
788 777 832 819 οἱ
862 775 1095 830 στρατηγοὶ
1126 769 1249 819 οὗτοι
1288 777 1333 819 οἱ
1363 773 1682 832 ἀποδεχθέντες,

82 858 150 877 cum
168 850 342 885 ingentibus
418 842 708 898 πορευόμενοι
737 843 855 898 παρὰ
886 843 1107 900 βασιλέος,
1139 841 1347 886 ἀπίκοντο
1377 847 1455 899 τῆς
1485 845 1681 899 Κιλικίης

81 892 359 945 fgfflzsspfflrfeffioe
418 912 460 963 ές
480 912 528 954 τὸ
554 908 728 967 Ἀλήϊον
757 913 932 963 πεδίον,
975 910 1064 966 ἅμα
1094 909 1302 966 ἀγόμενοι
1333 912 1462 965 πεζὸν
1496 911 1685 966 στρατόν

81 951 307 1013 {zssssffifmam
416 978 582 1023 πολλόν
611 996 655 1023 τε
684 980 753 1023 καὶ
786 976 835 1023 εὖ
861 979 1198 1035 ἐσκευασμένον,
1232 981 1426 1024 ἐνθαῦτα
1455 992 1685 1033 στρατοπε-
1742 986 1815 1030 482

415 1046 694 1102 δευομένοισι
725 1048 883 1105 ἐπῆλθε
912 1047 990 1103 μὲν
1019 1046 1042 1091 ὁ
1082 1047 1288 1100 ναυτικὸς
1324 1052 1408 1099 πᾶς
1439 1046 1620 1103 στρατός
1657 1045 1740 1091 ὁ70

414 1115 662 1170 ἐπιταχθεὶς
690 1115 933 1160 ἑκάστοισι·
978 1116 1271 1172 παρεγένοντο
1303 1118 1350 1160 δὲ
1379 1117 1454 1160 καὶ
1483 1118 1529 1159 αἱ
1558 1117 1683 1159 ἵππα-

419 1183 554 1239 γωγοὶ
572 1181 686 1235 νέες,
716 1182 792 1234 τοὶς
821 1187 882 1240 τῷ
901 1183 1096 1240 προτέρῳ
1127 1183 1210 1227 ἔτεϊ
1234 1188 1414 1237 προεῖπε
1435 1188 1549 1227 τοῖσι
1579 1183 1683 1226 έωυ-

389 1256 503 1295 Qvo&
544 1250 868 1306 δασμοφόροισι
915 1257 1106 1306 Δαρεῖος
1156 1251 1406 1308 ἑτοιμάζειν.
1484 1250 1687 1307 Ἐσβαλό-

419 1335 544 1374 μενοι
594 1318 642 1362 δὲ
677 1318 783 1369 τούς
823 1320 986 1371 ἵππους
1025 1320 1066 1370 ές
1104 1318 1288 1371 ταύτας,
1330 1319 1404 1362 καὶ
1438 1317 1518 1362 τόν
1554 1318 1741 1371 πεζόν75

420 1386 605 1442 στρατὸν
636 1386 942 1442 ἐσβιβάσαντες
966 1388 1010 1438 ές
1037 1387 1114 1438 τὰς
1133 1387 1257 1439 νέας,
1290 1386 1442 1430 ἔπλεον
1467 1386 1688 1443 ἑξακοσίῃ-

388 1462 466 1498 361.
503 1452 695 1509 τριήρεσι
734 1455 778 1505 ἐς
807 1455 887 1512 τὴν
918 1454 1100 1511 Ἰωνίην.
1160 1455 1367 1498 ἐνθεῦτεν
1406 1454 1453 1498 δὲ
1482 1452 1537 1497 οὐ
1566 1453 1687 1508 παρά

416 1523 495 1579 την
523 1520 708 1578 ἤπειρον
737 1519 855 1578 εἶχον
884 1523 959 1575 τὰς
994 1524 1096 1575 νέας
1134 1523 1213 1568 ἰθύ
1242 1527 1322 1568 τοῦ
1352 1539 1396 1567 τε
1431 1520 1686 1579 Ἑλλησπόν-

362 1688 388 1724 7
420 1680 611 1734 φλαύρως
631 1680 818 1732 ἀκούειν,
848 1683 938 1721 male
955 1697 1021 1721 au-
1078 1685 1176 1722 meri
1209 1686 1338 1722 locum
1375 1682 1574 1720 laudatum
1602 1683 1742 1720 attule-

362 1741 450 1778 ἀίω.
508 1741 620 1787 Quod
640 1743 810 1794 sequitur
828 1737 1023 1791 παραλύει
1078 1748 1169 1778 runt
1195 1743 1332 1793 Heyne
1361 1747 1399 1777 et
1427 1738 1566 1777 Bothe.
1599 1761 1656 1767 —
1696 1740 1741 1776 In

360 1800 432 1848 τῆς
457 1799 691 1850 στρατηγίης
719 1798 947 1835 illustratum
969 1803 1024 1834 est
1079 1811 1186 1850 seqq.
1207 1811 1276 1849 pro
1298 1794 1742 1848 στρατοπεδευομένοισι

360 1855 401 1890 iu
417 1861 496 1893 not.
518 1853 568 1891 ad
590 1856 671 1903 VII,
694 1856 819 1895 38-
853 1855 916 1891 Ad
935 1868 1025 1891 ver-
1080 1856 1165 1893 libri
1203 1856 1349 1906 aliquot
1397 1851 1742 1904 στρατευομένοισι

362 1912 457 1948 bum
485 1906 678 1959 ἀποδέξαι
712 1911 815 1952 conf.
844 1911 891 1959 V,
913 1910 965 1951 25
988 1916 1026 1947 et
1083 1909 1288 1949 accedente
1307 1908 1507 1947 Eustathio
1521 1940 1531 1958 ‚
1561 1911 1628 1962 qui
1646 1907 1742 1946 haec

363 1963 684 2018 εᾶἈρταφέρνεα
701 1975 796 2006 nott.
820 1965 869 2004 ad
889 1969 933 2014 V,
956 1966 1023 2008 25.
1080 1970 1170 2006 citat
1201 1967 1250 2005 ad
1276 1969 1320 2008 Il.
1354 1967 1407 2004 VI
1433 1980 1474 2018 p.
1502 1969 1607 2014 636,
1638 1964 1692 2007 54
1711 1979 1742 2003 s·

362 2023 423 2061 Ad
445 2025 800 2075 argumentumloci
819 2026 1022 2075 pertinent,
1079 2023 1174 2073 494,
1197 2027 1264 2066 36,
1321 2022 1384 2061 Ad
1415 2036 1528 2061 voces
1549 2022 1593 2062 αἱ
1615 2022 1740 2061 ἵππα-

365 2093 462 2131 quae
482 2083 522 2117 in
540 2081 700 2118 Diodori
722 2083 919 2132 Excerptt.
939 2081 1024 2117 libri
1079 2080 1201 2135 γωγοὶ
1222 2079 1308 2128 νέες
1330 2080 1379 2118 cf.
1399 2087 1496 2117 nott.
1514 2078 1563 2116 ad
1579 2080 1644 2127 VI,
1675 2077 1742 2119 48.

364 2137 434 2173 VII
463 2138 499 2183 §.
531 2139 584 2179 48
613 2137 716 2188 apud
742 2139 891 2174 Maium
931 2137 1024 2174 Col-
1136 2136 1276 2177 ἔπλεον
1295 2136 1522 2190 ἑξακοσίῃσι
1533 2131 1741 2188 τριήρεσι]

365 2194 466 2232 lectt.
489 2194 618 2231 Auctt.
639 2195 675 2231 H
694 2207 733 2245 p.
755 2196 809 2235 38
829 2195 1022 2244 leguntur.
1081 2193 1368 2244 Quingentarum
1395 2194 1553 2230 navium
1585 2192 1743 2228 classem

1081 2257 1341 2301 comparatam
1359 2249 1472 2286 fuisse
1500 2249 1626 2286 scribit
1647 2247 1743 2284 Cor-

583 2295 678 2345 cap·
699 2295 817 2332 XCV·
1079 2307 1156 2343 nel.
1176 2308 1302 2357 Nepos
1321 2303 1482 2342 Miltiad.
1495 2304 1534 2353 4,
1557 2305 1623 2357 qui
1636 2305 1742 2341 locus

423 2362 463 2409 ἐς
482 2360 525 2403 τό
539 2358 708 2413 Ἀλήϊον
732 2361 899 2409 πεδίον]
951 2362 1024 2407 Qui
1081 2364 1239 2400 omnino
1269 2375 1359 2399 cum
1406 2363 1543 2399 Nostro
1582 2372 1743 2412 compa-

366 2431 523 2470 campus
549 2420 718 2456 Homero
749 2417 810 2467 (Il-
838 2418 902 2465 VI,
922 2418 1024 2467 200)
1080 2419 1243 2468 randu53
1274 2421 1445 2457 trecentas
1470 2418 1584 2456 fuisse
1615 2423 1743 2455 narrat

369 2478 446 2512 iam
466 2477 638 2526 cognitus
659 2473 796 2511 eodem
811 2475 968 2511 nomine
980 2475 1026 2511 ab
1087 2477 1211 2513 Plato.
1240 2475 1356 2527 Apud
1366 2476 1538 2515 Cicerou.
1561 2475 1741 2524 (InVerr.

369 2532 579 2570 Alexandri
598 2532 798 2569 comitibus
819 2532 1029 2581 appellatur
1084 2534 1131 2577 11,
1158 2536 1175 2572 1
1199 2545 1283 2583 cap.
1308 2532 1387 2581 18)
1418 2538 1455 2568 et
1484 2531 1610 2569 Valer.
1637 2531 1742 2567 Max.

370 2590 538 2638 (Arrian.
567 2590 669 2640 Exp.
703 2588 813 2627 Alex.
842 2588 892 2635 11,
910 2588 967 2637 5),
1008 2601 1029 2624 a
1084 2591 1114 2636 1,
1149 2591 1167 2628 1
1202 2596 1279 2626 ext.
1310 2591 1335 2629 6
1356 2588 1450 2626 mille
1476 2589 1633 2626 navium
1653 2599 1742 2624 cum

370 2647 493 2684 Tarso
514 2646 607 2683 urbe
636 2658 704 2697 per
722 2645 917 2681 interiores
938 2645 1030 2681 Cili-
1086 2646 1202 2683 classe
1222 2645 1271 2682 ad
1289 2646 1430 2682 Delum
1461 2645 1599 2682 Persae
1619 2656 1742 2695 appu—

371 2704 451 2740 ciae
491 2708 632 2740 tractus
662 2714 781 2754 usque
812 2700 859 2737 ad
895 2700 1027 2752 Mops-
1081 2703 1167 2740 fisse
1184 2701 1372 2739 dicuutur.
1761 2700 1764 2701 ⁷

372 2766 516 2796 vestam
536 2766 650 2810 atque
669 2758 825 2810 Pyrami
845 2758 937 2794 ostia
959 2771 1029 2795 ex-
1142 2755 1246 2808 εἶχον
1278 2755 1349 2805 τοὶς
1384 2755 1476 2804 νέας
1516 2753 1618 2804 ἰθύ]
1658 2756 1684 2791 i.
1706 2768 1740 2791 e-

372 2822 512 2853 tensus.
567 2814 655 2853 vid.
693 2815 881 2851 Mauuert.
911 2814 974 2862 Ἦ,
1003 2818 1029 2855 2
1084 2827 1152 2852 non
1169 2815 1256 2853 litus
1274 2815 1444 2864 legentem,
1473 2824 1577 2850 naves
1598 2811 1742 2848 direxe-

372 2884 460 2922 pag.
484 2871 562 2912 104
583 2885 663 2924 seq.
684 2878 721 2909 et
752 2883 849 2924 quae
879 2868 926 2907 ad
948 2872 1029 2909 Ho-
1086 2875 1168 2909 runt
1201 2867 1457 2921 (tenuerunt)
1486 2871 1575 2906 recte
1603 2866 1742 2906 Helles-
