1806 3181
112 354 170 389 1111,
190 354 241 391 qui
245 364 303 392 ppe
327 365 388 384 non

112 389 168 416 ‹luc
153 375 196 417 c’is
214 398 293 424 eeug
275 394 340 417 uets

110 422 253 486 ῗθὲιῑὲιίιὲἰθῑ
256 425 388 486 aIIIJIeUIlnt:
413 431 436 465 2
447 425 617 467 τοῖσδε

441 113 527 154 688

840 111 1305 150 HERODOTI

442 225 671 274 -,,σκεσθαι,
711 219 740 276 ἦ
780 217 953 265 ἀπιέναι
983 220 1219 276 συμμάχων
1245 222 1427 266 τοιῶνδε
1462 220 1696 278 ἐρήμους.“

278 291 376 337 161
436 290 583 333 Γέλων
615 287 693 342 μὲν
722 287 775 343 δὴ
806 293 943 333 ταῦτα
971 291 1251 343 προετείνετο.
1287 289 1470 340 Φθάσας
1508 289 1554 333 δὲ
1590 288 1615 334 ὁ
1639 287 1698 333 ’A-
1707 299 1753 332 60

444 357 640 412 θηναίων
669 353 847 410 ἅγγελος
877 356 957 401 τὸν
986 358 1366 412 Λακεδαιμονίων,
1397 356 1594 412 ἀμείβετό
1623 373 1699 411 μιν

675 418 758 475 ,,Ὦ
795 427 973 479 βασιλεῦ
1002 427 1349 481 Συρηκουσέων,
1378 423 1461 468 οὐκ
1487 422 1699 480 ἡγεμόνος

439 491 654 547 ,δεομένη
682 491 710 548 ἡ
735 490 891 544 Ελλὰς
921 491 1168 548 ἀπέπεμψεν
1198 492 1332 549 ἡμέας
1360 492 1470 548 πρὸς
1500 493 1560 543 σὲ,
1590 490 1697 535 ἀλλὰ

439 563 681 615 ,,στρατιῆς.
739 559 793 603 σύ
836 561 907 614 δὲ,
948 561 1062 613 ὅκως
1091 562 1169 617 μὲν
1199 560 1402 617 στρατιὴν
1429 560 1610 615 πέμψεις
1639 559 1753 615 μὴ65

439 626 701 684 ,,ἡγευ’μενος
738 632 814 684 τῆς
848 629 1073 681 Ἑλλάδος,
1116 628 1170 673 οὐ
1209 631 1485 685 προφαίνεις·

1547 627 1606 678 ὦς
1647 627 1694 670 δὲ

410 694 772 750 3,,στρατηγήσεις
801 694 948 753 αὐτῆς,
976 700 1158 753 γλίχεαι·
1190 696 1296 741 ὅσον
1324 697 1402 750 μέν
1432 711 1515 738 νυν
1534 693 1696 746 παντός

439 768 545 817 ,,τοῦ
569 762 787 819 Ἑλλήνων
816 770 1004 818 στρατοῦ
1033 765 1158 809 ἐδέου
1187 764 1413 846 ἡγέεσθαι,

1446 762 1611 818 ἐξηρκδι
1637 760 1696 818 ἡ·-

440 865 464 885 ,,
455 836 544 888 ,μῖν
573 835 684 874 τοῖσι
707 829 983 888 Ἀθηναίοισι
1010 831 1193 889 ἡσυχίην
1212 831 1347 887 ἄγειν,
1378 829 1651 886 επισταμένοι
1636 841 1696 874 ισι

438 965 727 1025 ,,ἄμφοτέρων
755 968 1144 1026 ἀπολογεύμενος
1149 969 1238 1013 ἐπεί
1255 984 1300 1012 τε
1330 967 1376 1013 δὲ
1407 965 1574 1024 ἁπάσης
1595 965 1697 1011 ἄπε-

383 1143 402 1178 Ῑ
424 1155 464 1192 p.
488 1143 538 1181 10
555 1141 695 1192 Gaisf.)
717 1149 852 1180 notans
872 1140 1040 1180 Va]cke-

382 1199 532 1235 naerius
564 1197 690 1235 addit:
741 1203 933 1236 contentam
964 1202 1038 1237 suis

382 1255 483 1292 rebus
501 1268 571 1291 esse
589 1255 705 1305 vulgo
727 1254 800 1292 dici
829 1251 1039 1306 ἀρκεῖσθαι

383 1315 470 1358 τοῖς
488 1313 684 1359 παροῦσι,
714 1319 757 1348 ut
784 1313 824 1348 in
852 1314 973 1363 Epist.
991 1312 1039 1349 ad

381 1368 499 1406 Hebr.
520 1369 626 1414 XIII,
647 1368 686 1415 5,
715 1369 782 1405 ubi
801 1369 910 1419 plura
920 1370 1040 1406 Wet-

384 1431 481 1462 sten.
501 1452 511 1473 ,
565 1423 748 1476 idemque
778 1439 858 1462 esse
882 1426 1036 1462 Isocrati

382 1481 556 1548 στέργειν
576 1484 658 1527 τοῖς
676 1484 871 1533 παροῦσι,
900 1484 1038 1534 Lysiae

383 1533 545 1605 οἷγαπᾶν
573 1540 655 1583 τοῖς
680 1535 926 1590 ὑπάρχουσι,
957 1540 1038 1577 alhs

383 1589 709 1646 αρέσκεσθαι
772 1598 884 1642 τοῖς
945 1610 1040 1634 πα-

383 1652 477 1702 ροῦ
490 1663 535 1689 σι
573 1649 690 1701 idque
729 1652 843 1688 etiam
880 1649 953 1688 hac
998 1653 1040 1688 in

382 1705 569 1744 structura
624 1707 746 1744 multo
804 1708 1039 1760 frequentius

383 1777 463 1801 esse
485 1776 601 1816 quam
622 1758 850 1815 α’ρκεῖσθαι,
880 1778 956 1817 quo
977 1765 1040 1800 in-

384 1822 590 1858 clinaverat
599 1821 656 1857 W
658 1821 788 1857 esselin
793 1822 876 1872 gius
898 1822 946 1858 ob
957 1823 1040 1858 He-

383 1876 508 1914 rodot.
528 1879 596 1925 IX,
627 1880 681 1917 32
715 1878 894 1930 quodque
925 1879 1040 1915 etiam

385 1933 580 1972 Schaefer.
603 1940 639 1970 et
657 1933 858 1972 Bekkerus
878 1936 918 1970 in
952 1942 1040 1972 tex-

383 1997 468 2028 tum
483 1997 719 2041 receperunt.
758 1993 809 2028 At
834 1992 932 2028 bene
946 2005 1042 2028 con-

383 2047 474 2083 ferri
493 2048 597 2084 iubet
615 2045 885 2085 Valckenaer.:
927 2047 1040 2085 Thu-

384 2103 472 2155 cyd·
491 2105 539 2149 II,
563 2106 627 2144 68·
647 2105 746 2152 VIII,
779 2105 845 2145 84.
881 2106 1041 2142 Lucian.

385 2161 402 2196 I
422 2173 461 2210 p.
491 2158 586 2199 648.
618 2160 654 2194 Π
683 2173 721 2210 p.
752 2163 846 2201 639.
875 2162 1040 2212 Longin.

385 2218 451 2263 33,
474 2215 511 2257 5.
542 2213 685 2251 Herod.
714 2217 778 2263 IV,
799 2219 863 2256 78.
885 2219 950 2265 III,
974 2217 1039 2258 34.

384 2273 454 2320 IX,
491 2273 557 2313 66.
615 2272 746 2323 Itaque
775 2273 912 2309 retinui
949 2269 1043 2323 οἷρέ-

386 2332 556 2368 σκεσθαι
611 2341 701 2365 cum
741 2327 959 2380 Schweigh.
1005 2336 1041 2366 et

387 2383 613 2423 Gaisfordio.

441 2441 714 2489 προετείνετο]
746 2442 772 2478 i.
794 2454 826 2477 e.
848 2440 949 2478 Haec
964 2442 1041 2490 igi-

386 2502 445 2535 tur
465 2498 551 2535 Gelo
566 2511 652 2548 prae
669 2510 703 2534 se
724 2498 818 2544 tulit,
847 2500 1039 2548 proposuit.

384 2555 554 2592 Verbum
603 2556 883 2604 προτείνεσθαι
915 2567 1040 2604 propo-

384 2611 505 2658 nendi,
534 2611 706 2660 offerendi
750 2610 959 2661 significatu
993 2611 1038 2658 V,

385 2667 439 2708 24
470 2668 555 2707 coll.
589 2668 688 2714 VIII,
723 2666 801 2707 140
831 2668 868 2712 ξ.
905 2670 943 2713 2,
973 2668 1039 2703 ubi

385 2725 554 2763 activum
572 2722 807 2778 προτείνειν.
839 2721 1039 2775 Schweig-

1095 1142 1271 1180 haeuser.
1302 1142 1524 1194 προτείνειν
1554 1143 1595 1178 in
1623 1141 1752 1179 activo

1097 1214 1176 1237 esse
1208 1201 1290 1237 vult
1324 1200 1473 1249 offerre,
1510 1200 1628 1235 citans
1654 1199 1752 1235 Lex.

1095 1257 1230 1308 Polyb.
1271 1269 1359 1307 pag.
1403 1254 1496 1302 541,
1526 1256 1567 1291 in
1596 1254 1778 1293 medio:-

1090 1327 1157 1364 pro
1183 1326 1288 1363 opera
1313 1313 1422 1350 alteri
1442 1312 1562 1350 oblata
1599 1313 1752 1349 vicissim

1096 1373 1192 1407 certa
1213 1371 1295 1406 iura
1318 1373 1382 1406 aut
1400 1368 1584 1407 mercedem
1606 1369 1676 1406 sibi
1686 1381 1754 1418 po·
1788 1365 1790 1367 ¹

1095 1427 1245 1471 stulare,
1273 1433 1317 1463 ut
1344 1427 1414 1474 IX,
1437 1428 1504 1467 34.
1532 1424 1635 1463 Add.
1652 1426 1754 1461 Bor-

1097 1496 1280 1522 nemann.
1311 1481 1439 1520 Schol.
1479 1483 1522 1520 in
1558 1481 1748 1534 Evangel.

1095 1542 1188 1578 Luc.
1204 1553 1244 1592 p.
1271 1541 1364 1580 181.

1301 1629 1394 1680 Cap.
1416 1627 1550 1666 CLXI.

1156 1703 1326 1755 Φθοῖσας
1344 1705 1404 1756 δὲ]
1428 1706 1516 1745 Vid.
1535 1705 1670 1745 Matth.
1683 1708 1749 1746 Gr.

1096 1765 1162 1802 Gr·
1185 1766 1219 1810 ὅ·
1243 1765 1337 1813 553,
1359 1767 1549 1805 3not.—-
1577 1765 1623 1801 In
1643 1777 1751 1830 seqq

1097 1819 1146 1860 συ
1178 1817 1255 1860 δὲ
1246 1818 1347 1867 όκως
1368 1818 1440 1872 μὲν
1469 1835 1506 1859 κ.
1529 1836 1563 1860 τ
1582 1824 1615 1860 λ.
1646 1816 1751 1868 όκως

1095 1877 1200 1914 idem
1231 1878 1356 1915 valere
1382 1876 1532 1915 videtur
1560 1884 1675 1930 atque
1692 1873 1753 1916 ότι

1095 1936 1176 1982 VII,
1198 1937 1292 1982 237,
1312 1935 1379 1971 ubi
1397 1933 1476 1972 vid.
1535 1933 1600 1971 Ad
1635 1934 1752 1972 verba

1099 1990 1151 2039 ὥς
1167 1989 1209 2030 δὲ
1230 1987 1508 2043 στρατηγήσεις
1525 1986 1753 2042 αὕτῆς,γλί-

1097 2063 1182 2099 χεαι
1212 2047 1306 2084 conf
1331 2046 1466 2085 Matth.
1502 2048 1569 2085 Gr.
1617 2049 1684 2085 Gr.
1713 2047 1751 2094 §-

1098 2105 1176 2146 531
1194 2111 1274 2143 not.
1297 2108 1323 2145 2
1342 2118 1381 2154 p
1405 2106 1526 2145 1037-

1155 2160 1240 2199 ἐπεί
1256 2174 1296 2198 τε
1319 2159 1361 2199 δὲ
1390 2158 1549 2228 απασης
1576 2153 1752 2198 οἷπελαυ-

1097 2211 1295 2267 νόμενος]
1345 2215 1408 2252 Ad
1435 2212 1595 2265 ἁπάσης
1625 2215 1750 2266 suppl.

1099 2275 1298 2322 στρατιῆς.
1362 2270 1425 2308 Ad
1466 2284 1620 2309 sensum
1648 2278 1750 2309 recte

1099 2326 1316 2378 Schweigh.
1360 2328 1402 2365 de
1432 2329 1588 2366 universi
1613 2329 1754 2379 imperia·

1097 2397 1231 2422 summa
1273 2385 1478 2430 concedens3
1539 2383 1589 2422 ad
1633 2384 1751 2423 verba

1096 2442 1272 2492 proprie:
1305 2441 1585 2492 quandoquidem
1606 2444 1647 2478 tu
1665 2444 1752 2478 ato-

1096 2501 1170 2535 tius
1182 2500 1355 2535 exercitus
1383 2500 1524 2549 imperio
1550 2501 1698 2535 remotus
1717 2509 1748 2534 s.

1097 2555 1272 2602 deiectus,
1322 2555 1446 2591 classis
1469 2556 1653 2605 imperium
1665 2555 1750 2605 fla-

1096 2614 1206 2660 gitas.
1237 2611 1344 2648 Conf.
1366 2610 1506 2647 Herod.
1528 2610 1574 2659 V,
1597 2609 1662 2652 94.
1683 2606 1746 2646 Ad

1095 2669 1210 2705 verba
1223 2681 1328 2719 seqq.
1351 2663 1455 2707 οὕτω
1468 2665 1544 2717 ἔχει
1552 2681 1613 2706 τοι
1623 2665 1745 2716 suppl.

1094 2721 1137 2765 τὸ
1167 2727 1354 2777 πρῆγμαε
1384 2737 1438 2761 res
1461 2725 1512 2761 sic
1539 2735 1574 2760 se
1594 2722 1695 2760 habet
1713 2733 1747 2759 s.

1777 847 1806 902 ἑ

440 917 528 954 ,,ως
567 897 591 942 ὁ
631 898 791 943 Λακων
830 899 980 951 ἱκανός
1008 918 1076 945 τοι
1106 901 1248 957 ε’μελλε
1279 900 1453 943 ε’σεσθαι
1489 899 1562 943 καὶ
1590 898 1752 954 υπὲρ70
1790 906 1801 914 “’

1804 2607 1806 2659 A
