1815 3181
397 138 454 177 90
796 134 1255 171 HERODOTl

370 246 542 286 ὃταῦτα
573 243 639 294 δὲ,
681 239 740 293 ὥς
779 241 914 298 ἡμέρη
953 241 1120 297 ἐγένετο
1151 242 1243 300 τάχ’
1250 254 1354 296 rw,
1385 243 1577 297 φανερὸς
1605 237 1716 300 ἦν75

396 309 736 366 ὑπερτιθέμενος
766 309 1110 362 ὀνειροπόλοισι·
1141 311 1246 367 μετοὶ
1271 312 1336 362 δὲ,
1368 309 1661 367 απειπάμενος
1718 293 1815 381 3991Ι

397 379 479 437 τήν
509 378 633 432 ὄψιν,
671 378 826 433 ε’πεμπε
854 377 934 435 τήν
953 379 1154 434 πομπὴν,
1184 379 1231 422 ἐν
1259 383 1312 437 τῇ
1335 380 1387 436 δὴ
1418 384 1603 438 τελευτᾷ.

269 447 337 494 5Ί
485 449 539 491 Οι
568 446 614 490 δὲ
654 450 920 502 Γεφυραῖοι,
959 451 1048 490 τῶν
1086 441 1200 504 ἦσαν
1237 449 1281 491 οἱ
1316 446 1470 503 φονέες
1510 449 1554 491 οἱ
1577 445 1661 491 Ιπ-

64 514 114 543 Ge
115 513 324 557 ¹¹5P¹³0⁰¹¹¹¹¹¹
398 513 590 570 πᾰρχου,
619 532 679 567 ως
708 515 787 571 μὲν
817 514 944 560 αὐτοὶ
963 515 1164 572 λέγουσι,
1193 514 1451 572 ἐγεγόνεσαν
1480 515 1523 568 ἐξ
1550 513 1661 570 ’-Ερε

61 523 159 577 mmor
162 557 195 576 88
220 556 236 575 c
241 555 290 574 [lm

63 583 178 612 cadmo
198 591 216 610 e
239 584 339 613 Phoe—

338 691 379 727 in
411 690 692 741 epigrammatis
721 690 845 727 verbis
864 691 998 740 τλῆθι,

340 744 506 798 ἄτλητα,
536 743 706 797 τετληότι
742 748 999 795 observamus,

1056 689 1155 726 bene
1219 689 1270 726 ita
1328 690 1464 726 Latine

1059 747 1212 783 Grotius
1224 758 1234 783 ε

1534 688 1715 739 expressit

430 823 611 866 „Fortiter
631 823 717 856 haec
733 822 786 856 leo
797 826 876 866 ser,
910 822 1064 868 quamvis
1074 825 1158 865 fera
1170 847 1179 865 ,
1210 821 1345 866 quando
1354 822 1541 865 ferendum
1559 823 1624 863 est,

428 869 575 903 Iniustos
592 868 742 903 homines
761 880 838 903 sero
859 869 925 903 cito
945 880 1057 915 poena
1074 870 1273 914 sequetur.“

395 954 572 990 φανερος
589 935 643 992 ἦν
663 939 854 992 ὕπερτιθε
846 939 995 991 ’μενος]
1052 947 1126 987 tur,
1144 940 1188 977 C.
1209 939 1254 977 O.
1274 939 1423 975 Miiller.
1436 936 1616 976 Orchom.
1626 950 1716 988 pag.

336 998 395 1034 De
408 998 524 1034 verbo
541 995 833 1050 ’ὑπερτίθεσθαι
845 999 998 1035 111011111-

336 1067 422 1091 mus
443 1053 493 1091 ad
511 1056 602 1101 I‚8.
627 1057 796 1095 107—
825 1053 999 1102 „Eadem

338 1111 446 1160 (sunt
481 1110 628 1148 Wesse
643 1111 657 1148 l
672 1113 807 1160 ingii
833 1111 882 1149 ad
911 1110 952 1148 h.
971 1112 998 1148 l

337 1168 482 1216 verba)
512 1170 584 1206 τοῦ
604 1168 896 1217 δεισιδαίμονος
908 1169 1000 1204 reli-

336 1225 402 1275 gio
443 1225 637 1274 eleganter
675 1226 716 1261 in
745 1223 1003 1276 Theophrasti

339 1280 453 1318 Char.
476 1295 511 1317 0.
538 1284 590 1322 16
612 1283 784 1349 8ΧΡ1013,;
815 1280 864 1318 ad
885 1295 1002 1333 quam

338 1332 613 1387 ἀπειπάμενος
648 1353 723 1389 την
754 1335 856 1388 ὄψιν
886 1339 1002 1375 etiam

337 1396 528 1444 pertinere
560 1396 707 1460 opinor,
736 1408 864 1447 neque
904 1394 999 1432 adeo

336 1455 490 1501 spretam
513 1453 700 1498 visionem,
730 1451 798 1488 sed
829 1453 907 1489 eius
929 1465 1000 1488 ex-

335 1508 549 1558 piationem
589 1515 626 1544 et
672 1503 999 1559 ἄποτροπιασμὸν

335 1564 458 1601 innui.
480 1564 566 1601 vid.
579 1565 792 1606 Casaubon.
803 1564 851 1601 ad
862 1566 899 1602 T
902 1564 999 1602 heo-

335 1619 478 1671 phrast.
493 1622 599 1672 [pag.
615 1621 694 1662 184
707 1622 804 1673 seq.]
820 1629 856 1658 et
870 1623 999 1672 Span-

334 1676 442 1714 hem.
461 1678 503 1714 in
522 1677 717 1728 Aristoph.
738 1681 835 1716 Ran-
849 1679 995 1719 1379.“

337 1732 578 1785 Hipparchus
626 1735 743 1784 igitur
781 1736 998 1785 expiatione

336 1790 401 1827 illa
414 1820 423 1836 ,
464 1792 577 1828 sacris
612 1792 693 1828 scil.
724 1790 1000 1828 averruncandi

336 1848 430 1884 mali
471 1848 706 1885 imminentis
747 1862 860 1885 031153
892 1849 1000 1886 factis

336 1904 590 1956 precibusque
611 1903 759 1953 additis,
784 1904 824 1942 id
844 1918 884 1942 se
905 1905 1001 1942 effe—

336 1962 429 1998 cisse
449 1962 687 2012 opinabatur,
709 1969 752 1998 ut
770 1963 918 1998 malum
936 1975 1001 1999 so·-

335 2019 442 2054 mnio
453 2016 662 2055 indicatum
669 2019 817 2055 nullam
825 2020 865 2054 in
875 2020 1002 2069 ipsum

336 2072 494 2110 haberet
513 2076 605 2122 vim,
637 2088 764 2126 neque
787 2074 1001 2127 quidquam

336 2131 499 2181 amplius
529 2137 662 2168 contra
690 2132 817 2181 ipsum
844 2132 999 2180 valeret,

338 2188 568 2240 nullumque
587 2186 745 2224 haberet
767 2194 962 2225 eventum.

558 2277 652 2329 Cap.
663 2278 780 2317 LVII.

396 2355 438 2395 οἷ
472 2352 515 2395 δὲ
549 2356 799 2406 Γεφυραῖοι]
861 2356 999 2406 Attigit

339 2411 476 2460 Suidas
503 2425 534 2449 s.
568 2427 606 2450 v.
637 2413 812 2463 Γεφυρίς
841 2413 891 2449 Τ.
920 2414 938 2448 1
958 2426 997 2462 p.

342 2468 422 2509 479
444 2476 482 2506 et
500 2468 673 2507 Aristidis
692 2468 811 2507 schol.
832 2482 921 2520 pag.
943 2472 991 2509 31

338 2524 628 2574 ed.Frommel.,
647 2527 876 2578 quibuscum
896 2526 997 2562 conf,

339 2581 681 2634 Pseudoplutarcb.
724 2582 772 2620 de
812 2581 996 2619 Herodot.

339 2640 496 2690 Malign.
535 2654 622 2692 pag.
654 2643 736 2682 830
763 2641 806 2677 F.
864 2639 999 2690 Attigit

339 2709 494 2748 quoque
506 2697 733 2744 Herodotea,
747 2697 883 2749 quibus
896 2695 998 2733 Cad-

339 2754 393 2789 mi
430 2754 528 2791 illius
559 2756 667 2805 origo
696 2755 842 2791 Punica
869 2754 999 2803 argui-

1058 999 1137 1037 117
1152 1010 1232 1047 seq.
1236 1025 1245 1044 ,
1265 996 1333 1032 ubi
1353 1008 1510 1033 omnem
1527 995 1717 1032 narratio-

1054 1065 1145 1090 nem
1184 1052 1232 1090 de
1261 1052 1395 1090 Cadmo
1427 1053 1558 1089 Poeno
1593 1064 1637 1088 ac
1667 1049 1716 1088 de

1055 1108 1297 1146 Phoenicum
1318 1110 1467 1146 colonia
1477 1107 1632 1145 Thebas
1645 1106 1716 1144 de-

1056 1165 1171 1204 ducta
1190 1168 1230 1203 in
1249 1167 1450 1203 Boeotiam
1468 1164 1625 1202 dubiam
1645 1162 1717 1201 ad-

1060 1236 1182 1275 eoque
1203 1223 1333 1260 fictam
1359 1221 1479 1260 videri
1507 1220 1717 1269 contendit,

1058 1293 1148 1317 cum
1169 1279 1297 1318 Cadmi
1314 1292 1459 1316 nomen
1470 1278 1631 1315 minime
1646 1277 1719 1314 ali-

1057 1335 1161 1373 unde
1201 1335 1404 1373 advectum
1421 1366 1432 1384 ,
1470 1334 1538 1372 sed
1570 1332 1718 1371 Thebis

1057 1406 1174 1445 quam
1193 1394 1363 1430 maxime
1382 1393 1430 1429 sit
1455 1392 1654 1442 proprium
1673 1403 1718 1428 30

1056 1451 1260 1501 peculiare,
1293 1456 1407 1501 atque
1427 1461 1471 1485 ea
1488 1449 1570 1499 ipsa
1589 1446 1719 1484 homi-

1054 1520 1152 1543 num
1184 1508 1309 1554 natio,
1341 1518 1441 1558 quae
1470 1512 1558 1542 ante
1588 1506 1718 1541 Boeo-

1054 1571 1183 1601 torum
1214 1562 1423 1600 adventum
1453 1560 1553 1598 hanc
1576 1567 1718 1598 terram

1053 1621 1218 1658 tenuerit
1228 1619 1423 1670 indigena,
1433 1618 1539 1656 idem
1550 1617 1718 1655 Cadmeo-

1054 1690 1131 1714 rum
1154 1678 1283 1714 tulerit
1302 1689 1447 1713 nomen
1466 1682 1551 1712 tum
1571 1675 1611 1711 in
1627 1672 1717 1711 sede

1054 1747 1123 1771 sua
1163 1734 1355 1785 primitiva
1393 1733 1487 1768 arcis
1525 1729 1717 1768 Cadmeae

1057 1803 1155 1842 quae
1170 1791 1389 1837 vocabatur,
1411 1796 1496 1826 tum
1506 1789 1547 1824 iu
1558 1787 1717 1824 coloniis

1057 1848 1147 1884 alias
1195 1848 1236 1883 in
1273 1854 1390 1883 terras
1430 1843 1520 1882 hinc
1559 1844 1717 1880 emissis.

1057 1905 1234 1955 Namque
1244 1904 1305 1940 vel
1315 1908 1466 1954 postera
1479 1900 1718 1950 aetateSpar-

1057 1961 1104 1998 tis
1115 1960 1352 2012 Athenisque
1361 1960 1480 1996 tribus
1491 1958 1604 1995 fuisse
1612 1955 1718 1997 idem

1058 2016 1164 2054 addit
1192 2031 1282 2054 vere
1312 2015 1518 2062 Cadmeas,
1556 2013 1719 2062 Aegidas

1058 2081 1173 2125 atque
1190 2074 1424 2124 Gephyraeos,
1446 2072 1582 2123 quibus
1593 2068 1719 2106 Athe-

1056 2131 1206 2167 nienses
1225 2143 1330 2167 sacra
1351 2129 1496 2165 Cereris
1523 2125 1715 2173 Achaeae,

1057 2185 1106 2223 de
1127 2187 1263 2238 quibus
1282 2185 1380 2222 infra
1400 2185 1445 2231 V,
1473 2186 1540 2231 61,
1570 2182 1717 2220 debue-

1056 2243 1143 2279 rint.
1166 2242 1391 2294 Gephyraeos
1402 2268 1419 2287 ,
1440 2239 1488 2277 de
1509 2252 1583 2291 qua
1603 2245 1717 2290 gente

1054 2299 1218 2349 plurima
1230 2307 1404 2336 vetermn
1414 2297 1630 2333 testimonia
1642 2294 1717 2333 du-

1056 2355 1150 2392 dum
1170 2356 1406 2406 collegerunt
1425 2354 1610 2390 Meursius
1633 2353 1715 2389 Att.

1053 2413 1174 2450 Lectt.
1195 2412 1240 2460 V,
1253 2415 1302 2453 31
1328 2418 1364 2448 et
1375 2408 1555 2447 Bochart.
1571 2410 1714 2459 Geogr.

1054 2469 1161 2505 sacr.
1181 2470 1228 2515 ΙΙ,
1258 2472 1291 2508 1.
1313 2471 1361 2509 21
1386 2466 1434 2505 ad
1463 2473 1619 2518 pontem
1641 2465 1716 2503 ce-

1054 2524 1168 2575 phissi
1189 2523 1291 2562 haud
1312 2525 1446 2575 procul
1474 2524 1521 2561 ab
1542 2521 1714 2560 Athena-

1053 2594 1141 2618 rum
1161 2582 1254 2619 urbe
1267 2611 1276 2629 ,
1318 2582 1384 2618 ubi
1411 2580 1634 2618 Eleusinem
1653 2578 1715 2616 via

1053 2651 1158 2676 sacra
1186 2637 1370 2686 ducebat,
1392 2635 1604 2675 consedisse
1623 2647 1715 2685 pro-

1054 2696 1179 2732 babile
1197 2702 1274 2741 est,
1304 2702 1475 2746 receptos
1496 2706 1542 2729 eo
1561 2693 1645 2729 loco
1667 2691 1715 2727 ab

1055 2753 1187 2789 Atticis
1208 2751 1416 2802 indigenis,
1443 2761 1564 2803 quum
1584 2749 1624 2784 ‘m
1641 2748 1715 2785 At-
