1806 3181
400 126 487 168 7⁰6

378 239 399 275 5
412 249 509 285 τας,
546 228 801 289 ἠπειρώτας.

792 122 1261 162 HERODOTI

860 228 943 275 ἀπὸ
973 230 1020 275 δὲ
1053 228 1197 288 Ὑρίης
1226 230 1377 283 πόλιος
1414 230 1490 282 τὰς
1527 228 1658 283 ἄλλοις

405 302 576 348 οἰκίσαι,
613 298 692 351 τοὶς
731 298 785 356 δή
829 302 1092 353 Ταραντῖνοι
1128 298 1270 356 χρόνῳ
1298 298 1483 353 ὕστερον
1512 301 1658 357 πολλῷ·

402 365 697 421 ἐξανιστάντες
742 366 1066 420 προσέπταισαν
1103 365 1317 422 μεγάλως·

1373 365 1481 410 ὥστε
1517 364 1659 421 φόνος

399 433 647 491 Ἑλληνικὸς
684 434 880 491 μέγιστος
917 430 1045 487 οὗτος
1083 434 1137 491 δή
1178 433 1342 490 ἐγένετο
1371 432 1547 478 πάντων
1574 437 1714 478 vav-⁹10

403 503 526 560 ἡμεῖς
562 504 711 559 ἰ’δμεν,
751 501 896 546 αὐτῶν
924 518 969 546 τε
1002 502 1302 557 Ταραντίνων,
1329 503 1404 546 καὶ
1435 501 1659 557 Ῥηγίνων,

404 574 448 615 οἳ
482 569 572 615 ὑπὸ
613 568 830 614 Μικύθου
869 573 949 614 τοῦ
990 571 1159 626 Χοίρου
1201 569 1542 626 ἀναγκαζόμενοι
1569 572 1660 612 τῶν

404 638 568 690 ἀστῶν,
599 638 673 682 καὶ
705 635 959 695 ἀπικόμενοι
986 638 1166 694 τιμωροὶ
1198 639 1523 694 Ταραντίνοισι,
1553 634 1661 680 ἀπέ-

349 814 405 853 32
430 819 467 849 et
489 809 627 850 Matth.
662 812 728 850 Gr.
751 812 817 849 Gr.
838 825 878 863 p.
900 810 1008 853 1065

351 869 440 906 coll.
465 871 586 909 1027.
623 869 813 906 Voculam
838 870 911 908 τοῦ
923 875 1010 905 ante

351 921 455 965 εἶναι
495 926 587 962 olim
615 926 797 962 insertam
833 926 1013 976 ignorant

351 982 481 1033 scripti
515 981 612 1019 libri.
662 982 833 1019 Retinuit
882 988 1011 1019 tamen

351 1051 438 1075 eam
458 1037 676 1076 Bekkerus.

407 1125 477 1175 τοὶς
497 1125 619 1176 όῖλλας
637 1127 804 1177 οἰκίσαι]
831 1127 856 1166 i.
873 1141 906 1164 e.
916 1126 1010 1164 alias

351 1197 382 1222 s.
423 1189 556 1223 ceteras
593 1185 800 1223 condidisse.
875 1186 1009 1235 Itaque

351 1242 453 1278 male
485 1241 677 1279 Sancrofti
707 1242 802 1278 liber
830 1240 1006 1290 οἰκῆσαι.

351 1296 415 1334 Ad
435 1304 706 1348 argumentum
734 1298 809 1334 loci
843 1296 1009 1347 disputat

352 1352 499 1391 Hoeck.
542 1355 643 1391 Cret.
678 1354 715 1389 II
743 1368 782 1404 p.
818 1352 899 1394 384
927 1366 1009 1404 seq.

353 1411 522 1448 civitates
541 1409 608 1446 has
630 1422 652 1446 a
673 1410 916 1446 Cretensibus
938 1408 1010 1445 ad-

352 1467 458 1506 venis
478 1467 754 1516 Messapiorum
774 1465 1010 1502 multitudini

354 1522 532 1560 admixtis
569 1521 739 1559 conditas
778 1523 1010 1572 Tarentinis,

353 1586 396 1616 ut
417 1580 483 1631 qui
503 1592 661 1616 omnem
685 1579 866 1629 Iapygiae
904 1591 1012 1615 oram

355 1634 491 1674 ditioni
520 1648 611 1673 suae
640 1633 780 1671 addere
808 1635 1012 1683 voluerint,

353 1698 501 1730 tantam
522 1692 691 1728 intulisse
719 1697 905 1741 stragem,
951 1692 1014 1741 ip·-

354 1762 518 1800 sumque
531 1749 758 1795 Tarentum,
779 1748 842 1784 ille
853 1754 1015 1785 conten-

356 1804 423 1854 dit,
451 1818 473 1842 a
493 1805 686 1855 Messapiis
714 1802 933 1841 hominibus
954 1811 1015 1840 at-

357 1874 433 1914 que
473 1862 713 1898 Cretensibus
734 1862 855 1911 —prius
900 1861 1015 1898 fuisse

356 1917 583 1966 habitatum,
605 1930 722 1970 quam
732 1919 903 1955 Lacones
918 1917 1015 1954 duce

356 1973 572 2011 Phalantho
593 1975 828 2023 accesserint,
851 1986 1016 2026 quorum

359 2030 475 2081 operit
494 2044 588 2068 mox
607 2032 696 2068 urbs
724 2031 789 2067 illa
818 2038 1016 2082 tantopere

359 2088 539 2135 creverit,
562 2094 604 2124 ut
633 2101 724 2124 sane
743 2089 914 2124 Lacones
947 2100 1015 2138 pro

358 2143 461 2180 urbis
495 2144 711 2180 auctoribus
744 2151 858 2196 atque
879 2143 1017 2181 condi-

358 2200 501 2237 toribus
531 2197 774 2237 haberentur.

415 2274 486 2324 τάς
515 2274 566 2328 δή
606 2280 842 2329 Ταραντῖνοι
885 2272 1015 2330 χρόνῳ

360 2330 528 2384 ὕστερον
546 2336 680 2388 πολλῷ
703 2333 720 2373 ἐ
737 2334 826 2381 ξαν
839 2347 852 2371 ι
866 2344 917 2371 στ
932 2330 956 2371 οἱ
969 2348 1016 2372 ν-

361 2391 475 2438 τες]
504 2394 653 2427 evertere
692 2393 855 2427 conantes
896 2389 1017 2425 inter-

361 2454 528 2498 pretatur
549 2445 769 2497 Schweigh.
824 2445 1016 2497 Equidem

361 2503 402 2542 h.
422 2504 449 2544 1.
469 2516 548 2540 11011
577 2510 656 2540 tam
682 2502 729 2540 de
749 2503 901 2539 urbium
924 2515 1017 2539 ever-

361 2562 467 2606 sione,
490 2573 606 2611 quam
637 2559 685 2597 de
712 2560 923 2597 incolarum
955 2571 1016 2595 ex-

359 2617 532 2667 pulsione,
575 2629 669 2668 quos
709 2617 828 2654 victos
855 2616 895 2652 iu
926 2616 1016 2651 alias

362 2673 443 2709 scil.
490 2671 620 2721 sedes,
679 2679 722 2710 ut
770 2672 886 2709 moris
924 2678 1016 2719 erat,

364 2729 634 2778 transtulerint,
655 2730 718 2780 agi
742 2728 909 2768 credam.
953 2727 1016 2765 Ad

1066 806 1195 864 χρόνῳ
1235 806 1402 862 ὕστερον
1434 811 1570 864 πολλῷ
1613 808 1718 847 conf.

1065 868 1130 914 VI,
1150 869 1205 907 72
1243 874 1280 904 et
1311 866 1360 903 ad
1393 868 1555 904 verbum
1592 875 1720 918 προσ-

1066 924 1221 963 πταίειν
1241 930 1338 960 nott.
1368 922 1417 960 ad
1436 925 1466 972 I,
1488 922 1557 964 65.
1592 924 1720 973 Ipsam

1067 993 1158 1018 vero
1176 978 1276 1017 hanc
1297 979 1446 1017 cladem
1468 979 1721 1016 enarratDio-

1066 1036 1148 1074 dor.
1168 1038 1237 1084 XI,
1258 1037 1326 1078 52.
1346 1058 1403 1064 —
1431 1038 1478 1073 In
1497 1048 1603 1088 seqq.
1624 1036 1720 1072 scri-

1064 1094 1122 1145 psi
1149 1108 1282 1132 αυτων
1311 1105 1382 1144 pro
1403 1088 1553 1131 αὐτέων
1572 1098 1615 1128 ut
1636 1090 1719 1140 VH,

1069 1152 1144 1190 171
1168 1144 1321 1188 τούτων
1347 1162 1415 1199 pro
1436 1147 1620 1188 τουτέων.

1121 1205 1161 1244 οἱ
1184 1202 1265 1244 ὕπο
1300 1201 1501 1244 Μικύθου
1523 1207 1596 1243 τοῦ
1621 1202 1722 1243 Χοί-

1065 1276 1138 1312 ρου
1151 1256 1458 1315 ἀναγκαζόμενοι
1471 1275 1554 1300 των
1569 1255 1722 1310 οἷστων]

1066 1318 1106 1357 οἳ
1137 1325 1282 1368 spectat
1315 1316 1365 1354 ad
1384 1317 1581 1366 Rheginos,
1611 1317 1679 1368 qui
1702 1329 1722 1354 e

1066 1376 1196 1411 civium
1228 1387 1368 1411 numero
1392 1376 1492 1424 (τῶν
1514 1369 1658 1421 datan,
1678 1379 1724 1410 ut

1067 1432 1150 1479 VII,
1186 1430 1284 1482 156)
1324 1430 1451 1468 delecti
1490 1444 1514 1468 a
1559 1429 1725 1481 Micytho

1068 1489 1183 1525 coacti
1203 1491 1305 1524 erant
1323 1488 1372 1524 ad
1392 1487 1571 1525 auxilium
1585 1485 1726 1524 Taren-

1041 1546 1156 1581 xtinis
1189 1543 1381 1594 ferendum
1425 1556 1455 1580 s.
1504 1543 1726 1580 auxiliatum

1068 1601 1167 1636 missi
1192 1603 1304 1637 erant.
1373 1599 1574 1637 Werferus
1594 1598 1725 1648 (Actt.

1068 1655 1176 1707 phill.
1196 1657 1369 1694 Monacc.
1399 1657 1418 1692 Ι
1439 1669 1477 1706 p.
1497 1654 1580 1696 240
1599 1667 1678 1707 seq.
1692 1654 1725 1704 ),

1070 1714 1132 1750 cui
1151 1711 1245 1748 haec
1261 1712 1520 1763 interpretatio
1540 1710 1725 1762 displicet,

1068 1782 1181 1808 voces
1200 1770 1281 1807 τῶν
1297 1765 1426 1808 ἀστῶν
1445 1780 1514 1805 5110
1533 1768 1619 1805 loco
1637 1779 1728 1804 mo-

1070 1833 1148 1874 tas,
1184 1831 1272 1862 ante
1302 1821 1510 1864 οἷπέθανον
1549 1823 1728 1861 collocari

1071 1884 1174 1930 vult,
1212 1882 1279 1918 ubi
1324 1882 1605 1931 coniungantur
1636 1893 1728 1918 cum

1069 1938 1284 1989 τρισχίλιοι,
1298 1937 1434 1975 eodem
1444 1936 1574 1985 modo,
1588 1950 1664 1989 quo
1677 1938 1727 1985 II,

1076 1996 1167 2036 158.
1189 1995 1270 2041 VII,
1292 1997 1359 2035 21.
1381 1997 1476 2035 223.
1508 1994 1607 2041 VIII,
1631 1996 1727 2034 117.

1076 2049 1167 2092 124.
1197 2050 1293 2087 Mihi
1311 2052 1376 2088 tali
1395 2051 1607 2088 mutatione
1622 2047 1727 2086 haud

1071 2106 1221 2146 videtur
1241 2121 1335 2158 opus
1356 2120 1448 2145 esse.
1497 2109 1548 2144 Et
1565 2105 1653 2144 vide
1673 2105 1727 2142 si-

1070 2165 1203 2200 milem
1222 2165 1352 2201 locum
1371 2164 1470 2210 VIII,
1492 2161 1559 2203 55.
1603 2175 1728 2212 τιμω-

1072 2219 1135 2271 ροὶ
1154 2218 1193 2256 11.
1210 2220 1236 2257 l.
1247 2219 1364 2256 iidem
1385 2224 1473 2255 sunt
1493 2224 1607 2269 atque
1626 2218 1727 2269 βοη-

1071 2274 1144 2315 θοὶ
1163 2276 1244 2322 VII,
1259 2277 1417 2316 169.—-
1437 2273 1500 2310 Ad
1521 2287 1728 2325 argumen-
1781 2292 1798 2306 „1

1071 2339 1156 2369 tum
1176 2332 1250 2368 loci
1271 2332 1372 2367 conf.
1393 2304 1646 2378 Diodor.DX1,
1659 2331 1726 2371 66.

1072 2389 1114 2424 In
1129 2401 1234 2439 seqq.
1255 2388 1430 2425 voculam
1445 2383 1548 2426 οὕτω
1558 2387 1610 2424 sic
1620 2391 1728 2438 post-

1071 2445 1235 2495 positam
1272 2442 1342 2494 (ut
1364 2438 1427 2491 εὖ,
1458 2442 1506 2480 de
1538 2456 1616 2495 quo
1645 2440 1726 2482 vid·

1073 2501 1150 2538 citt.
1172 2500 1222 2537 ad
1241 2501 1286 2549 V,
1316 2500 1396 2552 27)
1418 2500 1538 2536 nolim
1555 2500 1726 2566 accipere

1073 2555 1222 2608 ομοίως
1253 2571 1283 2594 5.
1311 2554 1377 2596 τὸν
1411 2551 1530 2596 αυτὸν
1560 2551 1724 2608 τρόπον,

1072 2620 1114 2650 ut
1135 2615 1214 2651 aliis
1233 2614 1386 2664 placuit,
1406 2611 1472 2650 sed
1491 2613 1575 2650 ita·
1565 2626 1591 2649 1.
1602 2625 1637 2649 e.
1661 2610 1725 2648 hoc

1073 2669 1191 2719 modo3
1211 2669 1277 2707 hac
1294 2670 1482 2717 occasione,
1510 2680 1623 2719 opem
1641 2666 1723 2705 scil.

1073 2739 1163 2764 cum
1180 2727 1321 2765 ferrent
1340 2725 1571 2764 Tarentinis.
