1806 3181
412 102 501 149 '716

839 108 1295 146 HERODOTI

441 222 522 261 σθε
560 216 735 268 ἐόντας,
767 215 900 258 ἐοῦσα
938 214 1141 272 ἁμαξιτὸς
1167 215 1332 273 μούνη·
1372 217 1444 260 καὶ
1476 216 1745 272 ἔμπροσθεὲσ

440 282 976 339 κατὰΦοίνικαὶποταμόν,
1007 281 1142 340 ἀγχοῦ
1159 283 1363 340 Ἀνθηλῆς
1382 284 1547 338 πόλιος,
1577 282 1690 340 ἄμα-

417 351 564 405 stads
603 350 709 408 ἄλλη
747 349 902 408 μούνη.
957 355 1045 396 τῶν
1086 351 1132 396 δὲ
1173 352 1485 409 Θερμοπυλέων
1523 351 1572 397 τὸ
1610 352 1689 408 μὲν

385 576 461 613 σθε
492 571 712 610 Thessaliam
735 584 852 610 versus
879 572 1034 622 accipio,

381 626 528 669 ὄπισθε
546 629 724 667 Boeotiam
742 643 882 668 versus.
921 630 1036 666 leer-

381 686 539 736 mopylas
569 687 616 722 ab
639 685 750 723 huius
780 687 942 737 regionis
972 687 1036 722 in-

381 743 472 781 colis
504 744 619 779 etiam
646 738 786 790 Πύλας
815 744 1035 794 simpliciter

382 799 509 837 vocari
518 800 678 850 legimus
687 801 767 847 VII,
782 803 858 840 201
885 807 921 836 et
932 798 1034 849 apud

382 856 562 893 Strabon.
592 858 648 892 IX
669 871 706 907 p.
729 856 809 897 428
837 870 865 894 S·
889 856 967 897 655
989 858 1034 893 Β·

382 913 469 953 coll,
488 914 572 951 Liv.
594 914 774 960 XXXVI,
800 913 873 952 15:
916 911 1034 960 „Ideo

383 968 498 1020 Pylae
519 976 555 1006 et
584 971 630 1006 ab
652 971 751 1017 aliis,
782 970 870 1020 quia
891 968 1034 1005 calidae

381 1038 504 1077 aquae
538 1027 577 1062 in
615 1028 703 1077 ipsis
734 1026 904 1062 faucibus
934 1033 1033 1074 sunt,

384 1081 635 1133 Thermopylae
667 1084 772 1120 locus
806 1083 1031 1133 appellatur.

380 1137 481 1175 Add.
511 1140 656 1178 Aelian.
689 1139 736 1176 V.
757 1141 805 1175 H.
835 1141 899 1186 III,
920 1139 973 1179 25
996 1146 1032 1175 et

381 1196 447 1246 qui
466 1195 575 1245 plura
591 1197 743 1246 collegit
753 1194 971 1233 Tzschuck.
983 1194 1030 1231 ad

377 1252 468 1288 Mel.
488 1253 536 1300 ΙΙ,
557 1255 581 1292 3
604 1253 641 1298 ᾗ.
671 1254 695 1292 6
715 1264 803 1302 pag.
833 1254 914 1292 267
934 1258 1030 1289 nott.

379 1321 515 1358 exegg.
536 1309 697 1345 Exstant
726 1315 855 1344 autem
885 1309 1030 1358 prima-

376 1365 423 1401 rii
438 1372 611 1402 veterum
631 1366 704 1401 loci
721 1364 767 1401 de
780 1363 1029 1415 Thermopy-

376 1421 421 1458 lis
443 1434 532 1457 cum
560 1420 753 1458 Herodoto
784 1420 1030 1472 comparandi

377 1477 479 1528 apud
499 1478 651 1514 Livium
671 1479 850 1525 XXXVI,
875 1477 924 1518 15
941 1478 1029 1518 coll.

380 1536 445 1575 18.
467 1535 645 1571 Strabon.
665 1535 691 1570 1.
711 1536 736 1571 l.
766 1535 1027 1585 Appian.Syr.

380 1591 445 1631 17.
501 1592 604 1627 Inter
628 1591 853 1628 recentiores
880 1597 1028 1640 praeter

374 1645 564 1686 Mannert.
584 1648 654 1684 VII
672 1662 709 1698 p.
731 1650 812 1688 622
834 1646 1025 1699 seqq.vid.

373 1704 614 1754 potissimum
643 1706 762 1741 Kruse
782 1704 908 1740 Hellas
929 1705 977 1750 Π,
998 1706 1024 1744 2

374 1772 463 1810 pag.
497 1760 573 1801 124
603 1773 709 1813 seqq.
741 1759 1028 1798 Vaudoncourt.

372 1817 399 1853 l.
420 1817 446 1853 l.
470 1829 552 1867 cap.
575 1819 600 1857 6
620 1831 659 1868 p,
681 1819 762 1858 279
783 1830 890 1869 seqq.
922 1815 1027 1853 Dod-

373 1873 472 1909 well.
493 1874 518 1910 l.
540 1874 562 1909 l.
584 1886 622 1923 p.
649 1875 725 1913 138
754 1886 833 1924 seq.
892 1874 1029 1910 Tabu-

374 1929 454 1966 lam
474 1931 585 1966 totius
598 1930 774 1980 regionis,
796 1930 916 1981 qualis
937 1930 1028 1967 olim

375 1985 488 2023 fuisse
508 1987 648 2034 fertur,
683 1987 759 2022 aeri
780 1987 937 2023 incisam
957 2000 1028 2023 ex-

374 2040 497 2078 hibuit
531 2042 651 2092 (alios
671 2050 712 2079 ut
733 2043 896 2093 taceam)
929 2044 1028 2084 Gail.

375 2098 416 2134 in
445 2099 550 2135 Atlas
591 2098 656 2136 des
677 2106 794 2136 cartes
815 2100 986 2137 relatives
1005 2099 1026 2136 ἐι

374 2154 412 2190 13
436 2153 675 2204 Geographie
708 2155 939 2193 d’Herodote
968 2169 1026 2194 nr.

374 2212 443 2250 20.
498 2211 548 2247 Et
563 2209 649 2248 vide
667 2212 714 2247 sis
741 2224 893 2262 quoque
913 2213 1026 2248 tabu-

376 2266 455 2303 lam
474 2265 645 2318 Kriegkii
671 2267 799 2304 libello
821 2280 1024 2309 annexam.

431 2380 512 2417 τῶν
533 2376 575 2418 δὲ
598 2376 882 2431 Θερμοπυλέων
901 2375 942 2417 τὸ
953 2376 1024 2428 μὲν

375 2431 472 2486 πρὸς
491 2434 682 2486 ἑσπέρης,
710 2432 804 2486 ὅρος
823 2431 974 2501 αβατον
984 2448 1024 2473 τε

374 2489 440 2530 καὶ
461 2487 728 2544 ἀπόκρημνον,
739 2488 909 2542 υψηλὸν,
931 2486 1026 2529 oiva-

374 2551 505 2586 τεῖνον
533 2547 572 2594 ἒς
590 2563 663 2598 την
690 2547 840 2598 Οίτην]
880 2546 941 2584 Ad
963 2545 1023 2584 di-

374 2603 486 2641 cendi
506 2603 666 2641 modum
677 2605 907 2654 Wesseling.
928 2616 1022 2640 con-

373 2660 446 2697 fert
466 2659 607 2700 Herod.
621 2660 702 2709 Vll,
726 2664 805 2702 198
834 2660 927 2709 (ubi
948 2656 1021 2698 οὕ-

1096 573 1174 612 111
1211 572 1295 621 (ubi
1321 571 1503 623 legimus·
1564 567 1745 638 αποκρή-.
1773 573 1777 576 ’

1092 641 1226 679 μνοισι
1244 626 1388 682 οὔρεσι,
1411 628 1512 668 ε’νθα
1523 624 1746 688 πρόσβασιν

1093 680 1299 740 οἷνθραίπῳ
1349 682 1540 736 οὐδεμίαν
1597 688 1699 724 εἶναι
1705 687 1742 751 .)’

1089 742 1260 793 itemque
1302 743 1415 778 etiam
1455 739 1672 792 Sophoclea
1704 743 1746 779 in

1092 797 1276 835 Trachin.
1301 797 1379 839 634
1403 797 1504 848 (602
1524 797 1678 846 Both.:)
1712 792 1745 837 ὠ

1093 854 1266 905 ναύλοχα
1300 853 1367 893 καὶ
1405 858 1569 905 πετραῖα
1613 851 1746 906 θερμοι

1091 909 1236 963 λουτρα
1269 909 1336 949 καὶ
1361 907 1517 962 ποῖγονς
1538 910 1744 957 Οἴταςπα-

1091 964 1398 1019 ραναιετάοντες,
1409 968 1632 1019 quibuscum
1649 981 1744 1004 con-

1090 1024 1252 1061 tendunt
1281 1026 1437 1064 Homer.
1469 1023 1540 1062 Od.
1571 1025 1616 1071 V,
1646 1022 1743 1064 405.

1090 1084 1184 1121 411.
1241 1082 1298 1117 Ac
1325 1087 1481 1116 testatur
1509 1079 1694 1119 Dodwell.
1715 1080 1741 1117 l.

1087 1137 1112 1174 l.
1138 1151 1176 1187 p.
1202 1135 1280 1177 142
1301 1137 1428 1173 statim
1448 1149 1468 1172 a
1488 1136 1653 1173 fontibus
1674 1149 1740 1173 ca·-

1085 1192 1170 1230 lidis
1218 1194 1332 1230 Oetae
1370 1194 1510 1229 montis
1540 1206 1652 1244 rupes
1696 1205 1740 1230 ac

1085 1262 1176 1286 saxa
1205 1250 1245 1285 in
1275 1250 1394 1285 altum
1422 1250 1590 1286 maxime
1618 1257 1740 1286 erecta

1088 1313 1125 1342 et
1144 1307 1313 1342 maxime
1326 1307 1545 1356 praecipitia
1560 1307 1738 1357 conspici.

1087 1361 1325 1399 Herodotum
1343 1363 1459 1413 igitur
1478 1363 1509 1399 si
1520 1376 1737 1414 sequamur,

1088 1420 1134 1457 ab
1166 1418 1361 1456 occidente
1388 1417 1737 1471 Thermopylarum

1087 1483 1296 1526 exsurgunt
1346 1482 1494 1513 montes
1544 1476 1735 1524 inaccessi,

1084 1534 1319 1583 praecipites,
1336 1533 1411 1580 alti,
1432 1531 1478 1568 ad
1501 1532 1635 1569 Oetam
1644 1545 1736 1583 por-

1084 1590 1197 1636 recti3
1246 1589 1287 1624 in
1326 1601 1401 1640 quo
1441 1590 1618 1626 convenit
1647 1601 1737 1625 cum

1085 1645 1273 1682 Strabone
1303 1657 1346 1681 ao
1374 1645 1482 1682 Livio
1502 1645 1525 1682 1.
1546 1645 1570 1681 l.
1615 1646 1737 1681 Nam-

1085 1714 1159 1753 que
1180 1702 1359 1738 continua
1375 1701 1454 1737 fere
1475 1708 1529 1737 est
1545 1702 1736 1738 montium

1085 1759 1208 1806 series,
1231 1771 1327 1809 quae
1348 1759 1544 1794 aLeucate
1573 1759 1736 1810 sinuque

1084 1816 1290 1851 Ambracio
1303 1815 1487 1851 orientem
1502 1827 1629 1851 versus
1645 1827 1737 1865 por-

1085 1878 1187 1909 recta
1208 1870 1256 1907 ad
1277 1871 1475 1921 Aegaeum
1495 1884 1615 1923 usque
1630 1884 1736 1907 mare

1084 1941 1204 1979 prope
1224 1926 1503 1978 Thermopylas
1527 1928 1568 1964 in
1587 1928 1737 1978 praeci-

1084 1986 1180 2036 pites
1209 1985 1379 2021 maxime
1409 1997 1521 2035 rupes
1551 1991 1738 2036 acutaque

1083 2043 1186 2092 iuga,
1209 2041 1344 2093 quibus
1366 2041 1476 2078 Oetae
1495 2053 1650 2088 nomen,
1668 2039 1733 2078 de-

1082 2099 1188 2146 sinit3
1210 2110 1443 2150 quamquam
1472 2097 1594 2133 latiori
1621 2109 1735 2133 sensu

1083 2156 1198 2191 etiam
1228 2153 1275 2191 de
1302 2155 1407 2191 omni
1439 2151 1513 2189 hoc
1542 2153 1734 2189 montium
1796 2190 1802 2198 ,-

1081 2218 1203 2249 tractu
1252 2210 1378 2246 Oetam
1427 2207 1500 2245 dici
1560 2209 1734 2247 observat
1787 2221 1806 2258 ,ς

1338 2263 1384 2302 ad
1412 2265 1503 2301 Mel.
1530 2265 1577 2312 II,
1599 2267 1623 2305 3
1647 2266 1684 2311 ξ.
1705 2268 1732 2306 2

1080 2329 1177 2360 nott.
1198 2334 1334 2372 exegg.
1355 2335 1393 2372 p.
1419 2323 1498 2361 177
1521 2321 1606 2358 coll.
1618 2322 1732 2358 Man·
1791 2351 1796 2356 .

1081 2264 1300 2304 Tzschuck.

1080 2385 1176 2415 nert.
1194 2379 1264 2415 Vll
1285 2392 1321 2428 p.
1346 2378 1425 2418 626
1447 2384 1483 2414 et
1496 2379 1615 2415 Kruse
1635 2378 1730 2415 Hel-
1786 2395 1788 2398 >

1079 2436 1132 2473 las
1151 2436 1170 2470 Ι
1190 2448 1226 2485 p.
1253 2433 1345 2474 254.
1388 2432 1576 2471 Dodwell.
1596 2434 1622 2471 l.
1643 2434 1668 2474 l.
1689 2447 1727 2484 p.
1787 2479 1789 2483 ι

1082 2489 1160 2530 144
1171 2504 1265 2542 sqq„
1286 2490 1351 2541 qui
1370 2488 1664 2540 pulcherrimam
1685 2503 1728 2527 ac

1079 2547 1323 2584 laetissimam
1378 2547 1517 2584 montis
1563 2547 1729 2597 speciem

1081 2617 1159 2641 esse
1198 2604 1337 2641 asserit.
1393 2601 1495 2643 Add.
1523 2602 1615 2641 ibid.
1644 2615 1727 2652 cap.
1784 2623 1785 2626 ¹

1081 2662 1130 2699 19
1159 2673 1196 2710 Ρ.
1222 2658 1304 2700 214
1333 2671 1413 2711 seq.
1469 2661 1579 2698 Nunc
1617 2659 1728 2696 Oetae
1780 2690 1786 2695 .

374 2730 443 2768 ρεα
467 2714 607 2769 ὑψηλοὶ
632 2716 701 2758 καὶ
719 2714 866 2769 ἄβατα)
898 2717 1018 2765 et111‚
1075 2728 1218 2754 nomen
1240 2715 1480 2755 Katavothra.
