1815 3181
96 301 208 338 status,
239 300 319 335 impe

97 341 232 366 numque
250 342 342 368 penes

96 366 284 395 Bacchiadas
315 370 364 402 [a.

93 401 253 436 saa—663]
263 411 270 428 ε
297 410 314 428 e

118 443 221 463 uorum

123 469 200 496 abda
221 469 344 496 Eetioni

96 503 188 531 nubit.

426 180 507 219 174

816 176 1277 214 HERODOTI

426 288 591 334 ..θίοισι
619 286 698 341 γὰρ
728 281 783 340 ἦν
814 284 964 334 πόλιος
1004 284 1264 335 κατάστασις
1299 287 1455 341 τοιήδε.
1497 280 1554 342 ἦν
1584 285 1681 330 ὀλι-

365 579 597 627 κατοῖστασις
620 575 783 630 τοιήδε]
816 581 922 625 Quae
943 581 1021 617 iam

365 640 532 690 sequitur
561 639 726 674 narratio
739 666 748 684 ,
784 650 870 673 eam
891 650 940 673 ex
959 639 1022 673 in-

366 698 457 732 timo
483 695 670 744 scriptoris
692 695 820 731 animo
857 693 1021 745 odioque

365 754 401 787 in
440 758 618 802 tyrannos
655 752 786 786 innato
831 751 1021 802 simulque

365 810 477 844 etiam
498 821 518 843 e
550 806 672 844 studio
695 805 885 854 Corinthi,
920 808 1020 844 urbis

365 865 630 901 celeberrimae
690 862 1016 900 concelebrandae

365 922 514 957 fluxisse
544 919 710 958 credam.
779 920 889 956 Conf.
918 927 1015 958 nott.

363 978 410 1014 ad
429 979 458 1024 I,
475 980 528 1018 23
539 984 576 1013 et
596 976 642 1013 de
653 977 815 1028 Cypselo
828 975 1017 1014 Bacchiaa

362 1035 426 1070 (las
446 1035 610 1084 pellente
629 1034 818 1071 Aristotel.
836 1034 950 1070 Polit.
970 1035 1016 1081 V,

362 1093 385 1129 9
416 1092 451 1135 ξ.
492 1093 558 1130 22.
616 1091 688 1135 Qui
718 1091 898 1141 Cypselus
939 1103 1015 1142 quo

361 1147 476 1184 inodo
505 1160 667 1197 regnum
687 1147 756 1183 sibi
777 1148 1018 1197 compararit,

362 1217 383 1240 a
423 1204 649 1255 quibusnam
701 1203 849 1240 adiutus
888 1205 1014 1251 fuerit,

361 1262 515 1311 exponit
555 1262 596 1297 C.
629 1262 672 1299 Ο.
698 1262 846 1299 muller.
876 1262 970 1298 Dor.
998 1262 1017 1297 I

359 1330 444 1368 pag.
471 1316 562 1357 165.

415 1372 481 1412 καὶ
505 1369 614 1413 οὗτοι
632 1370 850 1424 Βακχιάδαι
876 1368 1014 1413 καλεό-

359 1445 470 1487 μίνοι
494 1429 632 1480 ἔνεμον
657 1427 730 1480 τήν
743 1428 889 1478 πόλιν]
921 1432 1014 1468 Post

361 1489 470 1526 οὗτοι
511 1488 712 1524 articulum
753 1487 794 1526 οἱ
826 1489 1013 1524 insertum

357 1545 438 1580 vult
460 1543 641 1582 Valcken.
673 1545 756 1591 „At
772 1544 906 1593 (verba
925 1551 1014 1582 sunt

361 1600 491 1638 Scltw
507 1602 806 1650 eiglaaeuserz·
825 1601 875 1638 ad
896 1600 935 1640 h.
966 1598 1011 1655 l.)

358 1659 455 1694 bene
491 1656 606 1695 habet
642 1652 752 1696 οὗτοι
794 1653 1013 1709 Βακχιάδαι

357 1727 435 1751 non
454 1716 591 1752 inserto
608 1716 764 1752 articulo
776 1744 786 1762 ,
816 1729 933 1767 quem
952 1716 1016 1751 in-

358 1779 521 1808 serturus
532 1773 684 1808 fortasse
694 1771 910 1809 Herodotus
922 1779 1013 1819 erat,

357 1830 386 1865 si
412 1828 712 1865 Bacchiadarum
740 1830 820 1866 iam
847 1836 934 1865 ante
953 1829 1015 1865 fa-

358 1892 416 1922 cta
438 1893 531 1922 esset
552 1887 709 1922 mentio.
766 1889 876 1923 Nunc
896 1886 1014 1923 verba

358 1939 573 1992 Βακχιάδαι
589 1939 816 1992 καλεόμενοι
846 1944 952 1979 velut
970 1944 1012 1979 in

357 1998 571 2048 parenthesi
598 2001 718 2050 posita
751 2000 913 2050 intelligi
942 1999 1012 2036 de-

359 2056 470 2101 bem,
506 2063 543 2092 et
593 2056 795 2093 commode
823 2058 876 2094 sic
895 2056 1013 2093 incidi

359 2119 503 2162 poterat
522 2114 660 2150 oratio:
683 2112 747 2152 καὶ
761 2107 884 2161 οὗτοι,
905 2116 1013 2152 Βακ-

360 2164 492 2218 χιάδαι
514 2166 754 2224 καλξόιιενοι,
778 2169 917 2219 ἔνεμον
939 2168 1012 2220 τήν

360 2221 488 2263 πόλιν.
501 2247 539 2252 -
560 2227 669 2264 οὗτοι
682 2240 781 2273 vero,
796 2240 843 2263 ex
855 2240 1013 2277 praece-

360 2279 532 2318 dentibus
563 2283 685 2319 verbis
715 2277 767 2331 ἦν
799 2279 1016 2335 ὀλιγαρχία,

359 2338 620 2388 intelliguntur
641 2339 680 2377 οἵ
699 2335 935 2392 ὀλί)ἀρχοι.“
956 2342 1014 2376 De

361 2394 550 2431 locutione.
590 2394 724 2446 νέμειν
767 2393 840 2446 τὴν
895 2394 1013 2436 πόλιν

360 2451 460 2489 cons.
483 2452 526 2497 V,
547 2453 612 2491 29.
672 2453 772 2497 Quos
798 2452 1013 2490 Herodotus

360 2506 454 2544 dixit
475 2501 709 2558 Βακχιάδας,
729 2508 910 2556 Diodoro,
931 2511 1012 2548 aliis

358 2570 445 2599 sunt
455 2564 642 2613 Βακχίδαι
653 2576 662 2601 :
685 2572 890 2617 utrumque
901 2567 1010 2614 bene,

358 2627 400 2656 ut
419 2627 502 2670 post
529 2622 760 2671 Wesseling.
786 2623 834 2660 ad
853 2622 1010 2660 Diodor.

360 2677 383 2712 l.
408 2679 433 2713 l.
465 2679 630 2728 aliosque
664 2681 812 2715 monuit
851 2680 1011 2716 Siebelis

361 2732 406 2768 ad
439 2735 598 2770 l’ausnn.
631 2735 677 2777 ΙΙ,
709 2733 745 2781 4,
776 2734 801 2772 4
823 2742 858 2771 et
879 2736 923 2782 V,
948 2738 1010 2782 17,

360 2792 399 2829 2.
458 2790 555 2834 Quin
590 2791 707 2826 Mileti
743 2803 895 2842 quoque
914 2790 1010 2828 Bac-

425 356 626 410 ,,γαρχίη,
667 353 741 396 καὶ
790 349 918 396 οὗτοι
945 351 1188 408 Βακχιάδαι
1233 352 1487 408 καλεόμενοι
1527 353 1682 409 ἔνεμον

253 435 368 462 familia
432 420 535 477 „miv
575 417 722 462 πόλιν·
761 419 965 463 ἐδίδοσαν
1002 420 1049 464 δὲ
1085 421 1159 462 καὶ
1195 419 1358 475 ἤγοντο
1401 421 1443 473 ἐξ
1474 418 1681 478 ἀλλήλων.

1078 580 1285 617 cln‘adarum
1315 587 1471 631 gentem
1490 582 1604 620 fuisse
1622 589 1738 620 testa-

1076 643 1138 674 tur
1170 635 1336 688 Hesych.
1366 650 1396 675 s-
1415 652 1454 676 v.
1476 640 1525 675 T.
1545 640 1563 675 I
1592 652 1632 690 p.
1655 642 1733 681 681

1077 694 1164 730 coll.
1184 692 1460 732 Wachsmuth.
1489 696 1642 732 Hellen.
1663 697 1738 732 Al-

1076 748 1306 787 terthumsk.
1334 752 1368 799 I,
1406 754 1425 791 1
1454 765 1494 802 p.
1526 752 1617 793 150.
1658 753 1737 790 Co-

1076 805 1194 843 rinthi
1221 808 1424 859 quotannis
1455 821 1476 844 e
1511 807 1735 847 Bacchiadis

1071 865 1266 914 prytanim
1284 865 1431 901 lectum
1448 865 1562 902 fuisse
1583 868 1735 917 accepi-

1072 933 1179 968 mus,
1209 922 1277 973 qui
1296 922 1394 972 regis
1421 922 1500 958 sere
1525 923 1654 959 locum
1674 930 1735 960 te-

1071 984 1200 1014 neret:
1231 977 1336 1015 unde
1360 991 1456 1015 mox
1484 980 1525 1015 in
1544 980 1734 1030 Apollinis

1080 1035 1233 1070 oraculo
1246 1033 1424 1071 dicuntur
1440 1031 1672 1088 μούναρχοι,
1693 1043 1736 1073 ut

1075 1092 1140 1142 qui
1160 1092 1352 1128 civitatem
1362 1099 1456 1129 stato
1469 1099 1649 1145 certoque
1664 1093 1735 1130 soli

1073 1146 1341 1185 administrent
1377 1155 1563 1199 tempore.
1621 1150 1734 1188 Conf.

1073 1205 1240 1241 Pausan.
1260 1207 1308 1252 ΙΙ,
1330 1203 1356 1243 4
1382 1207 1418 1251 ᾗ.
1431 1205 1469 1244 4.
1489 1205 1647 1243 Diodor.
1669 1206 1735 1243 Si-

1074 1262 1149 1298 cul.
1179 1262 1264 1298 Lib.
1297 1262 1366 1297 VII
1396 1261 1471 1313 (T.
1500 1264 1536 1298 ΙΙ
1571 1276 1611 1313 p.
1650 1263 1733 1304 635

1072 1319 1200 1355 Wess.
1232 1319 1282 1355 T.
1312 1319 1363 1355 IV
1394 1332 1432 1369 p.
1466 1317 1530 1358 14.
1567 1317 1634 1359 15.
1666 1317 1729 1356 ed.

1072 1375 1177 1425 Bip.)
1197 1376 1298 1411 Nam
1307 1376 1434 1425 regiae
1443 1374 1733 1412 Heraclidarum

1070 1433 1193 1483 stirpis
1208 1431 1321 1468 fuisse
1345 1433 1522 1468 dicuntur
1543 1431 1733 1469 Bacchia-

1072 1488 1155 1536 dae,
1175 1501 1196 1525 a
1214 1487 1368 1525 Baccho
1381 1518 1390 1536 ,
1421 1490 1489 1541 qui
1507 1501 1607 1525 unus
1617 1489 1689 1525 fuit
1710 1502 1732 1525 e

1068 1547 1224 1596 posteris
1243 1558 1286 1582 ac
1307 1545 1582 1582 successoribus
1599 1546 1732 1582 Aletae

1070 1602 1294 1639 Heraclidae
1315 1605 1450 1654 (quem
1462 1603 1632 1652 primum
1643 1615 1731 1639 nar-

1070 1666 1156 1696 rant
1186 1658 1413 1695 Corinthum
1444 1671 1648 1710 occupasse
1667 1672 1731 1696 re-

1070 1729 1270 1767 gnumque
1312 1715 1552 1765 condidisse)
1609 1728 1732 1766 genus

1071 1773 1275 1820 ducentes,
1322 1779 1416 1809 teste
1456 1771 1625 1809 Diodoro
1655 1773 1681 1809 l.
1702 1773 1730 1809 1.

1068 1829 1171 1867 Add.
1201 1830 1243 1866 C.
1265 1830 1309 1866 O.
1331 1830 1480 1866 muner.
1500 1830 1622 1866 Dor-I
1639 1841 1729 1880 pag.

1069 1888 1136 1927 87.
1165 1887 1224 1923 Ac
1244 1881 1470 1936 μούναρχος
1491 1892 1529 1922 et
1550 1901 1730 1937 μουναρ-

1069 1944 1160 1994 χίην
1182 1944 1397 1994 promiscue
1418 1942 1493 1979 dici
1519 1949 1633 1994 atque
1653 1939 1729 1982 τύ-

1069 2015 1232 2052 ραννον,
1264 2001 1501 2051 τυραννίδα,
1524 2012 1730 2036 conunou-

1069 2064 1160 2093 strat
1190 2056 1375 2093 Herodoti
1403 2058 1508 2093 locus
1529 2057 1611 2105 VII,
1634 2057 1728 2097 154.

1073 2113 1170 2154 165.
1184 2112 1287 2150 Add.
1309 2114 1353 2160 V,
1374 2115 1422 2154 61
1448 2121 1484 2148 et
1505 2110 1726 2162 Theognid-

1069 2171 1151 2210 715
1173 2170 1278 2219 (52),
1308 2170 1373 2206 ubi
1393 2182 1471 2205 nou
1492 2169 1591 2218 fugit
1610 2169 1727 2205 Wel-

1070 2225 1175 2263 cker.
1206 2227 1339 2264 Solon.
1369 2226 1507 2275 fragm.
1528 2226 1666 2273 XVIII,
1687 2228 1727 2266 5.

1127 2281 1312 2322 ἐδίδοσαν
1342 2280 1384 2321 δὲ
1415 2281 1483 2321 καὶ
1501 2279 1667 2334 ἤγοντο]
1697 2283 1724 2318 i.

1070 2352 1104 2375 e.
1126 2344 1250 2376 mutua
1268 2341 1360 2376 inter
1379 2338 1534 2389 sefecere
1544 2340 1726 2376 matrimo-

1068 2398 1142 2433 nia.
1201 2397 1300 2432 Nam
1320 2392 1475 2435 διδόναι
1502 2394 1550 2432 de
1571 2407 1615 2431 eo
1637 2393 1725 2442 dici,

1069 2453 1149 2503 qui
1171 2452 1288 2488 filiam
1318 2465 1427 2488 suam
1456 2451 1521 2488 dat
1547 2457 1726 2502 nuptum,

1068 2506 1251 2560 ἄγεσθαι,
1273 2511 1338 2560 qui
1348 2522 1396 2545 ex
1407 2509 1480 2546 alia
1498 2507 1614 2545 domo
1625 2520 1726 2545 uxo-

1066 2578 1148 2605 rem
1168 2566 1257 2614 (sibi
1277 2572 1482 2603 assumtam
1501 2566 1540 2602 in
1565 2563 1726 2601 domum

1066 2624 1203 2672 suam)
1241 2621 1362 2669 ducit,
1398 2623 1486 2659 satis
1514 2622 1725 2671 cognitum·

1067 2677 1154 2716 Vid.
1174 2685 1269 2716 nott.
1297 2678 1346 2715 ad
1365 2680 1419 2723 ΙΙ,
1438 2677 1506 2719 47.
1537 2675 1723 2714 Valckeu.

1068 2735 1158 2772 citat
1177 2733 1398 2786 Thucydid.
1418 2734 1519 2781 vm,
1535 2735 1602 2775 21.
1622 2733 1721 2771 Plat.

1067 2792 1188 2842 Legg.
1209 2792 1354 2842 leag.
1376 2794 1450 2832 771
1476 2791 1537 2839 E„
1558 2801 1635 2842 quo
1654 2802 1723 2827 eo-
