1815 3181
406 196 487 236 172
816 185 1278 225 HERODOTI

411 307 492 359 „725
524 300 732 356 μετέωρος
763 295 869 347 ὑπὲρ
900 298 979 337 τοῦ
1010 293 1231 346 οὐρανοῦ,
1262 293 1330 335 καὶ
1365 293 1408 334 οι
1436 291 1665 345 ἄνθρωποι

408 370 576 425 ,,νομόυ
607 367 653 409 ἐν
677 363 874 420 θαλάσσῃ
906 363 1075 415 ἕξουσι,
1108 362 1181 404 καὶ
1213 362 1257 403 οἱ
1277 358 1426 415 ἰχθύες
1454 360 1531 402 τὸν
1563 359 1664 414 πρό-

407 453 559 492 Ὴτερον
588 433 834 486 ἅνθρωποι,
865 429 936 473 ὅτε
978 446 1025 484 γε
1063 428 1208 485 ὑμεῖς,
1250 428 1284 469 ὠ
1311 426 1663 482 Λακεδαιμόνιοι,

410 501 685 558 νὶσοκρατίας
714 498 1028 548 καταλύοντες,
1072 497 1333 550 τυραννίδας
1363 494 1405 546 ἐς
1433 494 1509 546 τοὶς
1538 493 1662 546 πόλις

80 327 138 354 que
157 321 315 358 tyrannos

78 352 273 379 acerbissime
307 351 350 378 in-

78 385 215 412 vehitur:
243 388 273 412 et
292 392 351 419 quo

78 419 171 454 magis
195 423 333 446 caeteros

78 456 213 487 moveat,
243 451 330 491 (2-7)

76 486 159 514 mala
178 473 349 513 Corinthio-

78 528 144 558 rpm
169 519 222 547 snb
247 522 352 553 tyran—

77 552 122 580 nis
140 553 279 581 oratione

78 587 194 615 diserta
215 585 348 622 exponit.

351 692 505 729 bialibus
526 685 627 739 apud
645 685 840 736 utriusque
852 684 1004 734 linguae

351 749 545 797 scriptores
583 742 842 794 frequentatis.
917 742 1004 776 Non

349 801 550 853 Euripidea
569 805 718 837 tantum
739 811 759 833 e
788 795 890 833 Med.
911 796 1004 843 410,

354 860 418 898 sed
439 857 593 896 Ovidius
606 855 718 893 simul
729 854 893 905 respexit
904 854 1005 888 eius-

1063 681 1152 718 dem
1174 694 1194 716 e
1216 681 1333 731 Syleo
1366 681 1537 717 Herculis
1560 680 1718 718 dictum.

1065 737 1210 787 [Ovidii
1230 738 1343 773 verba
1367 738 1482 774 Trist.
1505 739 1534 783 I,
1547 739 1620 784 8,5
1640 751 1719 789 seq.

1062 808 1083 830 a
1116 794 1374 844 Wesselingio
1414 807 1567 846 quoque
1608 795 1720 830 allata

1061 853 1113 888 sic
1133 857 1293 888 sonant·

561 931 710 975 „Omnia
732 934 875 963 naturae
897 931 1122 973 praepostera
1143 926 1276 972 legibus
1299 927 1401 960 ibunt

655 977 807 1020 Parsque
832 986 926 1008 suum
951 974 1063 1013 mundi
1088 973 1179 1007 nulla
1201 972 1332 1007 tenebit
1356 974 1421 1007 iter

563 1023 685 1059 Omnia
709 1021 774 1055 iam
799 1021 883 1054 fient
908 1022 1022 1062 etc.“]

350 1097 520 1135 Theseus
550 1097 589 1132 in
618 1094 749 1145 Eurip.
767 1092 900 1143 Suppl.
923 1090 1004 1132 520

350 1152 375 1192 α’
382 1170 433 1192 νυ)
457 1152 529 1205 γὰρ
554 1148 603 1191 ἂν
627 1150 709 1203 ῥέοι
726 1146 781 1188 Ti}
808 1142 1001 1200 πραγματ’

351 1226 476 1256 ουτως
519 1209 554 1247 εἰ
590 1203 868 1257 ’πιταξόμεσθα
908 1199 1002 1255 δή“

359 1266 570 1304 Valcken.
602 1265 743 1309 Quibus
763 1261 883 1308 adde,
905 1273 1002 1312 quae

349 1323 510 1360 Bredow
524 1322 689 1372 Specim.
699 1319 904 1368 Uranolog.
919 1319 1001 1353 He-

350 1379 431 1417 rod.
454 1392 539 1430 pag.
566 1379 639 1414 XII
656 1390 766 1427 super
785 1375 823 1412 h.
845 1376 872 1412 l.
893 1387 1002 1411 com-

350 1443 537 1473 mentatus
549 1442 623 1471 est:
646 1435 774 1482 „Haec
795 1432 911 1470 verba
922 1444 1000 1467 non

351 1495 420 1530 illis
435 1492 683 1529 locutionibus
705 1489 1002 1540 proverbialibus

350 1547 633 1587 adnumeranda
661 1553 769 1593 sunt,
811 1558 909 1597 quae
954 1558 1003 1582 ex

350 1608 504 1657 antiquo
520 1617 693 1642 sermone
708 1604 812 1652 vulgi
829 1601 1001 1649 traditae,

350 1675 581 1715 quamquam
609 1661 804 1711 opiniones
833 1665 1002 1695 mutatae

348 1727 435 1756 sunt
448 1749 456 1765 ,
478 1726 604 1756 tamen
625 1716 759 1754 eodem
779 1729 903 1762 sensu,
924 1728 1001 1766 quo

350 1778 507 1812 maiores
556 1774 750 1820 dixerant,
801 1772 999 1809 dicuntur:

350 1834 468 1869 immo
488 1833 558 1868 nisi
568 1833 645 1867 iam
666 1844 715 1866 ex
727 1831 807 1866 aliis
827 1830 939 1866 locis
931 1842 1001 1879 ap-

1061 1091 1265 1141 paruisset,
1312 1102 1361 1125 ex
1391 1087 1447 1125 his
1478 1089 1565 1139 ipsis
1598 1088 1720 1125 verbis

1062 1147 1349 1196 colligeremus,
1400 1144 1642 1181 Herodotum
1683 1151 1720 1181 et

1061 1204 1225 1240 Graecos
1245 1204 1303 1239 sui
1313 1203 1493 1252 temporis
1505 1200 1720 1248 credidisse,

1060 1261 1212 1297 coelum
1242 1272 1345 1310 super
1376 1258 1449 1295 hoc
1480 1259 1572 1294 orbe
1600 1265 1720 1294 terra-

1057 1330 1145 1353 rum
1162 1316 1279 1353 modo
1298 1316 1487 1352 immobili
1508 1321 1617 1361 stare,
1643 1315 1719 1351 sic-

1058 1375 1115 1410 uti
1140 1380 1262 1410 terrae
1282 1373 1480 1423 planitiem
1507 1371 1609 1421 infra
1629 1383 1720 1407 eoe-

1059 1431 1140 1467 lum
1161 1431 1323 1481 positam
1344 1442 1435 1466 esse.
1493 1430 1592 1464 Nam
1619 1428 1720 1464 eius-

1061 1487 1150 1524 dem
1178 1487 1259 1523 fere
1288 1487 1410 1523 verbis
1440 1483 1640 1535 Euripides
1680 1484 1719 1520 in

1059 1544 1212 1590 fabula,
1261 1556 1377 1595 quam
1418 1542 1524 1592 Sylei
1562 1541 1720 1577 nomine

1060 1599 1172 1637 Philo
1204 1600 1334 1636 laudat
1362 1601 1400 1635 in
1434 1599 1559 1635 libello
1590 1594 1721 1635 πάντα

1060 1657 1281 1696 σπουδαῖον
1340 1652 1442 1695 εἶναι
1505 1650 1720 1704 ἐλεύθεροι

1060 1715 1165 1765 [Pflg-
1188 1714 1284 1754 537·
1307 1714 1402 1753 869.
1433 1714 1528 1757 880,
1558 1717 1599 1747 ut
1629 1723 1720 1746 mo-
1776 1735 1778 1737 .

1058 1777 1124 1807 net
1150 1769 1362 1817 Valcken.]
1395 1769 1601 1804 Herculem
1631 1767 1720 1803 facit

1058 1827 1268 1864 dicentem:

829 1903 972 1946 πρόσθε
995 1902 1065 1961 γὰρ
1089 1901 1188 1937 κάτω

565 1953 642 1997 Γῆς
664 1949 753 1986 εἶσιν
779 1948 918 1995 ἄστρα,
949 1950 993 1993 γῆ
1020 1948 1061 1983 δ’
1085 1947 1206 1983 οἷνεισ’
1232 1947 1284 1988 εἰς
1308 1945 1458 1991 αἰθέρα,

566 1999 661 2043 Πρὶν
684 1995 720 2040 ἐξ
743 1996 833 2041 ἐμοῦ
859 2008 917 2031 σοι
940 1993 1050 2030 θωπ’
1076 1993 1288 2039 ἀπαντῆσαι
1311 1992 1443 2038 λόγον.-

349 2072 373 2106 ἰ.
406 2084 438 2106 e.
471 2069 577 2107 Przus
604 2073 691 2108 enim
712 2069 848 2119 infra
877 2073 1004 2105 terram

353 2127 450 2163 ibunt
482 2131 601 2175 astra,
639 2131 734 2164 terra
759 2139 838 2163 vero
862 2140 897 2163 se
908 2124 1004 2175 feret

352 2185 389 2219 in
419 2183 567 2230 coelum,
608 2196 710 2232 quam
749 2184 790 2220 de
820 2196 871 2219 me
901 2181 949 2218 ad
972 2184 1006 2218 te

354 2239 483 2275 blanda
512 2241 628 2276 veniat
668 2242 791 2276 oratio.
848 2240 1003 2284 Poetae,

354 2296 419 2346 qui
439 2302 520 2345 post
539 2302 687 2347 tempus
697 2296 1005 2332 Ptolemaeorum

354 2353 597 2402 scripserunt,
633 2365 866 2404 quamquam
905 2351 1005 2387 anti-

355 2409 486 2458 quiora
505 2409 679 2459 amplecti
699 2415 847 2454 amant,
878 2410 908 2445 si
934 2421 1003 2454 res,

355 2477 451 2516 quae
481 2464 560 2500 fieri
593 2478 670 2501 non
703 2471 871 2515 possunt,
904 2464 1007 2501 indi-

354 2534 438 2556 care
471 2521 625 2567 volunt,
665 2528 884 2571 comparant
917 2533 1006 2558 cum

355 2577 475 2614 fluviis
498 2576 815 2613 retrocedentibus
837 2584 900 2613 aut
918 2589 1007 2613 cum

356 2634 500 2683 populis
521 2647 540 2669 a
563 2635 753 2671 contrariis
774 2634 908 2670 finibus
929 2640 1007 2670 ter—

357 2703 416 2724 rae
447 2691 482 2724 in
521 2690 724 2726 contrarios
762 2690 1004 2740 transpositis,

353 2746 479 2795 virgil.
501 2747 633 2795 Eclog.
665 2748 692 2793 l,
715 2747 907 2785 59—-62.
931 2746 1004 2781 Se-

348 2814 428 2837 nvc.
459 2801 559 2838 Med.
581 2804 658 2842 373
692 2808 754 2837 mit
787 2809 823 2837 ut
848 2801 1003 2838 Ovidius

1061 2066 1165 2116 (loco
1186 2079 1299 2118 supra
1319 2065 1464 2114 allato).
1496 2064 1608 2100 Nullo
1630 2074 1720 2099 vero

1059 2125 1158 2171 loco,
1199 2122 1303 2175 quod
1339 2123 1415 2159 scio
1433 2151 1442 2168 ,
1481 2119 1714 2170 comparatio

1060 2179 1245 2217 Herodoti
1265 2186 1302 2216 et
1312 2176 1502 2228 Euripidis
1523 2176 1720 2213 recurrit.“

1061 2239 1166 2273 Haeo
1186 2237 1270 2285 ille,
1313 2249 1360 2271 ex
1392 2233 1526 2270 eadem
1546 2239 1720 2270 veterum

1062 2294 1242 2344 opinione
1301 2291 1508 2328 formulam
1557 2288 1719 2326 foederis

1061 2351 1159 2386 inter
1179 2350 1336 2386 Latinos
1364 2355 1477 2399 atque
1507 2348 1720 2389 Romanos,

1062 2406 1111 2443 ad
1129 2407 1193 2454 IV,
1215 2408 1291 2447 201
1317 2405 1482 2451 allatam,
1523 2403 1719 2454 explican-

1064 2462 1153 2500 dam
1174 2476 1252 2499 esse
1271 2474 1446 2498 monens.

1123 2519 1347 2568 ἰσοκρατίας
1357 2511 1722 2563 καταλύοντεςᾙᾶιη

1064 2578 1161 2613 bene
1199 2577 1350 2612 monuit
1397 2571 1581 2611 Valcken.
1628 2583 1721 2607 voce

1065 2632 1294 2682 ἰσοκρατίας
1315 2643 1434 2682 eaque
1458 2628 1588 2665 rariori
1618 2626 1721 2663 indi-

1063 2690 1139 2725 cari
1161 2689 1332 2739 populare
1369 2687 1568 2737 imperium,
1609 2683 1721 2719 unius

1060 2746 1119 2783 vel
1141 2758 1351 2796 paucorum
1367 2741 1578 2781 dominatui
1598 2752 1721 2790 oppo-

1059 2803 1173 2838 situm
1193 2801 1359 2854 indeque
1381 2801 1495 2836 etiam
1519 2796 1722 2849 ι’σηγυρίος
