1834 3258
559 203 862 239 ERATO.
920 203 991 238 vl.

1328 201 1413 241 335

153 315 327 360 ἀπίκετο
358 313 426 356 ἐπὶ
454 311 654 367 ποταμὸν
683 310 930 365 Ἐρασῖνον,
963 310 1011 362 ὃς
1032 310 1198 366 λέγεται
1229 308 1341 364 ῥέειν
1364 309 1410 352 ἐκ

150 389 225 440 τῆς
254 382 538 436 Στυμφηλίης
569 382 739 436 λίμνης·
785 379 864 435 τήν
902 380 984 435 γὰρ
1026 379 1078 436 δὴ
1117 380 1273 434 λίμνην
1312 376 1410 433 ταύ-

148 468 247 508 την,
286 448 328 499 ἐς
370 448 513 504 χάσμα
552 445 717 504 ἀφανὲς
755 447 1042 499 ἐκδιδοῦσαν,
1088 445 1411 502 ἀναφαίνεσθαι

147 517 368 572 ἐν’Λργεϊ,
397 515 444 559 τὸ
478 516 681 559 ἐνθεῦτεν
711 516 756 559 δὲ
795 515 844 559 τό
876 515 999 568 ὕδωρ
1039 514 1122 571 ἤδη
1152 518 1283 558 τοῦτο
1327 512 1408 557 ὑπ’

145 585 347 642 Ἀργείων
384 583 612 638 Ἐρασῖνον
654 584 908 627 καλέεσθαι·
959 582 1221 638 ἀπικόμενος
1259 581 1302 627 δ’
1342 577 1405 626 ὧν
1421 589 1466 622 80

145 652 168 698 ὁ
202 653 445 709 Κλεομένης
475 651 543 694 ἐπὶ
574 650 654 695 τὸν
673 650 872 707 ποταμόν
909 655 1087 702 τοῦτον,
1128 649 1408 706 ἐσφαγιάζετο

144 720 282 780 αὐτῷ·
327 722 400 765 καὶ
442 720 497 764 ου’
527 720 612 776 γοέρ
656 718 860 775 οὐδαμῶς
900 718 1138 772 ἐκαλλιέρεε
1169 720 1410 773 διαβαίνειν

141 808 238 846 μιν,
279 789 470 845 ἄγασθαι
498 789 577 844 μὲν
607 789 690 844 ἔφη
723 792 802 832 τοῦ
830 787 1061 842 Ἐρασίνου
1091 787 1143 831 οὐ
1174 786 1407 840 προδιδόν-

140 877 212 911 τος
238 859 342 909 τούς
367 856 595 913 πολιήτας,
624 856 839 912 Ἀργείους
864 856 1011 911 μέντοι
1043 854 1142 900 οὐδ’
1175 854 1233 906 ὥς
1263 853 1407 911 χαιρή·

111 935 247 971 δσειν.
299 925 403 983 μετὰ
436 926 482 969 δὲ
517 929 656 969 ταῦτα
686 925 1036 980 ἐξαναχωρήσας,
1078 923 1159 980 τήν
1200 922 1464 979 στρατιὴν85

139 994 350 1052 κατήγαγε
381 995 423 1045 ἐς
448 994 637 1050 Θυρέην·
669 992 1023 1049 σφαγιασάμενος
1054 993 1100 1036 δὲ
1130 996 1183 1049 τῇ
1203 990 1406 1048 θαλάσσῃ

138 1068 324 1118 ταῦρον,
355 1064 548 1105 πλοίοισί
577 1074 712 1118 σφεας
741 1062 874 1118 ἤγαγε
905 1061 948 1112 ἒς
977 1077 1020 1104 τε
1047 1061 1126 1117 τὴν
1160 1060 1406 1115 Τιρυνθίην

79 1237 241 1273 Pausan.
263 1236 363 1283 VIII,
393 1238 448 1278 22
478 1237 514 1282 §.
537 1239 561 1277 3
582 1250 622 1288 p.
642 1239 739 1278 263.

79 1295 123 1329 Iu
144 1292 216 1330 hac
241 1294 403 1330 convalli
430 1294 570 1341 lacum,
591 1295 740 1345 pluvia-

36 1371 43 1375 κ
77 1363 165 1386 rum
183 1357 354 1401 tempore
377 1352 604 1388 torrentibus
623 1351 740 1387 influ-

80 1407 228 1444 entibus
255 1409 341 1444 satis
371 1414 601 1452 extensum,
652 1410 741 1445 oriri

77 1465 129 1501 sic
159 1465 245 1501 satis
261 1471 398 1502 notum
419 1472 492 1512 θεῖς
523 1466 628 1502 cuius
650 1479 740 1502 cum

75 1521 226 1558 nullum
247 1522 394 1558 exitum
413 1521 606 1570 viderent,
646 1522 736 1559 inde

75 1590 216 1629 aquam
241 1579 486 1616 subterraneo
518 1593 631 1616 cursu
665 1579 736 1616 de-

73 1634 163 1671 ferri
201 1641 239 1671 et
264 1648 384 1686 prope
417 1637 541 1687 Argos
576 1636 736 1674 demum

72 1692 243 1742 prosilire
264 1693 356 1729 olim
370 1692 651 1741 fabulabantur,
662 1693 736 1731 ho-

73 1747 210 1800 dieque
249 1751 366 1787 etiam
402 1749 570 1788 tradunt.
647 1750 734 1789 Vid.

72 1806 261 1843 Mannert.
283 1807 422 1857 Geogr.
444 1809 531 1845 VIII
550 1821 639 1859 pag.
652 1806 734 1849 447

71 1875 178 1913 seqq.
189 1863 285 1903 641.
314 1865 372 1899 De
383 1864 538 1902 Erasino
548 1865 649 1902 conf.
660 1878 736 1915 po-

72 1919 262 1954 tissimum
290 1920 427 1957 Strabo
459 1922 547 1958 VIII
588 1935 627 1971 p.
651 1922 733 1962 569

75 1975 117 2011 C.
151 1988 180 2011 s.
212 1989 250 2026 p.
283 1978 360 2017 371
393 1977 441 2015 A.
473 1985 510 2014 et
537 1991 575 2027 p.
598 1980 678 2018 389
698 1991 729 2014 s.

73 2031 154 2072 596
172 2032 213 2068 C.
237 2031 283 2068 de
303 2034 396 2070 urbe
407 2033 620 2084 Stymphale
629 2035 735 2070 Pau-

71 2101 152 2124 san.
183 2089 292 2136 VIII,
323 2092 377 2131 22
398 2092 484 2127 coll.
516 2091 666 2130 Aelian.
687 2091 733 2129 V.

71 2146 120 2182 H.
140 2146 188 2191 Π,
211 2148 277 2186 33.

127 2197 178 2240 ου’
197 2199 271 2253 γάρ
296 2198 483 2254 ου’δαμῶς
495 2202 730 2257 ἐκαλλιέρεε]

70 2259 95 2296 i.
119 2271 152 2295 e.
195 2272 303 2309 neque
333 2262 423 2298 enim
457 2262 620 2299 sinebant
646 2265 731 2300 exta

69 2316 219 2352 transire
240 2317 388 2366 flumen.
428 2316 540 2363 Quod
567 2319 619 2355 ita
637 2332 731 2369 pro-

69 2371 142 2408 fert
171 2369 352 2423 Thucyd.
373 2375 418 2422 V,
440 2373 515 2416 54:
555 2372 602 2414 τοὶ
640 2376 729 2414 δια-

70 2423 241 2479 βατήρια
262 2429 490 2480 θυομένους
519 2428 569 2470 ου’
601 2447 729 2483 πρου-

68 2479 197 2536 χώρει,
211 2485 298 2522 coll.
309 2485 353 2533 V,
364 2487 430 2528 55.
444 2490 538 2528 116.
566 2489 727 2536 „Quan-

70 2539 119 2577 do
142 2541 246 2577 enim
256 2541 380 2579 hostiis
400 2546 510 2581 caesis
522 2544 615 2583 laeta
625 2550 726 2583 erant

69 2601 174 2644 exta,
199 2594 379 2637 θύεσθαι
407 2598 473 2639 καὶ
496 2604 727 2654 καλλιερεῖν,

69 2652 287 2702 θυομένοις
313 2653 414 2694 καλά’
444 2653 491 2695 τά
515 2655 601 2709 ἱεροὶ
621 2659 729 2710 γενέ-

70 2714 168 2749 σθαι
192 2710 408 2749 dicuntur.“
467 2715 570 2750 Haec
591 2714 725 2755 Valck.

68 2765 117 2803 ad
144 2768 226 2816 VII,
261 2767 361 2817 134,
391 2769 457 2806 ubi
485 2771 650 2820 plurima
680 2771 728 2809 de

67 2819 141 2861 hoc
168 2824 352 2878 loquendi
379 2839 521 2878 genere
550 2826 728 2880 disputat.

795 1235 897 1272 Add.
930 1235 974 1272 C.
996 1235 1041 1272 Ο.
1062 1235 1212 1271 ΜἰἰΠετ.
1244 1235 1336 1270 Dor.
1366 1235 1401 1269 II
1421 1247 1460 1284 p.

795 1292 892 1333 437.
949 1294 1011 1328 Ex
1041 1291 1237 1328 Herodoto
1265 1291 1366 1327 conf.
1397 1292 1460 1338 Vl,

798 1351 865 1390 82.
885 1351 954 1398 IX,
979 1352 1043 1390 16.
1066 1352 1133 1391 38.
1159 1348 1226 1390 95.
1261 1349 1342 1395 VH,
1368 1348 1461 1389 134.

796 1408 875 1443 Nec
912 1408 1019 1443 aliter
1048 1407 1127 1443 fere
1155 1406 1220 1454 VI,
1255 1409 1361 1452 1123
1391 1405 1459 1445 καὶ

796 1460 844 1502 τά
877 1462 1030 1518 σφάγια
1064 1463 1212 1516 ἐγίνετο
1237 1460 1338 1501 καλοὶ
1370 1463 1458 1503 coll.

792 1522 862 1568 IX,
894 1522 961 1563 45.
1000 1523 1067 1561 61.
1100 1524 1166 1562 62.
1243 1522 1289 1556 In
1321 1520 1458 1572 quibus

793 1579 909 1628 vulgo
930 1579 1109 1629 supplent
1135 1575 1180 1616 τά
1206 1575 1307 1629 ἱεροί.
1370 1576 1458 1614 Vid.

792 1633 989 1673 Schaefer.
1024 1634 1073 1672 ad
1101 1635 1237 1672 Lamb.
1257 1636 1346 1672 Bos.
1367 1647 1457 1686 pag.

791 1695 888 1733 213.
945 1693 1072 1729 Latini
1092 1693 1200 1730 citare
1220 1691 1373 1740 dicunt,
1409 1691 1457 1728 de

795 1762 870 1801 quo
892 1749 969 1787 vid.
1000 1751 1139 1788 Graev.
1172 1751 1213 1786 iu
1235 1750 1342 1787 Suet.
1366 1748 1455 1786 Oth.

793 1809 833 1847 8.
866 1806 1113 1858 Oudendorp.
1148 1806 1196 1843 ad
1224 1808 1370 1843 Lucan.
1392 1807 1454 1852 w,

792 1862 887 1903 524.
907 1885 964 1891 —
994 1865 1040 1900 In
1070 1867 1246 1915 proxime
1279 1876 1386 1915 seqq.
1406 1862 1456 1899 ad

791 1916 968 1971 ἄγασθαι
1000 1921 1100 1957 conf.
1128 1919 1267 1959 Matth.
1296 1921 1362 1957 Gr.
1387 1921 1454 1958 Gr.

791 1976 829 2020 ὃ.
851 1979 931 2016 317
950 1989 1038 2028 pag.
1062 1979 1158 2018 625.

848 2061 933 2105 οὐδ’
972 2064 1027 2114 ὥς
1059 2064 1293 2119 χαιρήσειν]
1344 2069 1370 2104 i.
1417 2081 1451 2105 e.

788 2123 944 2172 Argivos
964 2128 1079 2161 tamen
1099 2138 1142 2161 ne
1166 2126 1217 2161 sic
1240 2125 1374 2174 quidem
1389 2126 1452 2162 im-

781 2193 878 2230 pune
913 2194 1088 2218 evasuros.
1158 2181 1269 2219 Conf.
1303 2184 1369 2230 ΠΙ,
1397 2184 1451 2222 29

785 2238 878 2289 ibiq.
899 2245 982 2275 nott
1003 2245 1040 2275 et
1061 2237 1109 2274 ad
1120 2238 1326 2276 formulam
1348 2234 1453 2278 οὔδ’

788 2290 852 2340 ὥς
874 2296 1032 2332 Homer.
1056 2295 1126 2333 Od.
1144 2298 1172 2344 1,
1188 2297 1225 2336 5.
1257 2295 1451 2348 Aristoph.

785 2352 886 2389 Nub.
909 2353 1003 2401 523,
1025 2366 1074 2389 ne
1094 2354 1217 2404 plura.

841 2433 1007 2484 ταῦρον]
1030 2435 1221 2483 Neptuno,
1235 2434 1350 2470 maris
1361 2431 1446 2481 deo,

783 2490 972 2526 maximas
1011 2491 1184 2527 victimas
1222 2503 1265 2527 ac
1297 2491 1447 2541 potissi-

783 2559 895 2582 mum
925 2553 1052 2584 tauros
1086 2546 1194 2584 caedi
1213 2548 1340 2598 plures
1358 2559 1446 2583 mo-

784 2610 962 2640 nuerunt.
998 2604 1106 2641 Couf.
1131 2604 1304 2641 Creuzer.
1323 2602 1444 2654 Sym-

785 2660 861 2696 bol.
878 2661 913 2696 11
932 2673 1020 2711 pag.
1043 2659 1124 2702 594
1144 2668 1223 2698 not.
1245 2658 1339 2701 245.
1368 2661 1444 2696 He-

784 2715 942 2753 rodotea
972 2719 1094 2768 attigit
1120 2715 1295 2754 Eustath.
1324 2715 1373 2753 ad
1399 2717 1443 2753 11.

783 2787 820 2823 p.
845 2776 964 2820 1227,
996 2776 1048 2815 35
1070 2787 1100 2811 s.
1126 2777 1252 2820 1311,
1282 2776 1349 2821 27,
1380 2774 1446 2825 qui

784 2828 888 2866 idem
907 2842 996 2881 pag.
1013 2832 1131 2878 1233,
1153 2830 1206 2870 57
1229 2828 1276 2867 de
1292 2831 1444 2867 victhna
