1789 3213
448 219 539 256 ET
597 218 1104 256 CORRIGENDA.
1433 221 1517 262 823

265 327 401 372 scripsit
424 326 570 371 Negris:
597 324 837 371 ἀπατώμενος
861 323 936 362 α’πὸ
963 326 1005 363 τὸ
1032 326 1159 372 δέλεαρ
1183 328 1250 363 τοῦ
1283 324 1340 362 ὅτι
1373 328 1435 363 δὲν
1459 330 1518 366 εὖ·

264 375 397 419 ρίσκεις
420 370 608 412 ἐναντίους
634 373 696 407 καὶ
719 372 918 407 λανθάνων
943 373 1100 408 σεαυτὸν
1124 372 1183 409 ὅτι
1206 378 1417 418 προχωρεῖς.

46 430 97 465 Ad
121 430 197 473 VII,
220 433 265 468 57
292 442 368 476 pag.
391 431 470 465 533.
520 430 568 462 Ad
591 430 790 463 locutionem
812 429 895 472 περὶ
919 431 1040 474 ψυχῆς
1062 429 1199 474 τρέχειν
1221 433 1306 464 conf.
1332 432 1430 465 etiam
1444 433 1518 466 Ho-

260 487 348 555 geal
374 476 414 509 11.
454 475 565 516 XXII,
588 478 674 511 160:
712 474 795 520 περὶ
827 476 948 520 ψυχῆς
977 474 1091 518 θέον,
1123 477 1180 510 ubi
1217 477 1379 522 quaedam
1413 479 1516 513 affert

291 534 311 555 o
351 533 381 556 e.

45 577 98 612 Ad
122 578 199 622 VII,
221 579 266 614 58
288 590 366 631 pag.
390 578 458 613 535
481 577 538 613 lin.
562 578 596 611 4.
642 579 796 622 Agoram
820 577 862 611 ad
888 577 1079 611 orientalem
1102 578 1194 612 sinus
1225 579 1324 612 finem
1359 582 1450 612 laeta
1480 579 1516 614 in

257 635 406 668 regione,
430 625 497 667 qua
520 623 628 657 Melas
650 624 683 655 in
702 634 792 655 mare
824 623 955 664 influit,
993 624 1092 657 sitam
1123 625 1228 657 fuisse
1263 625 1395 658 coniicit
1430 626 1515 659 Pro-

262 670 376 703 kesch.
404 670 531 702 Annall.
559 669 675 701 Vienn.
702 668 829 701 LXIII.
853 670 935 701 Anz.
960 669 1009 702 Bl.
1034 681 1066 714 p.
1090 670 1147 704 31.

45 724 97 759 Ad
121 726 199 771 VII,
221 728 264 762 61
287 738 367 771 pag.
392 725 470 761 541.
520 725 620 764 Quod
652 727 727 768 post
756 725 943 764 ποικίλους
975 725 1051 758 addi
1089 726 1207 759 volunt
1238 725 1300 760 καὶ
1325 724 1513 769 θώρηκας,

260 772 296 805 id
319 771 431 805 reiicit
454 770 581 814 Negris
604 775 760 814 tanquam
785 782 1037 815 supervacuum,
1061 774 1119 804 sed
1143 783 1268 804 comma
1292 778 1368 816 post
1398 774 1517 806 nomi·-

265 820 350 856 λους
373 816 476 849 inseri
500 816 643 857 solitum,
664 815 809 849 sustulit.
855 817 1012 858 Schoell.,
1029 818 1086 861 qui
1111 817 1287 850 vernacule
1304 819 1386 851 haec
1410 820 1515 852 verba

263 864 313 897 sic
336 861 501 896 reddidit:
538 863 631 904 „auf
654 862 727 894 dem
759 862 837 894 Lesb
862 863 962 896 bunte
988 865 1214 896 Aen-melrockc
1239 865 1427 897 anzitsehen
1453 865 1515 897 wie

262 910 336 943 eine
359 908 623 950 Schuppenhaut
645 919 710 940 von
735 907 847 947 stam,
873 909 932 941 der
955 909 1143 943 Fischhaut
1180 910 1354 946 iihnliclz‚“
1392 909 1516 953 optime

261 954 317 988 hic
340 953 480 996 intelligi
502 964 601 997 posse
623 956 722 996 putat
746 953 977 987 vestimentum
1012 954 1178 987 coloribus
1208 954 1379 988 induetum
1411 967 1516 998 squa-

260 1011 334 1034 mas
358 999 493 1042 glaucas
516 998 732 1031 imitantibus.
757 1018 801 1023 —
826 998 923 1038 Quae
948 1011 1022 1032 mox
1046 1006 1269 1033 memorantur
1288 998 1516 1043 ἀναξυρίδες,

264 1057 322 1079 eas
355 1044 454 1077 hodie
488 1043 605 1078 vocari
643 1044 865 1077 Tschaksclzir
904 1045 1020 1078 scribit
1047 1047 1214 1078 Hammer.
1240 1047 1370 1080 Annall.
1396 1047 1516 1081 Vienn.

262 1091 375 1125 LXIII
402 1101 436 1134 p.
463 1091 516 1129 15,
539 1095 576 1122 et
597 1100 685 1132 quae
708 1089 880 1122 Herodoto
903 1090 971 1124 sint
994 1088 1197 1135 ἐγχειρίδια,
1222 1092 1312 1136 apud
1336 1093 1517 1126 Homerum

261 1136 302 1171 11.
326 1136 389 1177 ΙΙΙ,
411 1137 477 1170 271
501 1135 682 1178 μαχαίρας
703 1138 816 1168 vocari
840 1135 965 1170 volunt.

45 1187 99 1223 Ad
123 1189 198 1234 VII,
214 1193 259 1227 62
282 1204 361 1237 pag.
384 1190 463 1226 544.
511 1192 562 1225 De
587 1193 743 1225 Ariorum
766 1192 895 1226 nomine
918 1193 1070 1237 pluribus
1088 1193 1224 1227 disserit
1245 1194 1336 1228 Pott.
1355 1194 1515 1237 Etymoll.

261 1238 492 1281 Forschungg.
518 1248 593 1280 pag.
618 1237 714 1270 LXX
738 1249 831 1280 seqq.
878 1239 966 1272 Add.
1002 1240 1044 1272 de
1070 1241 1159 1273 Ariis
1183 1240 1408 1284 disputantem
1431 1241 1514 1273 Hal-

260 1283 339 1328 ling.
373 1283 407 1316 iu
437 1282 565 1316 Annall.
591 1283 707 1316 Vienn.
739 1283 853 1316 LXIII
886 1295 919 1328 p.
949 1286 1013 1319 182
1036 1297 1150 1329 seqq,
1174 1297 1238 1329 quo
1272 1290 1408 1319 anctore
1431 1287 1515 1319 Aria

262 1328 402 1374 propria
439 1333 588 1362 veterum
618 1328 652 1361 in
675 1334 781 1368 terra,
805 1341 891 1374 quae
914 1341 1001 1363 nunc
1024 1335 1165 1363 vocatur
1189 1332 1388 1375 Kaschmyr‚
1411 1344 1514 1376 quae-

261 1375 368 1409 renda
393 1378 457 1408 est.
503 1374 556 1407 De
577 1385 661 1407 voce
686 1376 814 1408 Erman
839 1375 909 1408 sive
932 1377 1046 1409 Irman
1080 1377 1162 1420 (qua
1187 1378 1328 1421 utraque
1352 1389 1433 1410 voce
1456 1389 1516 1411 ve-

262 1423 317 1455 tus
341 1422 583 1454 Germanorum
607 1431 725 1453 nomen
753 1421 914 1454 contineri
935 1422 1067 1459 volunt)
1091 1422 1157 1456 vid.
1186 1433 1318 1466 quoque
1345 1423 1514 1456 Hammer.

262 1466 393 1500 Annall.
418 1466 535 1500 Vienn.
559 1464 673 1498 XLIX
704 1466 841 1510 Anzeig.
867 1466 918 1499 Bl.
945 1478 1023 1511 pag.
1047 1468 1102 1508 22,
1136 1467 1194 1510 qui
1217 1467 1305 1500 idem
1330 1480 1362 1512 p.
1392 1471 1431 1502 15
1471 1469 1515 1502 de

262 1512 401 1546 Artaeis
435 1510 589 1554 (Herod.
630 1510 707 1553 VII,
741 1513 784 1547 61
808 1524 843 1556 p.
869 1512 952 1554 543)
977 1512 1122 1545 conferri
1143 1513 1256 1555 debet,
1281 1525 1419 1558 quorum
1443 1514 1514 1548 scil.

261 1568 380 1591 nomen
405 1567 425 1590 a
451 1556 588 1590 Persica
603 1568 690 1591 voce
714 1558 787 1590 Ara
805 1558 996 1591 descendat.

47 1608 101 1644 Ad
124 1611 199 1655 VII,
220 1612 267 1649 64
290 1626 367 1658 pag.
391 1611 471 1649 548.
517 1614 698 1658 Amyn-gius
734 1625 796 1659 pro
827 1615 966 1648 Tataris
997 1614 1069 1647 sive
1111 1615 1227 1648 Turcis
1258 1626 1390 1659 quoque
1413 1615 1516 1649 habet

262 1660 411 1703 Halling.
435 1659 468 1692 in
491 1659 621 1692 Annall.
646 1658 764 1693 Vienn.
787 1660 899 1693 LXIII
917 1672 952 1704 p.
978 1661 1055 1695 131.
1104 1660 1198 1700 Quos
1222 1661 1330 1694 Sacas
1364 1661 1516 1694 Herodo-

261 1710 315 1739 tus
338 1709 503 1745 memoret,
528 1715 585 1737 eos
611 1703 653 1737 ad
677 1710 820 1738 montem
843 1706 1013 1751 Belurtag
1034 1705 1222 1747 habitasse,
1238 1717 1279 1739 ex
1301 1706 1383 1751 ipsis
1406 1707 1517 1740 Hero-

262 1750 334 1784 doti
356 1750 466 1784 verbis
490 1750 622 1783 elucere
642 1749 730 1783 idem
754 1751 936 1784 contendit.

47 1802 99 1838 Ad
115 1805 189 1849 VII,
212 1808 257 1843 72
281 1819 357 1852 pag.
382 1808 448 1842 557
470 1806 529 1840 lin.
553 1808 586 1841 9.
605 1808 660 1841 10.
694 1806 730 1840 οὶ
755 1803 794 1840 δὲ
818 1805 937 1849 Σύροι
962 1799 1068 1840 οὗτοι
1099 1803 1174 1841 ’ὑπὸ
1210 1806 1379 1851 Περσέων
1412 1809 1514 1841 Καπ-

262 1851 425 1887 παδόκαι
435 1851 639 1886 καλέονται.
666 1852 812 1886 Vocibus
820 1852 1089 1891 Καππαδοκίας
1101 1859 1135 1886 et
1144 1854 1418 1895 Καππαδοκῶν,
1432 1865 1516 1898 quas

262 1899 419 1933 Persicas
444 1910 517 1931 esse
528 1909 569 1931 ex
593 1899 625 1930 h.
636 1897 660 1931 l.
671 1904 843 1942 appareat,
868 1900 1057 1942 suspicatur
1082 1899 1170 1932 Pott.
1195 1899 1353 1942 Etymoll.
1370 1901 1515 1933 Forsch.

261 1956 295 1989 p.
321 1944 497 1983 XXXVII,
513 1944 653 1976 subesse
684 1955 800 1978 vocem
830 1944 1014 1978 Zendicam
1048 1945 1203 1989 dakhyu,
1226 1956 1314 1990 quae
1336 1951 1464 1979 terram
1485 1958 1514 1979 s.

260 1991 474 2034 provinciam
500 1989 645 2023 denotet.

49 2042 100 2079 Ad
122 2045 199 2089 VII,
222 2047 268 2082 76
290 2057 368 2090 pag.
406 2047 471 2081 561
503 2045 559 2079 lin.
592 2047 628 2080 2.
660 2046 694 2080 3.
741 2045 780 2078 In
814 2046 1033 2080 monumentis
1066 2047 1329 2092 Persepolitanis
1360 2049 1517 2083 observat

263 2092 431 2126 Hammer.
457 2094 541 2125 Ann.
565 2091 683 2125 Vienn.
710 2091 826 2125 LXIII
849 2104 882 2137 p.
910 2095 952 2128 16
976 2093 1122 2137 conspici
1146 2094 1276 2133 virum,
1308 2094 1363 2139 qui
1389 2094 1516 2139 galeam

264 2137 418 2171 cornibus
441 2137 638 2170 instructam
662 2138 762 2176 ferat,
787 2142 825 2170 ut
849 2149 927 2171 sane
945 2149 1006 2183 pro
1023 2139 1209 2172 huiusmodi
1242 2140 1400 2182 Thrace,
1433 2151 1516 2185 qua-

263 2184 328 2217 lem
351 2183 383 2216 h.
409 2183 430 2216 1.
454 2182 579 2216 indicet
601 2182 807 2226 Herodotus,
831 2183 948 2217 haberi
970 2184 1088 2229 possit.
1422 2192 1425 2197 ’

48 2236 100 2272 Ad
121 2238 202 2284 VII,
225 2241 270 2276 77
292 2251 372 2285 pag.
395 2240 462 2274 562
485 2239 543 2273 lin.
567 2240 600 2274 3.
648 2240 775 2283 Milyas
797 2239 896 2284 plane
925 2240 986 2281 ita,
1019 2246 1057 2274 ut
1093 2240 1285 2276 Herodotus
1318 2243 1440 2282 refert,
1462 2253 1518 2275 ar-

262 2292 370 2365 Ξίξοῗ.
387 2284 638 2375 ἵεῖῗιῖεὸοηῐοτί
660 2285 694 2318 in
718 2285 938 2319 monumentis
969 2287 1230 2332 Persepolitanis
1259 2288 1377 2322 scribit
1410 2288 1517 2321 Ham-

48 2384 102 2418 Ad
124 2385 201 2430 vn,
224 2388 268 2423 85
291 2399 369 2432 pag.
391 2389 457 2423 567
483 2387 538 2421 lin.
561 2389 596 2423 5.
619 2388 649 2422 6.
698 2387 806 2421 Voces
831 2384 869 2421 ἐν
902 2385 1017 2431 ἕρκεσι
1051 2385 1364 2432 ἐμπαλασσόμενοι
1388 2387 1517 2433 Negris

263 2432 507 2478 interpretatur
532 2430 681 2478 βρόχοις
703 2429 970 2476 ἐμπλεκόμενοι.

50 2487 102 2522 Ad
125 2488 204 2533 VII,
226 2490 271 2526 86
294 2500 371 2534 pag.
397 2491 463 2524 568
486 2490 541 2523 lin.
569 2492 600 2523 1.
646 2490 697 2523 Ad
730 2490 830 2523 hosce
854 2490 954 2524 Indos
984 2490 1106 2525 referri
1140 2491 1211 2524 vult
1251 2491 1420 2524 Hammer.
1442 2490 1465 2523 l.
1490 2490 1513 2523 l.

264 2546 298 2579 p.
310 2538 353 2569 10
375 2535 502 2578 legatos
523 2535 609 2573 illos,
631 2535 690 2581 qui
712 2536 746 2569 in
769 2543 1050 2570 monumentorum
1062 2536 1386 2578 Persepolitanorum
1400 2536 1516 2580 quinta

266 2580 353 2613 serie
377 2580 622 2625 conspiciantur
645 2593 760 2615 aurum
784 2585 815 2614 in
840 2581 990 2615 lancibus
1014 2583 1157 2628 positum
1174 2582 1355 2616 offerentes
1372 2582 1514 2615 asinum-

266 2637 334 2670 que
356 2626 462 2658 ferum
483 2625 623 2659 eximiae
646 2626 878 2670 pulcritudinis
901 2638 1012 2660 secum
1028 2629 1197 2663 ducentes.

50 2691 102 2727 Ad
124 2691 201 2734 VII,
224 2693 268 2727 88
291 2703 370 2736 pag.
394 2693 459 2727 569
475 2692 532 2726 lin.
557 2694 591 2728 8.
636 2694 702 2727 Pro
730 2695 887 2734 Τίθαιος
909 2694 1025 2738 reponi
1049 2694 1120 2727 vult
1143 2695 1250 2727 Lehrs
1275 2693 1344 2735 (De
1367 2692 1515 2726 Aristar-

265 2737 430 2818 glliiimstud.
455 2749 534 2783 pag.
555 2739 641 2781 308)
657 2741 836 2784 ’Τυθαῖος,
860 2746 898 2774 ut
917 2742 1088 2784 Βαγαῖος,
1111 2741 1294 2782 Μαζαῖος,
1319 2739 1514 2782 Σαγγαῖος,
