1815 3181
429 242 513 282 322

825 239 1290 276 HERODOTI

432 348 723 401 ,,παιὸοποιὸν
760 345 845 392 οὐκ
884 347 1005 405 ἐνῆν·
1054 352 1194 392 τεκεῖν
1223 347 1305 404 γὰρ
1337 347 1393 392 ἄν
1427 349 1471 391 οἱ
1507 348 1580 391 καὶ
1617 347 1692 399 τὰς

427 417 666 472 ,,προτε’ρας
706 420 930 471 γυναῖκας.
944 420 967 439 “

304 475 370 520 69
429 482 484 526 Ἡ
511 484 556 527 ὁὲ
589 483 788 539 ἀμείβετο
817 485 982 528 τοῖσδε·

430 551 675 607 ,,μετε’ρχεαι
705 553 842 594 εἰπεῖν
869 551 950 608 τήν
968 550 1199 607 άληθηίήν,
1228 556 1317 595 πᾶν
1347 555 1405 604 εἰς
1426 551 1472 595 σὲ
1499 549 1692 607 κατειρή-

96 538 142 566 Re
160 539 239 566 omui
256 539 372 575 audita,

96 573 268 609 certiorque
293 574 339 600 fa—

96 611 174 641 ctus,
188 607 371 646 patremsibi
399 625 423 658 2

95 644 150 667 aut
165 627 339 668 Aristonem

95 678 149 700 aut
170 675 368 702 Astrabacum

95 706 217 735 heroem
238 716 316 743 esse,

428 754 642 809 ,,δόμενον
684 753 923 809 Ἀρίστωνι.

367 928 487 964 Cicer.
509 928 648 965 Tusco.
670 929 736 976 ΠΙ,
760 929 810 967 83
853 928 1026 964 Consola-

366 986 627 1022 tio—usitata
650 989 713 1032 est,
743 989 775 1021 et
799 998 900 1035 saepe
914 985 1029 1034 prod-

366 1045 438 1078 est:
472 1040 554 1078 Non
578 1042 644 1079 tibi
663 1042 725 1079 hoc
741 1041 829 1086 εοίίς
861 1054 959 1093 quae
981 1041 1028 1077 de

365 1097 562 1148 tragoedia
582 1099 699 1148 petita
719 1106 819 1137 suut.
865 1100 948 1134 Hoc
966 1111 1028 1134 ar-

365 1161 550 1204 gumento
570 1156 726 1205 Merope
749 1169 788 1191 se
810 1155 1029 1191 consolaba-

364 1219 426 1247 tur
454 1211 645 1262 Euripidis
691 1210 794 1262 apud
831 1210 1027 1248 Plutarch.

364 1268 416 1304 T.
447 1269 484 1304 II
508 1282 548 1318 p.
578 1270 657 1308 110
684 1269 767 1304 D.“
823 1267 1028 1305 Valcke-

363 1338 388 1361 η
401 1338 424 1361 α
434 1337 451 1361 e
461 1337 491 1361 r.
506 1366 512 1371 ,
527 1325 763 1376 Wesseling.
789 1323 920 1361 laudat
942 1326 1026 1361 Eu—

361 1382 432 1431 rip.
471 1382 565 1419 Hec.
610 1379 713 1420 740:
776 1377 936 1420 ἱκετεύω
983 1395 1026 1421 σε

361 1437 490 1476 τοῖνδε
524 1433 716 1489 γονάτων.
766 1438 937 1475 Verbum
956 1453 1026 1489 με-

360 1493 566 1545 τέρχεσθαι
626 1491 816 1544 (alloqui)
868 1495 932 1541 VI,
970 1497 1023 1536 86

363 1551 397 1596 §.
430 1553 467 1590 3.
519 1552 653 1602 Neque
674 1563 694 1587 a
716 1552 852 1588 talibus
872 1564 1024 1602 prorsus

361 1605 539 1644 abhorret
561 1604 734 1658 μετιέναι
753 1609 947 1656 vll‚178.

416 1667 542 1702 τεκεῖν
577 1679 651 1715 γαρ
686 1660 736 1703 &iv
782 1664 823 1703 οἱ
851 1663 921 1703 καὶ
955 1662 1025 1711 τάς

359 1719 548 1770 προτέρας
568 1722 779 1772 γυναῖκας]
820 1722 846 1758 i.
870 1735 902 1757 e.
931 1721 1024 1758 alio-

360 1778 423 1825 qui
455 1778 542 1814 enim
570 1778 703 1827 priores
740 1779 852 1829 ipsius
898 1791 1024 1814 uxores

359 1834 429 1879 (ita
451 1832 644 1884 dicebant)
670 1834 800 1884 prolem
821 1834 1022 1871 ededzssent.

358 1889 434 1924 Ubi
455 1889 759 1930 beneValcken.
785 1898 1021 1928 contractam

357 1942 419 1980 hic
441 1947 490 1983 ait
510 1948 747 1985 locutionem
778 1961 882 1996 esse,
921 1961 1020 2018 {luae

357 2001 471 2050 plena
504 2002 556 2037 sic
595 2011 725 2042 sonet:
770 2004 805 2044 εἰ
824 2002 897 2056 γὰρ
922 2005 1017 2054 ἐνῆν

359 2055 517 2107 (nempe
534 2057 707 2127 σπέρμα
750 2059 1017 2112 παιδοποιόν)

358 2117 485 2151 τεκεῖν
517 2110 568 2152 άν
602 2115 642 2153 οἱ
667 2113 734 2153 καὶ
769 2113 838 2162 τὰς
870 2131 937 2167 πρ.
983 2131 1017 2166 y.

359 2170 507 2206 Similia
524 2169 628 2206 idem
640 2170 748 2207 affert
760 2185 809 2209 ex
824 2172 1018 2222 Aiistoph.

361 2226 464 2262 Plut.
506 2224 600 2266 427.
641 2228 753 2278 Vesp.
780 2230 898 2269 1135.
917 2230 1019 2280 qu.

362 2282 482 2323 1335.
497 2283 587 2333 Lys.
609 2284 675 2324 25.

557 2371 648 2422 cap.
671 2373 813 2409 LXIX.

414 2449 541 2489 εἰπεῖν
581 2447 656 2500 τήν
696 2445 920 2501 άληθηΐην]
966 2452 1017 2489 Et

357 2502 430 2541 hoc
452 2506 536 2543 loco
558 2513 595 2543 et
612 2507 674 2554 vl,
707 2510 760 2548 68
781 2509 863 2544 init.
886 2508 948 2543 alii
969 2503 1016 2546 οἷ-

356 2562 528 2612 ληθείην
559 2576 607 2599 ex
638 2576 682 2600 eo
704 2576 877 2610 canone,
908 2565 1015 2601 cuius

356 2616 406 2653 ad
440 2619 470 2664 Ι,
492 2616 544 2659 54
575 2619 734 2656 fecimus
762 2621 1013 2657 mentionem.

357 2673 421 2710 Sic
442 2675 505 2721 VI,
527 2676 580 2715 82
610 2676 764 2726 plurimi
791 2672 1014 2727 άτρεκηΐην,

358 2730 424 2765 ubi
445 2730 636 2769 Sancrol'ti
664 2733 758 2770 liber
791 2745 833 2770 ac
856 2734 1015 2769 Floren-

357 2787 427 2822 tin.
469 2782 688 2838 άτρεκείην.
748 2790 804 2825 De
838 2802 915 2841 quo
963 2791 1013 2825 ita

357 2845 577 2893 pronuntiat
616 2845 665 2882 H.
712 2847 836 2896 Apetz.
879 2846 1014 2897 (quein

1029 413 1079 458 ‘O
1126 416 1204 470 μὲν
1243 415 1296 472 δή
1338 419 1517 459 τοιαῦτα
1565 415 1691 470 ἔλεγε.

1033 478 1108 535 ’,Ὧι
1139 489 1239 536 παῖ,
1279 483 1370 528 ἐπεί
1398 500 1442 527 τε
1472 499 1523 539 με
1552 486 1693 539 λιτῇσι
1706 489 1751 522 50

432 631 578 671 ,,σεται
601 618 798 675 τάληθές.
840 617 901 670 ὥς
921 635 973 674 με
991 618 1176 675 ἠγάγετο
1201 618 1408 675 Ἀρίστων
1438 619 1480 670 ἐς
1508 618 1692 669 ἑωυτοῦ,

430 687 580 736 ,,νυκτὶ
610 688 731 744 τρίτῃ
771 684 859 730 ἀπὸ
900 691 975 742 τῆς
1004 686 1176 744 πρώτης
1211 683 1320 744 ἦλθέ
1349 704 1424 742 μοι
1455 685 1609 742 φάσμα
1639 687 1691 729 εἰ·

984 754 1254 810 συνευνηθὲν
1289 756 1358 807 δὲ,
1403 755 1504 805 τοὺς
1536 753 1689 810 στεφά·

1084 925 1134 962 ad
1164 927 1194 974 I,
1228 926 1281 967 54
1313 927 1530 976 citavimus,
1563 928 1630 965 ubi
1654 941 1745 978 per-

1083 996 1217 1034 peram
1236 984 1452 1034 scripsimus
1467 984 1513 1022 A.
1529 983 1745 1035 Matthiae.)

1085 1039 1134 1076 ad
1163 1041 1210 1088 H,
1242 1042 1318 1080 87:
1370 1042 1537 1088 „Nescio
1565 1054 1615 1078 an
1644 1035 1746 1092 άλη-

1085 1097 1180 1147 θείη
1195 1128 1205 1145 ,
1229 1109 1344 1148 quam
1365 1097 1515 1135 codices
1535 1097 1744 1150 iidemque,

1084 1161 1126 1190 ut
1147 1153 1233 1190 cod.
1268 1155 1327 1201 F.,
1364 1156 1530 1205 optimae
1558 1161 1674 1192 notae
1703 1155 1745 1190 in

1083 1211 1212 1246 multis
1247 1210 1340 1247 locis
1369 1219 1585 1259 servarunt,
1618 1213 1744 1248 Hero-

1084 1266 1175 1304 doto
1201 1267 1433 1304 restituenda
1460 1270 1528 1317 sit,
1557 1267 1632 1304 hoc
1665 1267 1744 1305 dis-

1084 1325 1256 1371 crimine,
1278 1331 1321 1360 ut
1341 1318 1535 1375 άληθηΐη,
1569 1325 1677 1376 quasi
1696 1320 1741 1363 το“

1084 1375 1304 1430 άληθεύειν
1334 1383 1514 1418 verztatem
1542 1380 1741 1431 significet,

1081 1433 1124 1476 τὸ
1142 1449 1162 1473 2
1164 1449 1260 1474 erum
1274 1450 1343 1474 esse
1353 1438 1633 1488 (abstractum),
1648 1432 1742 1487 άλη-

1081 1494 1178 1544 θείη
1200 1501 1330 1530 autem
1361 1492 1406 1533 το“
1445 1490 1597 1545 άληθὲς
1626 1506 1744 1532 verum

1081 1550 1374 1599 (concretum).
1444 1552 1525 1587 Eae
1554 1551 1741 1598 notiones,

1078 1619 1199 1644 verum
1220 1614 1257 1644 et
1276 1609 1407 1645 veritas
1425 1609 1574 1659 saepius
1594 1608 1742 1658 cogita-

1078 1664 1184 1700 tione
1219 1664 1529 1713 confunduntur,
1562 1677 1682 1716 quam
1700 1670 1744 1700 ut

1079 1721 1225 1757 mireris
1238 1749 1248 1768 ‚
1270 1721 1375 1773 quod
1397 1722 1503 1758 nullo
1525 1720 1743 1758 discrimine

1081 1778 1279 1814 observato
1300 1791 1322 1814 a
1354 1778 1598 1830 scriptoribus
1628 1775 1741 1814 adhi-

1079 1834 1280 1871 beantur.“
1312 1834 1424 1881 Quod
1434 1835 1638 1872 discrimen
1651 1846 1741 1885 spe-

1079 1892 1215 1928 ciosius
1230 1904 1348 1943 quam
1367 1893 1492 1930 verius
1511 1890 1608 1928 mihi
1627 1889 1740 1929 vide—

1076 1954 1151 1984 tur.
1209 1949 1342 1985 Malim
1372 1950 1413 1985 in
1443 1949 1580 1986 talibus
1599 1948 1741 1999 proba-

1075 2011 1132 2041 tos
1162 2006 1271 2056 sequi
1310 2004 1479 2053 codices,
1531 2018 1623 2042 cum
1660 2015 1738 2039 uno

1075 2060 1290 2113 eodemque
1309 2061 1426 2099 modo
1445 2064 1626 2097 Nostrum
1636 2072 1741 2096 sem-

1074 2129 1144 2166 per
1183 2129 1262 2152 esse
1293 2117 1468 2154 locutum
1502 2118 1664 2153 minime
1691 2117 1740 2153 sit

1076 2171 1270 2209 credibile.
1299 2175 1344 2210 In
1364 2187 1470 2225 seqq.
1496 2172 1545 2210 ad
1566 2168 1737 2224 ἠγάγετο

1076 2228 1178 2264 conf.
1200 2229 1262 2274 V1,
1296 2232 1350 2269 62
1375 2237 1411 2266 et
1443 2228 1491 2266 ad
1519 2229 1560 2276 ἐς
1586 2228 1738 2268 ἑωυτοῦ

1074 2291 1171 2322 nott.
1195 2284 1243 2321 ad
1262 2285 1292 2333 l,
1314 2285 1381 2326 35.

1131 2336 1275 2391 φάσμα
1303 2338 1540 2392 εἰδόμενον]
1585 2337 1734 2392 εἰδόμε-

1073 2411 1146 2436 νον
1169 2398 1212 2446 (ἰ«
1235 2411 1267 2433 e.
1291 2399 1433 2446 simile)
1471 2397 1565 2435 dixit
1586 2400 1735 2435 Home-

1072 2466 1159 2490 rum
1179 2455 1379 2505 respiciens
1399 2456 1442 2493 ΙΙ.
1464 2456 1512 2503 11,
1523 2457 1616 2495 791.
1637 2454 1733 2495 795·

1071 2511 1253 2561 Apollou.
1280 2510 1407 2549 Rhod.
1435 2513 1501 2559 ΙΠ,
1534 2513 1600 2551 72.
1629 2508 1730 2548 Add-

1072 2566 1215 2604 Herod.
1246 2568 1327 2617 V11,
1360 2569 1427 2610 56.
1485 2569 1543 2602 De
1576 2566 1731 2617 reliquis

1070 2624 1123 2660 ita
1161 2624 1337 2660 Creuzer.
1378 2623 1610 2661 Commentt.
1650 2623 1732 2658 He-

1071 2677 1181 2716 rodd.
1202 2692 1290 2730 pag.
1311 2682 1414 2720 233:
1459 2677 1560 2727 „hoc
1589 2673 1732 2729 φάσμα

1071 2738 1254 2772 continuo
1275 2732 1384 2786 ἥρως
1406 2735 1543 2773 dicitur
1571 2747 1614 2771 ac
1643 2734 1731 2774 δαί·

1073 2808 1175 2841 μονα
1207 2794 1321 2829 etiam
1342 2791 1417 2829 dici
1444 2792 1541 2828 infra
1573 2790 1730 2828 docebi-

1072 2861 1159 2885 mur
1181 2849 1328 2901 [itaque
1348 2849 1444 2885 infra
1465 2846 1490 2888 ό
1519 2845 1592 2895 δὲ,
1623 2845 1728 2900 quod
