1789 3213
369 216 456 252 AD
515 215 986 253 IIERODOTUM
1035 215 1088 261 V,
1139 216 1205 255 66.
1439 216 1523 256 799

43 330 220 368 usitatum
252 342 330 366 esse
350 324 418 379 ³³³),
450 326 553 364 unde
574 329 681 379 plura
710 326 911 379 perhibent
940 327 1098 363 nomina
1119 325 1244 374 ducta,
1275 339 1312 362 v.
1335 339 1367 362 c.
1392 324 1523 365 Γέλων

39 399 103 435 ille
123 399 396 450 Syracusarum
414 409 503 443 rex,
532 397 678 448 ipsique
706 395 747 432 hi
769 393 974 440 Γελέοντες
1003 396 1042 430 in
1073 395 1223 431 civitate
1243 393 1379 440 Attica,
1411 394 1521 440 Teia,

39 467 249 518 Cyzicena:
279 464 471 517 splendidi,
502 464 658 501 illustres
686 462 852 515 indeque
868 462 1006 510 nobiles,
1028 465 1209 513 optimates
1228 461 1422 514 iidemque
1442 461 1521 497 tere

10 525 12 529 ,
36 540 151 586 atque
182 533 223 574 οἱ
245 529 498 584 Εὐπατρίδαι
518 545 547 568 s,
570 531 611 570 οἱ
629 529 825 583 λαμπροὶ,
887 531 944 568 die
970 531 1222 579 Glcinzenden,
1263 530 1318 567 die
1368 529 1522 566 Vorneh-

35 614 124 640 men.
180 604 224 639 In
256 602 392 654 quibus
427 613 531 637 nunc
561 612 650 636 cum
671 599 859 635 Creuzero
879 599 918 634 in
941 597 1116 650 Symbol.
1136 600 1191 634 III
1210 612 1250 649 p.
1275 597 1328 638 53
1364 597 1521 648 acquie-

33 684 137 707 scere
156 670 291 721 placet,
322 681 420 721 quae
441 669 543 704 enim
564 669 636 704 alia
657 667 703 704 ab
730 667 809 703 aliis
828 664 1026 718 hucusque
1046 667 1192 717 prolata
1207 671 1313 713 sunt,
1336 677 1380 701 ea
1408 663 1520 702 valde

34 737 244 790 displicent.
301 738 381 774 Nec
411 735 623 788 quidquam
642 747 733 771 sane
757 732 937 785 impedit,
969 747 1044 786 quo
1070 735 1218 782 minus,
1259 734 1325 786 qui
1352 733 1521 783 primum

33 806 237 858 antiquitus
256 806 297 841 iu
317 805 467 841 civitate
488 804 618 840 locum
646 803 845 839 obtinuere
865 802 936 839 viri
956 803 1194 840 illustrissimi
1226 815 1268 839 ac
1284 802 1520 850 nobilissimi,

30 873 150 911 iidem
181 886 334 926 quoque
360 884 430 923 pro
450 871 707 909 sacerdotibus
729 870 1016 924 quodammodo
1046 869 1260 908 habeantur
1288 877 1521 922 gentemque

29 942 149 978 ferme
177 942 407 979 constituant
436 939 732 988 sacerdotalem3
763 940 905 992 quippe
934 952 1129 976 sacrorum
1149 952 1238 976 cura
1257 939 1348 987 illis,
1378 945 1420 975 ut
1441 950 1524 974 mos

28 1010 128 1046 iilius
154 1009 337 1060 temporis
375 1009 541 1056 ferebat,
570 1009 753 1059 permissa
777 1021 869 1060 prae
897 1009 1050 1060 reliquis
1085 1007 1242 1045 civibus.
1301 1008 1436 1058 Itaque
1465 1018 1528 1042 sa-

32 1076 203 1114 cerdotes
225 1091 273 1114 ex
293 1076 366 1114 hoc
387 1077 556 1114 tribuum
576 1076 702 1114 iudice
727 1090 793 1114 cur
822 1077 1008 1127 relegatos
1028 1076 1120 1113 velit
1140 1075 1182 1114 C.
1205 1077 1249 1113 F.
1270 1077 1528 1120 Heunannus,

25 1144 65 1182 id
86 1144 264 1198 equidem
285 1146 415 1182 miror.
474 1144 558 1182 vid.
579 1143 785 1182 Lehrbuch
805 1144 843 1182 d.
865 1142 1018 1182 Griech.
1041 1142 1316 1182 Staatsalterth.
1341 1144 1378 1189 ξ.
1401 1140 1453 1182 94
1476 1155 1516 1193 p.

29 1217 122 1263 177,
153 1214 220 1250 ubi
246 1214 381 1250 utilem
412 1225 546 1249 eorum
567 1212 741 1250 exhibuit
762 1220 1035 1264 conspectum,
1072 1225 1169 1265 quae
1192 1210 1239 1248 de
1260 1210 1317 1248 his
1344 1211 1516 1247 tribubus

0 1280 2 1282 ’
23 1282 156 1319 Atticis
177 1295 220 1318 ac
239 1282 431 1332 sigillatim
461 1279 509 1317 de
529 1281 778 1318 Geleontibus
799 1293 820 1317 a
839 1281 928 1319 viris
949 1279 1068 1317 doctis
1098 1281 1137 1316 in
1159 1279 1347 1317 diversam
1369 1285 1517 1329 partem

21 1348 214 1405 disputata
240 1356 339 1387 sunt.
399 1349 580 1387 Geleontes
609 1350 673 1386 ille
707 1348 862 1386 eosdem
896 1346 1040 1396 habet,
1087 1361 1181 1400 quos
1230 1348 1368 1385 Strabo
1408 1352 1519 1384 vocat

21 1413 241 1470 γεωργοῦς,
280 1417 484 1466 agricolas,
531 1418 686 1468 opinor,
727 1416 972 1464 Aclcersleut63
1017 1411 1219 1468 Ἐργάδεις
1250 1417 1518 1466 interpretatur

22 1486 308 1534 Handarbeiter,
340 1487 587 1523 mercenariam
616 1499 702 1536 opus
730 1485 928 1535 facientes3
976 1485 1017 1521 in
1049 1498 1125 1537 quo
1156 1497 1234 1520 non
1267 1482 1515 1530 intercedam,

20 1553 138 1592 modo
150 1555 352 1591 Geleontes
372 1555 451 1591 sive
467 1550 665 1606 γεωργούς
682 1554 913 1591 intellexeris
935 1553 1034 1589 cives
1055 1553 1332 1603 locupletiores,
1352 1551 1517 1603 quisun-

21 1621 90 1660 dos
109 1622 339 1674 possideant,
360 1623 401 1659 in
421 1622 558 1675 quibus
584 1622 650 1674 qui
670 1620 851 1659 mercede
881 1619 1062 1659 conducti
1081 1634 1178 1673 opus
1197 1620 1350 1669 faciant,
1383 1618 1516 1656 dican-

19 1697 82 1728 tur
99 1685 324 1744 Ἐργάδεις.

65 1879 101 1924 *)
131 1880 233 1915 conf.
254 1879 421 1915 Eustath.
442 1879 488 1915 ad
507 1879 645 1914 Homer.
666 1891 701 1925 p.
723 1880 802 1922 159,
821 1879 866 1914 26
882 1889 909 1912 s.
933 1878 1013 1920 120,
1032 1878 1087 1913 31.
