1870 3249
397 224 1055 263 TERPSICHORE.
1114 224 1160 261 V.

1333 223 1416 263 137

149 340 253 381 σθαι
282 332 563 391 ἀμφοτέρους
589 334 693 386 τούς
715 334 932 392 βασιλέας,
963 331 1161 389 ἐξιούσης
1190 334 1266 388 τῆς
1287 341 1414 387 στρα-

92 470 168 506 citu
194 465 380 518 ploficisci
419 462 605 512 soleret),
642 462 750 499 alteri

92 527 203 562 autem
236 524 334 572 regi,
379 523 442 573 qui
472 520 566 558 domi
583 522 748 566 maneret,

95 580 382 631 Tyndaridarum
413 590 546 629 quoque
579 576 671 613 alter
693 588 748 613 ve-

91 637 159 675 luti
185 640 298 674 custos
320 636 572 686 relinqueretur
600 636 633 670 et
658 636 749 670 tute-

89 693 178 731 laris
198 694 292 731 deus.
348 694 436 729 Duo
453 693 556 728 enim
577 702 668 727 cum
688 703 750 726 es·-

86 757 171 787 seut
207 749 476 802 Tyndaridae,
534 747 667 784 Castor
715 753 751 783 et

86 807 249 855 Pollux,
300 806 541 858 totidemque
591 804 750 842 civitatis

86 876 217 915 reges,
254 876 424 916 aequum
456 861 677 909 videbatur,
707 867 750 898 ut

89 933 226 971 regum
253 922 369 957 altero
406 920 512 958 domi
553 925 748 965 manente,

85 978 180 1014 alter
220 976 406 1015 duntaxat
435 974 749 1029 Tyndaridarum

84 1037 125 1071 in
166 1033 452 1085 expeditionem
481 1039 749 1070 assumeretur.

84 1092 153 1128 Est
173 1093 277 1128 enim
296 1089 547 1142 cogitandum
568 1088 615 1126 de
636 1090 751 1141 Tyn-

86 1147 305 1188 daridarum
325 1149 441 1198 signis
461 1149 501 1183 in
522 1147 668 1183 bellum
689 1158 750 1182 as-

84 1206 217 1242 sumtis
233 1234 243 1253 ,
294 1217 392 1257 quae
439 1202 635 1241 Plutarch.
691 1204 750 1239 De

38 1271 45 1276 ‘
85 1262 241 1302 fratern.
270 1274 391 1298 amor.
421 1275 460 1312 p.
481 1260 563 1302 478
584 1261 634 1296 A.
656 1261 751 1296 scri-

86 1318 142 1356 bit
169 1319 283 1356 fuisse
313 1319 390 1356 duo
414 1319 519 1369 ligna
539 1318 749 1369 aequaliter

87 1374 262 1413 distantia
281 1375 507 1428 duobusque
527 1375 606 1411 aliis
622 1381 748 1411 trans-

86 1433 199 1470 versis
219 1434 435 1470 coniuncta.
489 1432 563 1478 Qui
583 1430 747 1483 Tynda-

87 1488 190 1526 ridae
218 1503 248 1527 s.
268 1491 471 1537 Dioscuri,
501 1502 597 1542 quos
625 1489 747 1539 Spar-

85 1553 146 1582 tae
173 1548 235 1598 pie
265 1548 386 1584 cultos
407 1559 488 1584 esse
510 1547 577 1596 (cf.
600 1544 745 1583 Herod.

82 1603 233 1652 1X‚73)
255 1617 372 1641 nemo
385 1604 516 1652 nescit,
527 1603 640 1639 rebus
661 1603 746 1639 bel-

82 1660 161 1697 licis
189 1673 278 1697 eum
315 1674 488 1712 praeesse
507 1666 746 1711 putarentur,

84 1730 106 1753 a
123 1718 274 1767 regibus
287 1717 335 1754 ad
347 1718 491 1754 bellum
499 1717 747 1768 proficiscen-

83 1774 182 1810 tibus
202 1774 295 1811 boni
314 1775 452 1812 ominis
473 1787 607 1822 causa,
628 1775 747 1811 veluti

84 1831 316 1868 auxiliatores
349 1825 570 1868 solemniter
599 1832 747 1868 evocati

85 1888 395 1935 assumebantur,
436 1900 621 1940 regesque
645 1889 746 1939 ipsos

86 1944 195 1994 quasi
230 1944 404 1981 comitari
433 1942 746 1995 perhibebantur,

86 2001 270 2064 σωτῆρες
328 1997 509 2051 (ὄντες)
568 1997 747 2052 κάγαθοὶ

84 2051 355 2108 παραστάται,
400 2063 443 2094 ut
473 2055 576 2108 apud
615 2058 748 2094 Aelia·-

83 2125 180 2150 num
220 2113 384 2163 legimus
424 2127 445 2150 e
494 2121 608 2164 poeta
647 2116 750 2151 anti-

82 2182 160 2221 quo
180 2169 228 2207 V.
247 2171 296 2206 H.
326 2171 356 2217 I,
378 2172 454 2218 30,
482 2170 523 2207 id
538 2169 644 2223 quod
662 2185 750 2208 ma-

82 2227 188 2264 xime
208 2227 387 2264 convenit
414 2226 640 2265 Herodoteis
659 2242 748 2265 ver-

83 2283 160 2321 bis:
191 2279 291 2351 πρὸ
296 2285 370 2323 τοῦ
399 2299 476 2336 γαρ
510 2281 560 2336 ὃν)
583 2283 651 2324 καὶ
674 2279 747 2325 οὗ·

81 2355 144 2379 τοι
183 2335 400 2393 ἀμφότεροι
442 2339 646 2392 ἐπίκλητοί
673 2353 746 2392 σφι

81 2393 210 2443 ἐόντες
239 2396 419 2444 είποντο,
455 2398 522 2434 ubi
541 2397 743 2450 ἐπίκλητοι

82 2453 347 2504 intelliguntur
369 2450 570 2506 σύμμαχοι
586 2454 647 2503 (ut
661 2457 743 2504 VII,

84 2509 198 2560 203).
257 2512 356 2548 Hinc
396 2509 662 2550 dimicantibus
689 2514 744 2550 illi

83 2565 213 2604 adesse
232 2567 463 2617 putabantur
482 2570 675 2617 salutares,
701 2576 744 2607 ut

83 2630 188 2674 patet
219 2637 268 2660 ex
297 2625 468 2661 Frontin.
499 2627 528 2673 I,
562 2627 608 2665 11
646 2628 682 2672 §.
705 2629 743 2667 9.

82 2680 267 2731 Polyaen,
297 2682 326 2728 1,
355 2679 404 2721 41
431 2682 467 2726 ξ.
504 2684 539 2721 1.
560 2684 606 2730 II,
629 2684 678 2722 31
705 2685 743 2728 ξ.

81 2734 120 2775 4.
152 2737 272 2774 Cicer.
303 2739 360 2773 De
391 2745 469 2774 nat.
499 2737 604 2775 deor.
635 2740 682 2786 11,
704 2743 742 2786 2,

82 2794 146 2830 ubi
186 2792 263 2830 vid.
305 2794 432 2830 Davis.
513 2796 611 2831 Nam
644 2808 742 2847 quae

82 2849 388 2888 Hemsterlmsius
417 2851 567 2902 collegit
598 2851 645 2888 ad
663 2853 743 2890 Lu-

806 463 902 499 cian.
942 462 1119 511 Dialogg.
1159 461 1295 497 Deorr.
1326 459 1468 506 XXVI

809 522 828 559 1
853 532 942 569 pag·
965 521 1042 560 331
1068 519 1119 554 T.
1134 518 1170 552 II
1191 515 1252 553 ed.
1271 516 1358 566 Bip.
1350 543 1372 563 .,
1393 514 1471 551 buc

804 577 933 613 minus
951 576 1108 612 faciunt.
1165 572 1261 610 Inde
1285 585 1376 610 velo
1399 585 1471 608 ex·-

803 632 1048 684 plicandum,
1090 629 1195 684 quod
1222 631 1353 667 Locris
1373 630 1471 680 Epi-

806 688 996 741 zephyriis
1021 689 1221 739 Spartam,
1263 700 1354 724 cum
1375 687 1472 723 Cro—

807 748 1039 784 toniatarum
1093 746 1238 783 bellum
1277 745 1468 790 timerent,

805 804 1044 841 mittentibus
1085 802 1351 853 auxiliumque
1399 801 1469 838 sibi

805 861 1022 912 petentibus
1052 858 1231 910 Spartani
1259 857 1470 908 responde-

806 925 917 965 runt,
947 931 987 954 se
1017 918 1144 967 copias
1175 914 1281 952 haud
1302 914 1468 962 daturos,

805 974 872 1013 sed
881 976 1082 1012 Dioscuros
1102 974 1282 1010 missuros
1295 985 1386 1019 esse,
1408 979 1470 1008 te-

805 1039 862 1069 ste
893 1033 1041 1071 Zenob.
1073 1031 1182 1068 Cent.
1209 1031 1257 1078 II,
1292 1032 1358 1070 17,
1385 1030 1470 1065 Eu-

806 1087 918 1128 stath.
951 1088 1000 1125 ad
1029 1089 1187 1124 Homer.
1213 1100 1252 1137 p.
1273 1089 1369 1133 278,
1392 1089 1417 1127 6
1439 1099 1470 1126 S.

807 1148 902 1191 210,
925 1147 992 1185 30.
1050 1145 1180 1196 Atque
1205 1142 1283 1179 huc
1314 1156 1470 1195 quoque

806 1203 984 1253 pertinet,
998 1200 1102 1253 quod
1123 1201 1223 1237 infra
1242 1201 1287 1247 V,
1309 1201 1362 1240 80
1383 1213 1470 1236 me·-

806 1260 953 1296 moriae
971 1257 1168 1309 proditum
1182 1258 1368 1308 legimus:
1389 1258 1470 1293 Ae-

805 1318 952 1367 ginetas
973 1315 1171 1353 Thebanis
1191 1315 1379 1351 auxilium
1399 1327 1471 1364 pe-

804 1374 970 1411 tentibus
990 1374 1136 1410 misisse
1169 1372 1376 1416 Aeacidas,
1397 1370 1470 1407 he·-

804 1443 887 1468 roas
900 1443 1005 1478 suos3
1037 1443 1132 1482 quos
1146 1442 1238 1467 cum
1257 1429 1470 1465 imbecillos

803 1494 919 1540 atque
947 1488 1100 1524 inutiles
1133 1488 1320 1537 comperti
1347 1492 1471 1522 essent

803 1543 1001 1592 Thebani,
1042 1543 1252 1581 reddidisse
1281 1543 1468 1590 feruntur,

803 1604 898 1639 viros
919 1603 1023 1652 (non
1044 1603 1153 1653 signa
1184 1600 1369 1648 deorum)
1399 1600 1469 1637 sibi

804 1660 947 1697 auxilio
977 1660 1079 1696 mitti
1118 1659 1326 1709 cupientes.
1364 1656 1467 1694 Add.

803 1716 903 1764 VIII,
922 1718 988 1764 83,
1020 1717 1087 1753 ubi
1117 1714 1166 1753 ad
1197 1728 1372 1766 pugnam
1393 1715 1468 1752 Sa-

801 1773 1002 1810 laminiam
1010 1773 1234 1823 Aeginetica
1249 1773 1355 1809 navis
1367 1773 1468 1807 Aea-

804 1829 907 1867 cidas
945 1829 995 1867 ad
1044 1831 1232 1866 auxilium
1276 1829 1467 1879 praeben—

804 1885 899 1924 dum
919 1887 1152 1924 arcessivisse
1181 1885 1329 1922 dicitur.
1388 1887 1466 1921 Nec

802 1943 985 1993 fugerunt
1041 1943 1131 1980 talia
1190 1940 1467 1980 Wachsmuth.

803 2001 955 2037 Hellen.
983 1998 1264 2037 Alterthmnsk.
1291 2000 1339 2047 II,
1372 2003 1390 2039 1
1426 2013 1465 2050 p.

805 2056 901 2105 385,
921 2057 988 2093 ubi
1002 2055 1049 2094 de
1071 2058 1264 2108 μαντικῆς
1283 2057 1321 2093 vi
1332 2057 1371 2092 in
1383 2057 1468 2093 bel—

803 2113 894 2150 licas
925 2115 1164 2151 Graecorum
1205 2112 1469 2164 expeditiones

807 2168 1024 2221 disputans,
1054 2169 1129 2208 hoc
1158 2183 1314 2223 quoque
1343 2169 1467 2218 affert,

803 2229 922 2278 copiis
961 2226 1010 2264 ad
1048 2228 1195 2265 bellum
1243 2229 1469 2265 exeuntibus

801 2282 966 2322 heroum
995 2287 1050 2322 rei
1078 2285 1232 2322 militari
1249 2284 1466 2336 praefecto-

802 2354 888 2378 rum
908 2343 1015 2392 signa
1028 2341 1157 2379 addita
1166 2341 1300 2379 fuisse:
1323 2343 1466 2394 quippe

801 2411 899 2450 quae
919 2398 969 2436 ad
988 2412 1163 2450 pugnam
1197 2400 1353 2451 eiusque
1385 2400 1463 2435 exi-

800 2462 885 2492 tum
930 2457 1100 2493 multum
1153 2457 1279 2493 valere
1329 2457 1465 2506 opina-

801 2513 951 2554 bantur.
1011 2512 1112 2550 Add.
1153 2513 1197 2550 C.
1239 2513 1283 2549 O.
1314 2513 1465 2549 Miiller.

800 2570 892 2606 Dor.
914 2570 933 2606 I
950 2583 1040 2620 pag·
1061 2570 1163 2618 408,
1196 2570 1262 2622 qui
1284 2568 1331 2605 ad
1354 2567 1464 2605 huius

802 2627 925 2664 cultus
947 2627 1212 2678 antiquitatem
1235 2628 1272 2662 in
1295 2627 1389 2662 mira
1413 2626 1466 2662 si-

801 2696 968 2733 gnorum
1016 2682 1140 2720 forma
1193 2681 1267 2732 (de
1311 2695 1385 2734 qua
1426 2695 1465 2718 re.

801 2740 903 2777 conf.
932 2741 1060 2790 Zoega
1085 2739 1131 2776 de
1169 2740 1351 2776 Obeliscc.
1374 2751 1462 2790 pag.

801 2795 910 2844 225)
952 2797 1197 2848 conspicuam
1232 2797 1369 2832 merito
1405 2802 1464 2832 at-

801 2852 907 2890 tendi
934 2853 1049 2896 iubet,
1081 2850 1402 2905 Tyndaridasque
1424 2860 1460 2890 ut
