1834 3258
438 257 916 296 POLYMNIA.
974 256 1079 294 VII.
1303 254 1385 294 551

122 370 364 428 ἐγχειρίδια.
425 365 626 418 Πάκτυες
648 366 694 410 δὲ
713 364 902 422 ἄρχοντα
932 365 1189 420 παρείχοντο
1217 360 1389 417 Ἀρτύν-
1402 369 1449 404 60

120 455 200 494 την
238 436 316 480 τόν
349 433 627 491 Ἰθαμάτρεω.
698 433 853 479 Οὔτιοι
890 434 937 477 δὲ
965 433 1039 477 καὶ
1060 430 1214 475 Μύκοι
1242 447 1286 474 τε
1315 431 1390 475 καὶ
1447 441 1519 482 um.
1536 440 1635 481 iyiyci.
1664 440 1723 469 Pa-

122 503 392 559 Παρικοίυιοι
432 503 741 559 ἐσκευασμένοι
779 498 894 558 ἦσαν
924 499 1034 544 κατά
1063 515 1143 555 περ
1179 498 1389 550 Πάκτυες.
1447 484 1565 503 ncanu.

90 573 295 617 Ξτούτων
325 572 371 615 δὲ
401 565 538 628 ἦρχον
580 573 687 616 οἵδε.
749 569 925 614 Οὐτίων
978 569 1056 625 μὲν
1095 567 1170 610 καὶ
1199 567 1388 620 Μύκων,

115 638 377 696 Ἀρσαμένης
398 637 421 683 ὁ
452 641 671 693 Δαρείου·
704 639 994 693 Παρικανίων
1025 637 1087 689 δὲ,
1119 638 1390 693 Σιρομίτρης
1403 642 1446 676 65

0 703 49 749 39
114 705 139 752 ὁ
178 708 409 765 Οἰοβάζου.
465 706 663 765 Ἀράβιοι
692 707 738 752 δὲ
769 707 907 762 ζειρὰς
936 704 1234 761 ὑπεζωσμένοι
1263 699 1389 762 ἦσαν·

0 446 55 491 58

1449 702 1577 730 Arabes.
1599 700 1722 730 Aethio-

1448 745 1502 773 pes
1521 735 1600 765 Afri.

1451 774 1531 817 541

61 904 110 943 ad
148 907 227 955 111,
267 908 336 948 97.
375 899 481 959 ἦσαν
522 904 611 943 dedi
657 919 728 959 pro

63 962 172 1003 ἔσαν.

112 1014 334 1071 Ἀρτύντην
359 1016 430 1059 τόν
457 1014 725 1071 Ἰθαμάτρεω]

56 1070 281 1128 Ἀρτύντην
301 1077 384 1113 libri
395 1077 567 1129 plerique
583 1078 722 1128 scripti,

57 1145 153 1184 quos
181 1140 332 1170 secutus
352 1146 452 1170 sum.
511 1135 588 1170 Pro
608 1129 724 1172 Ἰθα-

57 1185 214 1242 μᾶτρεω
251 1188 473 1240 Schweigh.
504 1192 596 1227 scite
627 1203 724 1227 con-

55 1247 135 1283 iicit
170 1243 412 1298 Ἰθαμίτρεω
459 1248 545 1284 coll.
579 1246 722 1286 Herod.

25 1328 32 1333 r
56 1303 156 1352 VIII,
179 1306 260 1344 130
281 1305 411 1356 ibique
432 1311 528 1342 nott.
545 1306 614 1352 IX,
630 1307 722 1345 102.

56 1361 157 1396 Nam
186 1359 349 1398 DIiHirac
374 1374 519 1398 nomen
554 1361 602 1398 ad
633 1362 723 1398 Per-

57 1418 132 1454 sica
153 1419 325 1454 maxime
344 1420 537 1469 pertinens
557 1420 597 1455 iu
618 1416 724 1455 haud

57 1475 188 1524 paucis
211 1482 407 1526 comparet
426 1477 630 1513 Persarum
650 1489 725 1512 110-

55 1531 236 1579 minibus,
277 1533 403 1584 qualia
423 1546 460 1570 v.
481 1546 512 1570 c.
533 1539 622 1569 sunt
643 1532 726 1570 Mi-

55 1587 240 1625 thradates
250 1602 279 1626 s.
296 1588 546 1637 Mithridates,
561 1589 726 1639 Spitliri-

54 1643 181 1681 dates.-
225 1658 323 1696 quae
354 1647 462 1696 attigi
499 1646 547 1683 ad
577 1647 724 1683 Ctesiae

52 1702 175 1738 Perss.
207 1702 242 1748 ξ.
264 1702 317 1743 55
342 1716 430 1754 pag.
453 1706 548 1744 200.
607 1701 725 1753 Apud

56 1757 298 1796 Herodotum
327 1759 410 1808 Vll,
444 1762 511 1800 68.
532 1762 598 1800 79.
622 1760 724 1798 Siro-

57 1817 176 1908 {oitres
205 1823 243 1853 et
273 1816 357 1865 VII,
399 1819 467 1858 88.
506 1816 722 1856 Harmami-

74 1877 164 1909 lires.

249 1962 342 2012 Cap.
362 1963 536 2000 vam.

118 2037 288 2088 Οὔτιοι]
329 2042 387 2077 De
426 2041 524 2080 Utiis
545 2049 583 2079 et
602 2041 726 2093 M'ycis

59 2095 139 2134 dixi
160 2097 209 2134 ad
239 2099 305 2146 111,
329 2100 404 2148 933
443 2097 491 2136 de
522 2099 727 2137 Paricaniis

59 2153 108 2190 ad
126 2156 192 2202 111,
210 2156 277 2195 94.

111 2206 360 2264 Ἀρσαμένης
375 2209 579 2264 ὁΔαρείου
592 2211 610 2260 ]
625 2212 728 2259 „Mi-

56 2280 166 2316 rum,
202 2269 253 2305 ait
275 2267 542 2316 Valckenaer„
563 2270 603 2304 ni
623 2267 726 2317 huic,

57 2331 98 2360 ut
127 2325 281 2377 reliquis
310 2327 415 2362 Darii
455 2326 561 2373 filiis,
597 2326 728 2363 matris

58 2393 200 2417 nomen
260 2381 460 2420 historicus
529 2381 725 2420 adiecerit.

58 2435 166 2474 Idem
177 2438 383 2477 Plutarcho
405 2439 479 2477 dici
493 2439 644 2476 videtur
654 2440 725 2476 ali·-

59 2496 207 2544 quoties
224 2490 466 2548 Ἀριαμένης
485 2498 502 2533 I
521 2511 560 2548 p.
575 2499 654 2539 119
675 2498 726 2538 D.

58 2551 94 2587 II
114 2564 152 2602 p.
173 2551 255 2591 488
274 2554 322 2589 Ι).
381 2555 504 2590 Priori
538 2554 623 2590 loco
655 2554 724 2599 (iu

58 2608 134 2646 Vit.
176 2606 428 2646 Themistocl.
470 2609 547 2660 14)
589 2609 726 2647 dicitur

61 2659 164 2715 οἷνήρ
197 2660 353 2717 ἁγαθός
384 2661 442 2704 ὧν
465 2665 534 2704 καὶ
557 2669 638 2706 τῶν
651 2668 726 2718 βα-

60 2720 197 2768 σιλέως
231 2721 420 2771 ἀδελφῶν
452 2718 555 2761 πολὺ
594 2721 728 2774 κράτι-

64 2773 154 2824 στός
183 2793 223 2817 τε
251 2778 316 2817 καὶ
361 2774 638 2829 δικαιότατος-,-
671 2781 729 2817 al—

63 2839 143 2871 tero
171 2835 259 2872 loco
289 2835 455 2872 filiorum
494 2837 599 2872 Darii
634 2844 728 2874 natu

63 2891 266 2941 maximus,
287 2888 556 2944 πρεσβύτατος
575 2894 646 2943 τῆς
663 2908 728 2945 γε·

786 906 902 952 νεᾶς;
942 903 1009 956 qui
1034 900 1139 939 idem
1158 899 1356 939 Herodoto
1382 914 1453 938 vo—

785 969 893 999 catur
912 956 1212 1013 Ἀρταβαζοῖνης
1231 960 1313 1007 VII,
1325 962 1363 1006 2,
1385 959 1453 995 ubi

785 1017 863 1056 vid.
881 1025 976 1055 nott.
1036 1015 1116 1054 Sed
1136 1017 1219 1067 quis
1239 1017 1280 1053 in
1314 1016 1451 1053 talibus

784 1077 914 1113 omnia
959 1073 1008 1111 ad
1063 1072 1253 1124 liquidum
1292 1071 1451 1125 perduci

780 1145 890 1185 posse
912 1126 1134 1169 existimet?

983 1222 1077 1273 Cap.
1105 1220 1250 1259 LXIX.

836 1296 1023 1354 Ἀράβιοι
1054 1297 1124 1349 δὲ]
1164 1301 1223 1336 De
1259 1297 1318 1336 his
1347 1296 1450 1335 dixi-

780 1372 866 1396 mus
898 1357 947 1395 ad
975 1359 1041 1406 111,
1075 1360 1129 1399 88
1158 1357 1244 1394 coll.
1267 1357 1334 1396 97.
1353 1357 1450 1392 Lar-

782 1414 917 1453 che-rus
938 1413 1054 1452 hosce
1073 1415 1220 1451 Arabes
1239 1413 1451 1463 probabili-

780 1480 838 1510 ter
872 1480 1000 1510 censet
1026 1472 1142 1508 fuisse
1174 1470 1379 1507 Idumaeos
1400 1468 1450 1506 ad

780 1529 966 1569 Iudaeam
1004 1542 1126 1581 usque
1166 1534 1361 1578 porrectos
1407 1539 1451 1563 ac

780 1588 994 1624 Nabataeos
1010 1615 1020 1634 ‚
1044 1599 1134 1622 cum
1153 1585 1272 1622 felicis
1286 1583 1451 1620 Arabiae

780 1645 930 1681 incolae
978 1655 1180 1696 nunquam
1220 1642 1344 1678 Persis
1363 1640 1451 1677 fue-

780 1702 856 1738 rint
875 1700 1030 1738 subditi.

839 1754 967 1810 ζειροὶς
998 1753 1273 1806 ’ὑπεζωσμένοι
1314 1748 1449 1805 ἦσαν]

781 1813 1171 1867 Schweighaeuserus
1187 1825 1197 1849 :
1230 1813 1358 1860 „sagis
1373 1824 1451 1848 suc-

783 1874 912 1921 cincti,
972 1885 1060 1922 quas
1108 1872 1225 1907 zez’ras
1270 1872 1407 1906 vocant.
1423 1867 1449 1886 “

783 1931 938 1979 Lange:
984 1928 1042 1965 die
1069 1927 1206 1964 Araber
1245 1937 1361 1962 waren
1387 1925 1452 1962 mz‘t

783 1988 906 2022 weiten
956 1983 1209 2022 Oberkleidern
1256 1983 1450 2031 umgic'rtet.

783 2043 919 2078 Malim
959 2039 1162 2093 equIdem:
1214 2040 1315 2087 sagis
1350 2040 1451 2075 erant

783 2099 925 2147 induti,
955 2098 1097 2148 cingulo
1111 2095 1210 2147 infra
1229 2108 1260 2132 s.
1289 2094 1338 2132 acl
1356 2094 1446 2146 infe-

785 2158 895 2193 riores
916 2156 1066 2206 corporis
1082 2157 1205 2205 partes
1222 2151 1362 2189 adacto.
1394 2152 1453 2187 De

784 2214 903 2251 verbo
940 2205 1227 2258 ’ὑποζωννύναι
1245 2209 1348 2246 conf.
1369 2210 1453 2245 He-

784 2269 867 2308 rod.
889 2270 937 2316 11,
959 2269 1025 2316 85,
1054 2268 1122 2304 ubi
1150 2268 1249 2303 bene
1269 2267 1453 2325 Wytten-

784 2325 895 2365 bach,
916 2327 956 2362 in
973 2326 1130 2363 Selectt.
1141 2322 1292 2361 historr.
1302 2337 1341 2374 p.
1355 2321 1450 2363 355:

784 2378 1130 2433 „daogoe'vvvooai
1163 2382 1352 2429 succingi,
1381 2379 1453 2415 tria

781 2441 862 2478 fere
882 2446 1019 2477 notat:
1050 2441 1148 2477 intra
1164 2438 1322 2487 reliquas
1342 2439 1452 2473 vestes

782 2497 966 2547 cingulum
1013 2497 1152 2547 corpori
1209 2493 1451 2536 circumdare,-

782 2554 968 2605 inferiores
979 2557 1123 2604 parte-e,
1154 2551 1194 2589 id
1216 2559 1290 2599 est,
1322 2550 1454 2587 lumbos

782 2615 816 2650 ct
835 2611 1008 2663 pudenda
1031 2614 1147 2659 tegere
1178 2608 1342 2658 cingul05
1374 2606 1451 2643 lon-

781 2682 852 2719 gas
879 2672 989 2706 vestes
1015 2668 1128 2705 altius
1152 2680 1176 2703 a
1194 2665 1343 2716 pedibus
1369 2675 1451 2700 sur-

785 2739 861 2763 sum
889 2725 1057 2763 reductas
1086 2725 1225 2772 cingere
1250 2721 1300 2758 ad
1318 2719 1452 2770 facili—

785 2785 893 2820 tatem
909 2780 1103 2819 incessus.“
1163 2780 1269 2824 Quae
1299 2778 1380 2828 ipsa
1399 2777 1452 2813 si-

784 2838 980 2889 gnificatio
1028 2839 1068 2873 iu
1108 2842 1282 2872 nostrum
1321 2834 1450 2871 locum

784 2897 929 2946 optime
968 2891 1142 2946 quadrat.
1202 2891 1288 2929 Vox
1314 2887 1451 2943 ”ζειροὲ,
