1851 3181
414 180 497 223 588
814 172 1277 212 HERODOTI

414 290 560 344 „690511
608 282 738 335 αὐτὸς
776 282 977 340 βασιλεύς
1004 281 1231 338 γενέσθαις
1272 279 1325 324 σύ
1357 275 1420 325 ὧν
1455 278 1670 337 ἐθελήσεις

386 354 604 412 9,,αὐτίκα
633 352 745 408 μάλα
773 350 880 407 πρὸς
911 349 1073 407 ἄνδρας
1100 349 1204 394 δέκα
1234 349 1472 405 μάχεσθαι,·
1503 351 1577 392 καί
1604 365 1670 393 τοι

413 426 479 478 ,,εῑ
517 421 566 466 τό
604 418 830 464 πολιτικὸν
867 417 973 475 ὑμῖν
1000 423 1088 462 πᾶν
1127 418 1216 462 ἐστὶ
1243 422 1446 461 τοιοῦτον
1476 416 1574 461 οἷον
1612 416 1668 461 σύ

413 490 662 545 ,,διαιρεέις,
718 487 766 531 σε’
803 503 852 543 γε
880 487 959 531 τὸν
988 488 1142 531 κείνων
1172 486 1348 543 βασιλέα
1380 486 1532 541 πρέπει
1559 485 1672 540 πρὸς
1684 493 1727 527 15

412 559 487 612 „vd
524 555 755 612 διπλήσιον
791 554 1124 599 ἀντιτάσσεσθαι
1153 554 1264 598 κατὰ
1300 554 1466 609 νόμους
1494 553 1597 605 τοὺς
1622 552 1671 597 ’ὗ-

387 625 660 683 3,,μετε’ρους.
718 625 754 667 εἰ
780 623 866 679 γάρ
894 625 1049 668 κείνων
1069 623 1248 674 ἕκαστος
1263 622 1366 666 δέκα
1394 621 1570 677 ἀνδρῶν
1598 624 1674 678 τῆς

416 697 643 750 ,,στρατιῆς
671 695 746 748 τῆς
774 691 876 748 ἐμῆς
904 690 1106 744 άντάξιός
1136 692 1242 739 ἐστι,
1275 692 1321 735 σε
1350 690 1394 734 δέ
1423 707 1470 746 γε
1502 692 1674 746 δίζημαι

416 764 581 815 ,,εἰ’κοσι
619 759 733 805 εἶναι
773 759 996 812 ἀντάξιον·
1034 760 1108 803 καὶ
1148 758 1263 803 οὕτω
1303 758 1381 814 μὲν
1421 755 1589 814 ὀρθοῖτ’
1619 756 1674 801 ἂν

388 827 471 882 4,,ὁ
500 828 628 886 λόγος
648 829 671 873 ὁ
702 828 820 884 παροὶ
855 832 934 872 σεῦ
964 829 1200 884 εἰρημένος.
1259 828 1295 870 εἰ
1315 827 1375 879 δὲ,
1405 827 1599 870 τοιοῦτοί
1628 842 1672 869 τε
1687 833 1731 866 20

416 898 609 950 ,,ἐόντες,
652 915 726 941 και
765 897 956 953 μεγάθεα
994 899 1200 939 τοσοῦτοι
1245 892 1340 945 οἷος
1380 895 1435 938 σύ
1462 910 1504 937 τε
1529 893 1602 937 καὶ
1632 895 1676 936 οἳ

416 964 542 1020 ,,παρ’
574 965 644 1022 ἐμὲ
675 969 861 1022 φοιτῶσι
884 963 1100 1020 Ελλήνων
1129 963 1171 1013 ἐς
1199 962 1384 1019 λόγους,
1415 960 1581 1018 αυχεῖτε
1609 976 1675 1004 το·

420 1037 623 1088 ,σοῦτον,
654 1035 738 1091 ὅρα
765 1034 824 1091 μὴ
855 1032 996 1091 μάτην
1017 1031 1186 1090 κόμπος
1208 1031 1231 1076 ὁ
1257 1029 1387 1088 λόγος
1409 1031 1538 1083 οὕτος
1564 1030 1675 1086 εἷρη·

365 1255 569 1309 ἐθελήσεις
592 1257 716 1310 (quod
742 1270 831 1295 cum
861 1263 1020 1294 recentt.

365 1314 454 1352 edd.
485 1314 658 1352 dedimus
685 1328 754 1366 pro
787 1315 878 1352 olim
914 1315 1020 1364 vulg.

367 1367 609 1423 ἐθελήσαις),
628 1373 695 1410 vix
715 1385 949 1424 quemquam
959 1371 1023 1408 fu-

366 1429 455 1479 giet.
476 1451 529 1456 ——
558 1430 602 1464 Iu
623 1441 705 1480 sqq.
740 1428 788 1465 ad
808 1426 851 1468 τὸ
873 1432 1025 1468 πολιτι-

368 1482 442 1524 κόν
469 1484 547 1522 vid.
580 1485 715 1522 Matth.
749 1487 814 1522 Gr.
846 1487 911 1522 Gr.
933 1498 1023 1536 pag.

369 1543 463 1588 832,
497 1542 562 1593 qui
583 1541 686 1578 idem
705 1543 742 1587 ξ.
763 1545 845 1582 602
863 1556 899 1593 p.
916 1544 1022 1582 1206

369 1597 623 1636 consulendus
635 1599 682 1636 ob
692 1599 850 1636 voculae
861 1613 902 1649 γε
912 1611 1025 1635 usum

367 1656 409 1691 in
438 1657 613 1704 proxime
651 1657 906 1707 sequentibus.
963 1653 1027 1691 Ad

369 1712 476 1748 verbi
497 1710 681 1763 διαιρέειν
701 1725 813 1749 usum
823 1712 924 1748 conf.
944 1712 1026 1760 VII,

372 1770 423 1809 16
446 1769 482 1813 ξ.
514 1771 538 1809 3
560 1770 688 1820 ibique
710 1769 832 1805 allata.

427 1822 470 1862 σὲ
490 1824 532 1864 δέ
552 1840 594 1877 γε
607 1826 767 1876 δίζημαι
779 1825 904 1864 εἴκοσι
926 1820 1030 1863 εἶναι

371 1877 585 1930 ἀντάξιον]
617 1882 811 1919 Herodoto
832 1880 926 1918 haec
937 1881 1031 1918 scri-

370 1938 475 1974 benti
496 1939 736 1976 obversatum
748 1940 859 1975 fuisse
872 1940 1029 1975 Homer.

371 1994 416 2031 Il.
455 1995 554 2041 VIII,
594 1995 675 2036 234
715 1997 800 2034 coll.
840 1993 1030 2046 Porphyr.

373 2051 525 2095 Quaest.
536 2053 690 2088 Homer.
704 2052 756 2093 25
771 2059 898 2089 censet
911 2053 1031 2089 Wes-

372 2107 506 2157 seling.
564 2109 684 2145 Usum
703 2110 863 2146 voculae
885 2107 927 2147 ὁὲ
945 2109 1034 2145 atti-

374 2164 429 2213 git
456 2163 591 2201 Matth.
621 2166 657 2209 ξ.
691 2167 771 2205 616
802 2179 889 2216 pag.
915 2163 1033 2205 1246.

375 2220 533 2271 δίζημαι
558 2219 618 2256 hic
638 2222 758 2258 valet:
778 2222 928 2272 postulo.

431 2273 507 2332 {stuf
528 2273 580 2327 μὴ
604 2273 734 2327 μάτην
753 2275 908 2329 κόμπος
927 2275 947 2317 ὁ
968 2273 1034 2316 λό-

375 2348 444 2384 γος
462 2334 577 2379 οὗτος
607 2332 811 2383 εἰρημένος
832 2334 924 2384 εἴη]
957 2335 1033 2370 Ar-

374 2391 535 2427 ticulum
556 2388 575 2429 ὁ
601 2397 687 2426 aute
703 2389 907 2441 εἰρημένος
917 2391 1033 2439 vulgo

375 2448 577 2497 repetitum
588 2446 1034 2497 cumSoliweigh.,Gaiss.

377 2510 414 2540 et
433 2502 611 2540 Bekkero
633 2502 755 2540 delevi
784 2503 923 2540 codicis
943 2504 1035 2539 Flo-

377 2561 514 2597 remini
544 2561 780 2612 aliorumque
800 2561 1034 2599 auctoritate.

378 2617 564 2653 Voculam
585 2613 716 2668 μάτην
745 2629 824 2654 non
845 2624 925 2653 tam
947 2617 1036 2667 fru-

379 2677 454 2710 stra
475 2686 591 2725 quam
616 2673 715 2725 salso
743 2673 912 2711 indicare
941 2686 1037 2710 cou-

381 2728 505 2767 tendit
540 2729 764 2769 Larcherus.
839 2728 935 2766 Mihi
955 2730 1039 2766 ‘vix

379 2786 542 2822 multum
563 2785 714 2824 differre
733 2785 894 2826 videtur.
926 2788 1037 2823 Htuic

1076 1268 1166 1294 vero
1196 1254 1378 1293 Herodoti
1407 1255 1533 1292 locum
1563 1254 1734 1291 GsHer-

1076 1325 1209 1350 mann.
1231 1312 1279 1349 ad
1300 1311 1480 1363 Sophocl.
1511 1312 1617 1350 Aiac.
1651 1312 1736 1351 272

1080 1369 1127 1407 de
1149 1371 1332 1421 particula
1354 1366 1422 1420 μὴ,
1436 1382 1553 1421 quam
1573 1369 1610 1404 in
1623 1379 1735 1419 prae—

1078 1427 1188 1464 terito
1217 1427 1380 1477 excipiat
1408 1425 1616 1477 optativus,
1656 1429 1737 1461 tra-

1081 1491 1185 1520 ctans
1206 1485 1348 1533 attulit,
1378 1484 1418 1519 in
1450 1496 1526 1534 quo
1547 1479 1601 1534 μή
1622 1482 1738 1518 etiam

1080 1553 1170 1577 cum
1190 1542 1305 1577 verbo
1325 1540 1529 1591 praesentis
1558 1539 1740 1589 temporis

1081 1598 1254 1633 iunctum
1305 1596 1492 1646 significet
1536 1603 1578 1632 ne
1612 1595 1740 1645 fuerit,

1084 1647 1204 1704 quum
1238 1652 1429 1690 Herodoto
1464 1653 1577 1688 etiam
1615 1651 1742 1688 dicere

1083 1706 1281 1747 licuisset
1268 1707 1341 1760 ὅροι
1366 1725 1417 1760 μη
1442 1704 1571 1760 μάτην
1583 1703 1742 1756 κομπά-

1087 1778 1206 1815 σειας,
1227 1767 1305 1804 vade
1327 1779 1369 1803 ue
1386 1771 1508 1802 temere
1537 1767 1608 1802 ista
1625 1766 1742 1801 iacta-

1084 1825 1186 1860 verz's.
1226 1824 1295 1861 Cui
1316 1836 1436 1875 quum
1455 1822 1655 1858 Ehnsleius
1671 1821 1743 1858 ob-

1085 1881 1232 1918 locutus
1253 1882 1292 1917 in
1313 1879 1495 1916 Herodoti
1516 1877 1744 1927 locorefmgi

1085 1937 1200 1975 vellet
1236 1936 1278 1988 ἔῃ
1309 1937 1396 1982 (vel
1426 1936 1550 1987 potius
1595 1928 1642 1990 ᾗ)
1672 1947 1742 1985 pro

1087 1993 1160 2044 εἴη,
1189 1994 1358 2045 pluribus
1378 1994 1441 2029 ille
1459 1993 1499 2029 in
1518 1990 1594 2028 h.l.
1614 1991 1746 2043 iuqui-

1087 2051 1171 2087 sivit
1190 2053 1229 2087 in
1247 2051 1468 2102 Opuscc.III
1479 2063 1517 2100 p.
1534 2051 1612 2090 189
1633 2060 1746 2084 eum-

1089 2120 1165 2159 que
1196 2110 1274 2145 eius
1303 2120 1456 2144 sensum
1487 2118 1566 2142 esse
1595 2103 1744 2142 docuit.-

1089 2167 1123 2201 si
1141 2178 1207 2202 non
1227 2165 1356 2201 maiore
1376 2175 1479 2213 quam
1498 2166 1536 2199 tu
1557 2164 1661 2211 atque
1678 2160 1747 2198 alii

1090 2223 1323 2267 Graecorum,
1364 2233 1447 2269 quos
1481 2231 1544 2266 ego
1560 2218 1655 2264 vidi,
1688 2230 1746 2254 ro-

1091 2279 1168 2315 bore
1180 2277 1339 2328 praedz'tz'
1362 2279 1535 2326 tantopere
1557 2274 1744 2323 gloriami-

1089 2336 1150 2381 ni,
1179 2334 1287 2371 inde
1315 2346 1364 2369 ne
1392 2345 1518 2369 vana
1546 2333 1648 2368 ista
1677 2333 1746 2368 ιά-

1090 2392 1241 2427 ctatio
1267 2388 1325 2439 fu
1338 2391 1439 2426 erit.
1506 2386 1746 2424 Herodotum

1090 2446 1151 2484 hic
1171 2446 1425 2497 negligentius
1445 2445 1552 2496 loqui
1572 2442 1696 2491 addit,
1716 2442 1748 2480 si

1092 2502 1247 2555 quidem
1268 2501 1440 2553 apodosis
1456 2500 1503 2537 ad
1524 2501 1635 2537 aliam
1654 2511 1747 2550 pro-

1089 2567 1209 2597 taseos
1230 2561 1415 2596 rationem
1435 2559 1481 2595 sit
1500 2557 1746 2602 conformata,

1090 2618 1141 2653 ita
1170 2624 1212 2653 ut
1241 2616 1467 2667 particulam
1498 2610 1549 2653 ὄιν
1579 2613 1745 2664 optativo

1093 2687 1214 2725 aeque
1255 2672 1394 2709 addere
1433 2677 1547 2722 atque
1572 2671 1745 2707 omittere

1092 2731 1207 2780 possis
1221 2759 1232 2776 ‚
1272 2742 1392 2781 quum
1425 2726 1519 2764 haec
1550 2723 1743 2777 particula,

1093 2786 1276 2839 (plaudo
1268 2799 1305 2823 ιιι
1319 2781 1620 2836 priorioratIOnis
1639 2783 1743 2830 parte
