1834 3258
548 187 847 228 ERATO.
904 187 978 225 vl.

115 303 308 360 Ξφθόνῳ
339 300 411 344 καὶ
441 299 523 356 ἄγῃ
551 297 803 354 χρεώμενος.
863 297 1110 353 Κλεομένης
1146 296 1214 349 δὲ,
1242 294 1401 353 νοστή-
1456 295 1538 338 465

144 382 223 420 σας
249 366 328 411 ἀπ’
361 368 557 422 Αἰγίνης,
596 366 798 421 ἐβούλευε
827 363 905 407 τόν
933 364 1199 421 Δημάρητον
1237 348 1731 417 παῦσαι16ῗῑὲἷῐ1ῗ8ῗῶιῑιὲἷὲω

143 440 217 492 τῆς
242 436 477 490 βασιληίης,
492 432 564 476 διὰ
593 437 768 489 πρῆγμα
782 434 952 476 τοιόνδε
983 434 1182 488 ἐπίβασιν
1202 431 1244 483 ἐς
1265 431 1400 476 αὐτὸν

111 502 412 558 ὅποιεύμενος.
467 499 686 556 Ἀρίστωνι
715 500 986 559 βασιλεύοντι
1016 500 1063 544 ἐν
1090 498 1288 557 Σπάρτῃ,
1325 499 1401 544 καὶ

1317 186 1401 227 309

138 568 325 627 γήμαντι
353 573 564 624 γυναῖκας
604 568 711 619 δύο,
757 571 906 620 παῖδες
945 567 1026 612 οὐκ
1059 569 1267 624 ἐγίνοντο.
1327 568 1402 612 καὶ

138 637 193 682 οὐ
228 636 313 694 γοὶρ
345 636 681 693 συνεγινώσκετο
722 637 854 688 αὐτὸς
893 636 1063 680 τούτων
1103 635 1213 680 εἶναι
1251 638 1401 689 αἴτιος,

110 705 290 762 4γαμέει
320 706 471 761 τρίτην
498 709 709 761 γυναῖκα·
750 699 834 748 οἶδε
864 705 910 748 δὲ
939 704 1096 760 γαμέει.
1147 699 1230 747 ςΗν
1260 706 1303 748 οἱ
1332 706 1459 760 ‹pi-20

139 777 215 825 λος
254 776 343 816 τῶν
382 773 695 828 Σπαρτιητέων
735 770 866 829 ἀνὴρ,
918 777 980 829 τῷ
1017 773 1274 826 προσεκέετο
1312 778 1400 819 τῶν

139 839 283 884 ἀστῶν
311 840 492 896 μάλιστα
522 840 544 883 ὁ
571 839 791 894 Ἀρίστων.
851 840 991 897 τούτῳ
1020 844 1080 898 τῷ
1117 838 1243 895 ἀνδρὶ
1273 840 1401 897 ἐτύγ-

138 925 240 965 χανε
269 909 403 952 ἐοῦσα
432 908 543 965 γυνή
582 910 785 964 καλλίστη
821 913 975 968 μακρῷ
1003 912 1092 952 τῶν
1129 908 1176 951 ἐν
1216 907 1401 965 Σπάρτῃ

138 980 380 1032 γυναικῶν·
419 977 493 1020 καὶ
531 981 668 1021 ταῦτα
697 976 846 1031 μέντοι
882 977 1083 1032 καλλίστη
1111 975 1153 1027 ἐξ
1184 977 1456 1032 αἰσχίστης25

107 1046 362 1101 ὅγενομένη.
417 1043 572 1087 Ἐοῦσα
618 1044 703 1100 γάρ
733 1061 809 1099 μιν
851 1044 900 1087 τὸ
945 1041 1057 1092 εἶδος
1099 1043 1327 1098 φλαύρην,
1369 1042 1398 1099 ἡ

135 1112 301 1169 τροφὸς
321 1111 476 1170 αὐτῆς,
517 1109 590 1157 οἶα
620 1111 870 1169 ἀνθρώπων
898 1127 943 1156 τε
973 1110 1133 1170 ὀλβίων
1161 1110 1398 1166 θυγατέρα,

137 1306 205 1348 καὶ
248 1305 324 1363 ὂίγῃ
358 1303 605 1359 χρεώμενος]
657 1305 738 1363 ἄγῃ

36 1371 43 1376 ”
80 1366 197 1416 vulgo
225 1366 411 1403 reddunt:
451 1365 610 1414 invidia,
637 1366 739 1410 odio,-

51 1415 289 1459 ’Larcherus
310 1421 457 1459 reddit:
474 1422 643 1470 jalousie.
673 1423 740 1459 Tu

79 1477 158 1517 vid.
175 1479 337 1516 Suidam
355 1480 372 1515 I
391 1493 429 1529 p.
444 1482 497 1519 27
519 1486 632 1530 atque
642 1480 741 1530 Ety-

78 1536 170 1574 mol.
192 1549 230 1586 p.
259 1538 283 1576 9
313 1549 342 1572 s.
364 1548 451 1586 pag.
473 1538 497 1576 8
516 1537 620 1586 Lips.
654 1536 742 1572 Vox

79 1593 295 1640 Homerica,
318 1591 365 1628 de
386 1591 461 1643 quit
488 1599 574 1642 post
602 1590 738 1629 Valck.

79 1648 257 1688 Creuzer.
282 1649 544 1698 (Commentt.
567 1647 737 1685 Herodd.

79 1718 118 1756 p.
139 1705 240 1753 225)
280 1706 460 1757 Apollon.
493 1704 589 1742 Lex'.
619 1707 736 1744 Hom.

79 1775 120 1813 p.
154 1764 202 1801 l7
223 1762 326 1801 Toll.
347 1774 435 1812 pag.
469 1764 511 1807 6,
554 1760 738 1800 Huschke

79 1819 120 1854 in
128 1816 309 1854 Matthiae
321 1819 483 1855 conferri
495 1819 576 1856 vult
585 1819 739 1856 Miscel—

80 1875 157 1911 lau.
178 1872 325 1924 philoll.
347 1887 435 1925 pag.
453 1873 520 1915 35.

138 1951 322 2003 ἐπίβασιν
350 1951 388 1998 ἒς
408 1948 533 1992 αὐτὸν
551 1949 736 2004 ποιεύμε·

81 2009 178 2057 νος]
208 2010 234 2047 i.
257 2023 290 2048 e.
320 2009 399 2047 hinc
421 2021 544 2046 ansam
561 2012 737 2060 arripiens

82 2068 203 2102 contra
241 2067 355 2116 ipsum
391 2065 540 2115 agendi,
590 2065 736 2102 aditum

80 2122 152 2158 sibi
190 2134 326 2172 parans
362 2122 410 2159 ad
442 2123 553 2159 illum
575 2136 736 2159 munere

81 2179 186 2228 regio
206 2177 449 2228 privandum.
488 2181 621 2231 Neque
633 2180 736 2216 enim

41 2247 57 2265 ο
82 2235 132 2271 ob
158 2235 306 2273 Polluc.
336 2236 385 2283 ΙΙ,
405 2239 488 2278 200
518 2234 565 2272 de
588 2237 735 2273 actione.

83 2303 172 2342 quae
207 2292 402 2329 intenditur
419 2294 457 2330 in
484 2293 736 2329 Demaratum

82 2348 270 2397 cogitem,
318 2362 390 2385 nec
428 2349 549 2399 magis
599 2350 736 2400 placet,

84 2402 189 2456 quod
223 2402 442 2454 Schweigh.
471 2405 655 2456 praefert,
694 2412 738 2443 ut

86 2460 269 2510 ἐπίβασιν
306 2461 561 2512 intelligamus
579 2461 739 2513 fundum

82 2530 112 2555 s.
136 2515 430 2567 fundamentum,
470 2520 529 2556 cui
553 2531 632 2568 quis
652 2521 741 2558 insi-

84 2574 168 2621 stit,
205 2573 351 2623 indeque
379 2578 644 2623 argumentum,
674 2589 741 2626 quo

90 2632 168 2681 quis
205 2631 355 2678 nititur,
393 2637 436 2667 ut
468 2631 564 2667 infra
591 2633 655 2679 VI,
687 2631 741 2674 65

89 2682 359 2738 ἐπιβατεύειν,
391 2693 428 2724 et
453 2686 555 2738 apud
574 2688 739 2739 Appiau.

87 2744 135 2780 B.
164 2743 205 2783 C.
234 2744 266 2791 Ι,
303 2745 355 2783 67
385 2742 578 2794 ἐπίβασις.
602 2767 651 2772 —
682 2746 741 2781 De

88 2799 263 2837 Aristone
283 2798 383 2838 conf.
403 2802 433 2849 1,
454 2802 506 2842 67
528 2806 564 2838 et
584 2799 633 2839 ad
652 2814 740 2839 ver-

796 1310 845 1347 ba
867 1305 917 1349 ov'
939 1305 1014 1362 γὰρ
1042 1304 1349 1360 συνεγινώσκετο
1366 1322 1400 1346 κ.
1423 1322 1454 1346 τ.

795 1369 829 1406 λ.
858 1366 1041 1404 Matthiae
1061 1367 1127 1403 Gr.
1150 1366 1216 1402 Gr.
1231 1378 1318 1416 pag.
1335 1366 1457 1405 1079.

796 1425 891 1461 Mox
918 1419 1072 1462 τούτων
1099 1421 1191 1459 dedi
1209 1435 1277 1472 pro
1298 1416 1455 1468 τούτου,

797 1481 899 1517 libris
925 1482 976 1517 sic
998 1479 1229 1519 iubentibus.
1284 1476 1456 1515 Bekker.
1482 1498 1486 1503 ·

796 1532 939 1576 τούτου
971 1535 1089 1575 dedit.

850 1606 909 1657 τῷ
945 1601 1177 1656 προσεκέετο
1210 1604 1292 1642 τῶν
1322 1597 1455 1641 οἰστῶν

795 1658 989 1712 μάλιστα]
1022 1661 1047 1699 i.
1071 1674 1104 1697 e.
1134 1661 1193 1697 cui
1220 1660 1370 1696 maxime
1392 1658 1455 1695 de-

795 1718 892 1755 clitus
908 1717 987 1768 fuit
1001 1747 1012 1764 ‚
1047 1730 1190 1766 quocum
1211 1717 1359 1753 omnium
1379 1728 1454 1751 ma-

793 1777 886 1812 xime
909 1776 1112 1811 coniunctus
1122 1772 1210 1823 fait.
1258 1773 1316 1808 De
1336 1772 1453 1809 verbo

793 1834 1058 1884 προσκεῖσθαι
1080 1830 1235 1866 cf.n0tt.
1250 1827 1338 1875 adl,
1358 1829 1452 1867 133.

850 1896 919 1937 καὶ
955 1899 1079 1937 ταῦτα
1113 1895 1246 1948 μέντοι
1267 1893 1453 1944 καλλίστη

794 1953 833 2002 ἐξ
849 1954 1047 2005 αἰσχίστης
1061 1951 1273 2006 γενομένη]
1304 1950 1452 1989 Eadem

794 2010 841 2048 de
862 2025 901 2047 re
920 2012 1082 2048 Pausan.
1104 2011 1169 2058 ΙΙΙ,
1190 2012 1215 2049 7
1237 2010 1274 2054 §.
1294 2011 1318 2049 7
1338 2015 1453 2059 atque

794 2066 924 2105 Schol.
956 2065 1148 2118 Aristoph‚
1185 2066 1298 2115 Vesp.
1331 2065 1452 2104 1071.

794 2125 1030 2170 Quibuscum
1050 2122 1325 2173 comparanda,
1363 2133 1453 2157 mo-

792 2187 908 2218 nente
930 2180 997 2219 Cr.
1026 2181 1066 2217 in
1098 2180 1330 2217 Commentt.
1371 2179 1452 2213 He-

791 2236 902 2276 rodd.
932 2250 1020 2288 pag.
1051 2235 1147 2285 249,
1178 2248 1276 2288 quae
1297 2233 1344 2271 de
1372 2235 1451 2270 La-

791 2295 895 2342 mia,
929 2307 1047 2346 quam
1074 2293 1230 2330 Iunonis
1257 2289 1453 2328 iracundia

794 2364 844 2388 ex
867 2351 999 2402 pulcra
1027 2350 1197 2387 foemina
1228 2348 1269 2385 in
1298 2346 1452 2384 foedam

794 2414 1048 2454 converterat,
1070 2412 1199 2444 narrat
1219 2403 1350 2442 Schol.
1361 2404 1452 2440 Ari-

793 2463 877 2503 stid.
910 2477 998 2515 pag.
1028 2465 1079 2504 18
1112 2461 1318 2499 Frommel.
1367 2460 1451 2505 Quo

796 2520 933 2558 eodem
947 2525 1135 2557 monente
1165 2518 1234 2556 Cr.
1267 2515 1451 2554 Herodoti

796 2578 952 2627 vestigia
962 2577 1095 2627 legisse
1107 2571 1452 2614 videturlamblich.

797 2635 839 2671 in
877 2633 1091 2686 Babylonn.
1130 2630 1232 2682 apud
1268 2629 1450 2667 Photium

798 2689 883 2730 cod.
906 2690 958 2731 94
973 2704 1011 2741 p.
1038 2690 1116 2730 132
1134 2700 1214 2739 seq·

853 2742 919 2786 οἷα
957 2741 1190 2796 ἀνθρώπων
1239 2755 1279 2781 τε
1307 2735 1451 2792 ὀλβίων

796 2800 1016 2856 θυγατέρα]
1037 2802 1135 2838 Cum
1150 2799 1308 2850 Spartae
1324 2797 1452 2837 omni-

1455 417 1545 450 longe
1576 412 1731 442 formosis-

1460 450 1575 482 simam,
1596 450 1698 482 (quem

1456 483 1550 512 faciei
1576 481 1715 508 decorem

1455 516 1565 544 infanti
1584 515 1652 542 olim
1670 513 1731 540 He-

1458 551 1549 578 lenae
1567 557 1586 576 a.
1613 547 1732 576 nutrice

1459 586 1602 622 exoratae
1622 589 1731 610 numen

1459 617 1663 654 impertierat)
