1870 3249
3 696 68 741 22

374 160 1025 217 TERPSICHORE.
1086 176 1131 213 v.

1340 177 1395 216 33

129 291 311 347 ἐγίνετο’
361 290 435 332 καί
483 300 619 341 σφεας
653 283 932 339 Ἀλέξανδρος
980 283 1192 340 κατέλαβε
1244 285 1394 340 σοφίῃ,

126 355 321 415 χρήματά
351 372 394 400 τε
424 355 533 406 δούς
562 353 725 406 πολλοὶ,
757 354 829 397 καὶ
855 352 935 409 τὴν
966 352 1134 396 ἑωυτοῦ
1164 350 1394 408 ἀδελφεὴν,

128 429 182 481 τῇ
211 424 381 480 οὔνομα
410 419 465 481 ἦν
501 424 695 478 Γυγαίη·
750 420 858 473 δούς
895 421 940 464 δὲ
969 426 1107 464 ταῦτα
1137 420 1344 475 κατέλαβε
1372 417 1395 463 ὁ

121 491 396 548 Ἀλέξανδρος
436 491 667 548 Βουβάρῃ,
706 486 838 542 ἀνδρὶ
884 489 1050 546 Πέρσῃ,
1101 491 1189 532 τῶν
1238 487 1452 543 διζημέ-95

98 567 222 604 δνων
251 559 352 612 τούς
390 559 691 615 ἀπολομένους
734 561 796 617 τῷ
836 561 1076 616 στρατηγῷ.
1128 556 1152 600 ὁ
1193 555 1274 612 μέν
1312 571 1397 598 νυν

125 631 213 671 τῶν
243 627 451 683 Περσέων
479 626 651 670 τούτων
678 625 874 677 θάνατος
921 625 1039 669 οὕτω
1070 624 1397 680 καταλαμφθεὶς

126 696 321 753 ἐσιγήθη.
367 695 583 752 ’Έλληνας
610 695 656 738 δὲ
687 691 799 737 εἶναι
827 692 1013 745 τούτους
1038 692 1143 744 τοὺς
1172 691 1256 737 ἀπὸ
1284 696 1394 747 Περ-

123 767 278 808 δίκκεω
314 762 570 820 γεγονότας,
611 762 721 806 κατά
751 779 831 817 περ
864 762 991 806 αὐτοὶ
1019 762 1217 818 λέγουσι,
1260 761 1393 813 αὐτός

123 848 168 876 τε
199 831 314 876 οὕτω
345 831 544 888 τυγχάνω
576 829 881 886 ἐπιστάμενος,
913 831 986 875 καὶ
1017 830 1070 887 δὴ
1101 830 1175 874 καὶ
1205 831 1251 874 ἐν
1280 835 1395 873 τοῖσι

123 900 280 944 ὄπισθε
311 900 480 957 λόγοισι
511 899 704 952 ἀποδέξω
736 898 796 950 ὥς
826 898 1148 955 εἰσι”Ελληνες·
1194 896 1303 952 πρὸς
1334 896 1392 946 δὲ,

124 968 197 1012 καὶ
226 970 270 1012 οἱ
297 968 376 1012 τὸν
405 969 452 1013 ἐν
477 968 692 1025 Ὀλυμπίῃ
724 966 946 1019 διέποντες
985 965 1135 1023 ἀγῶνα
1169 964 1421 1022 Ἑλλήνων1

95 1036 244 1080 Ξοῦτω
284 1037 480 1094 ἔγνωσαν
526 1035 647 1079 εἶναι.

709 1034 996 1090 Ἀλεξάνδρου
1036 1033 1120 1090 γὰρ
1170 1031 1397 1078 ἀεθλεύειν

1451 688 1657 717 Macedonum
1679 696 1726 717 re-

1451 732 1506 759 ges
1523 724 1664 751 Graecae

1451 758 1554 792 stirpis
1581 757 1715 792 Argivae

1452 800 1512 828 que
1537 791 1701 828 prosapiae

123 1105 359 1162 ἑλομένου,
386 1105 459 1149 καὶ
489 1103 759 1161 καταβάντος
789 1101 859 1148 ἐπ’
900 1101 1007 1147 αὐτὸ
1049 1105 1202 1154 τοῦτο,
1247 1103 1290 1144 οἱ
1319 1100 1391 1145 ἄν·
1451 1104 1532 1144 382

36 1267 43 1272 ‘
67 1266 143 1305 vid.
178 1268 362 1306 Abresch.
392 1267 584 1306 Dilucidd.
616 1268 732 1306 Thu-

68 1323 182 1375 cydd.
199 1339 239 1376 p,
262 1327 343 1368 509
363 1333 399 1363 et
411 1333 507 1363 nott.
527 1325 650 1373 adIII,
663 1329 730 1367 36.

66 1382 126 1418 De
155 1395 249 1419 voce
280 1383 403 1434 σοφίη
438 1383 540 1420 conf.
571 1384 649 1420 citt.
681 1381 730 1420 ad

67 1438 112 1486 V,
138 1440 196 1478 18.

124 1492 220 1542 ὃοῦς
250 1492 292 1533 δὲ
319 1497 442 1534 ταῦτα
477 1493 664 1546 κατέλαβε
691 1510 726 1534 κ.

66 1566 97 1588 τ.
116 1552 175 1600 λ.]
206 1554 330 1590 ταῦτα
360 1551 409 1588 ad
436 1553 644 1603 pecuniam
663 1565 729 1588 so-

65 1620 270 1660 roremque
302 1609 419 1656 refer3
462 1621 632 1660 namque
659 1621 728 1645 co—

66 1663 189 1702 hibuit
208 1666 290 1703 illos
310 1665 531 1703 Alexander
557 1679 729 1703 sororem

66 1734 145 1758 una
175 1736 266 1759 cum
294 1724 466 1773 pecuniis
486 1723 629 1759 Bubari
649 1729 730 1759 tra-

67 1777 161 1816 dens
182 1778 250 1829 (in
268 1779 602 1830 matrimonium),
633 1781 731 1816 Per-

67 1848 130 1872 sae
150 1837 243 1883 viro,
265 1835 354 1873 duci
374 1850 522 1884 eorum,
545 1838 612 1888 qui
622 1850 731 1873 mor-

69 1897 154 1928 tuos
187 1894 321 1929 Persas
360 1897 563 1943 quaererent
602 1906 632 1929 s.
670 1895 734 1943 qui

69 1949 170 1985 missi
186 1952 284 1986 erant
303 1949 351 1985 ad
362 1949 490 1986 Persas
507 1949 732 1998 inquirendos

69 2007 228 2042 mortuos.
268 2006 344 2041 Ubi
362 2006 574 2056 recepimus
596 2018 616 2041 e
638 2005 731 2042 Val-

70 2059 184 2098 cken.
223 2061 492 2099 emendatione
524 2064 731 2114 στρατηγῷ

68 2131 138 2169 pro
170 2121 407 2170 στρατηγῶν.
468 2120 526 2155 Ita
547 2120 729 2155 eniqu-

69 2176 188 2212 stinus
199 2175 281 2222 Vll,
296 2177 342 2215 3:
375 2176 631 2226 „Megabazus
642 2188 733 2212 etun

68 2232 183 2282 legati
221 2245 301 2268 non
331 2231 518 2280 redirent,
548 2234 660 2269 mittit
694 2245 733 2269 eo

71 2301 148 2326 cum
188 2290 360 2326 exercitus
393 2293 498 2340 parte
541 2287 730 2336 Bubarem,

68 2345 162 2382 utin
172 2345 317 2382 bellum
326 2346 437 2382 facile
449 2353 485 2382 et
496 2345 729 2382 mediocre.“

70 2401 182 2447 Quod
202 2404 234 2439 si
252 2415 342 2439 cum
355 2401 547 2439 Larchero
568 2404 731 2439 retinere

68 2459 161 2496 velis
187 2461 268 2498 τῶν
301 2461 548 2512 στρατηγῶν,
595 2473 729 2496 sensus

74 2517 162 2553 erit:
207 2517 303 2563 „uni
331 2529 374 2553 ex
399 2518 446 2554 iis
474 2516 639 2564 ducibus,
672 2517 734 2567 qui

74 2572 122 2609 ad
152 2571 352 2622 interfectos
382 2573 595 2624 quaerendos
630 2576 732 2610 erant

69 2631 177 2666 missi.
257 2630 363 2665 Beue
407 2630 634 2666 vernaculus
669 2631 733 2666 in-

71 2693 238 2736 terpres:
268 2685 392 2733 „Dem
426 2686 592 2724 Obersten
622 2686 731 2732 deror,

71 2742 197 2779 welche
242 2742 299 2779 die
344 2741 614 2791 Er-schlagenen
646 2742 731 2793 aus-

71 2799 255 2836 suchtenf‘
284 2820 340 2827 —
389 2800 448 2836 De
478 2798 641 2848 Bebase,
665 2801 730 2851 qui

128 2857 349 2893 Hssnonor.
370 2856 437 2893 111.

789 1268 989 1319 Megabazi
1002 1274 1081 1304 erat
1095 1266 1208 1317 filius,
1220 1266 1286 1305 vid
1307 1266 1451 1304 Herod.

787 1326 869 1373 VII,
892 1329 969 1372 213
1001 1324 1048 1362 de
1069 1325 1221 1374 Gygaea
1240 1323 1452 1362 Alexandri

787 1396 916 1420 sorore
938 1382 1038 1419 cons.
1061 1382 1161 1429 VIII,
1187 1384 1280 1423 136.

995 1473 1088 1523 Cap.
1111 1472 1237 1508 XXII.

842 1551 909 1591 καὶ
931 1550 973 1591 ἐν
985 1554 1088 1590 τοῖσι
1108 1548 1255 1591 ὄπισθε
1276 1545 1448 1601 λόγοισι]

783 1609 951 1660 Respicit
973 1608 1022 1646 ad
1044 1621 1100 1657 ea,
1124 1621 1221 1660 quae
1242 1608 1343 1655 VIII,
1370 1609 1449 1648 137

787 1673 1025 1703 enarrantur.
1113 1664 1264 1701 Eadem
1306 1663 1451 1702 citandi

784 1724 951 1761 formula
979 1721 1082 1773 apud
1111 1724 1294 1759 Nostrum
1321 1723 1351 1769 Ι,
1383 1720 1453 1762 75.

788 1784 883 1822 106.
917 1782 965 1827 ΙΙ,
998 1782 1064 1821 38.
1104 1780 1150 1826 V,
1181 1781 1249 1819 37.
1279 1779 1361 1825 Vn,
1383 1779 1452 1817 93.

786 1839 883 1878 213.
923 1837 1028 1873 Alias
1049 1833 1273 1872 huiusmodi
1299 1835 1453 1870 sormu-

788 1893 856 1939 las,
884 1893 1022 1944 quibus
1044 1893 1204 1942 scriptor
1223 1890 1272 1927 ad
1293 1897 1452 1927 antece-

789 1947 918 1985 dentia
938 1955 1004 1985 aut
1024 1947 1072 1984 ad
1092 1949 1289 1999 sequentia
1304 1960 1374 1984 nos
1389 1960 1453 1983 re-

787 2006 924 2052 mittit,
957 2005 1110 2055 collegit
1128 2006 1272 2055 Iaeger.
1293 2005 1450 2041 Dissert.

785 2061 956 2098 Herodd.
977 2076 1015 2113 p.
1041 2064 1105 2102 10.
1122 2064 1185 2109 11,
1216 2067 1451 2098 monstratu-

789 2131 851 2155 rus
863 2118 1050 2155 Herodoti
1071 2119 1200 2154 animo
1220 2119 1260 2154 in
1277 2116 1451 2155 conden-

790 2174 839 2212 do
860 2173 980 2212 hocce
1002 2187 1117 2226 opere
1139 2181 1283 2211 certam
1313 2173 1452 2211 defini-

787 2238 946 2284 tamque
967 2245 1046 2270 esse
1058 2232 1297 2269 obversatam
1307 2230 1451 2268 descri-

787 2291 980 2340 ptionem,
1022 2295 1170 2326 certum
1191 2288 1366 2325 ordinem
1386 2301 1450 2324 re-

787 2359 952 2398 rumque
982 2347 1139 2393 seriem‚
1189 2358 1279 2382 cum
1308 2345 1452 2397 ubique

788 2404 1041 2454 respiciantur
1080 2409 1227 2439 ceterae
1259 2404 1452 2439 narratio-

786 2461 845 2496 nis
864 2467 1008 2511 partes,
1040 2466 1102 2507 ut,
1135 2460 1217 2511 quis
1238 2460 1376 2511 cuique
1396 2458 1452 2494 rei

787 2517 893 2554 locus
909 2518 976 2565 sit,
1011 2515 1297 2566 diligentissime
1319 2514 1454 2552 distin-

788 2581 939 2624 guatur.
970 2595 1026 2601 —
1065 2573 1187 2609 Paulo
1208 2579 1296 2609 ante
1317 2585 1337 2608 e
1359 2572 1450 2629 Flo—-

789 2631 939 2668 rentino
957 2643 1047 2667 cum
1067 2636 1225 2666 recentt.
1248 2629 1374 2678 recepi
1398 2630 1448 2666 εἰ-

788 2702 855 2726 ναι
882 2682 1049 2733 τούτους
1067 2699 1136 2737 pro
1156 2682 1319 2731 τούτους
1334 2680 1451 2723 εἶναι.

843 2742 912 2782 καὶ
935 2743 977 2783 οἰ
995 2741 1062 2782 τὸν
1084 2742 1126 2782 ἕν
1150 2737 1343 2794 Ὀλυμπίῃ
1374 2739 1449 2779 διέ-

786 2815 930 2847 ποντες
952 2795 1090 2852 οἷγῶνα
1108 2794 1335 2849 Ἑλλήνων]
1367 2797 1450 2834 Ab·
