1834 3258
403 286 875 327 POLYMNIA.

101 416 161 451 ως
178 399 387 453 Ελληνες.

101 467 148 511 δὲ
182 463 373 509 Ἰωνικὸν
410 463 573 521 ἐκλήθη
613 481 722 507 κατα
766 463 845 507 τόν
880 462 1015 507 αὐτὸν
1050 462 1184 519 λόγον
1212 464 1284 507 καὶ
1315 481 1337 507 ο

71 531 470 583 Ξδυωδεκαπόλιες’
470 532 628 584 Ἰωνες,
661 533 705 575 οἱ
724 529 807 575 ἀπ’.
820 531 1052 588 Ἀθηνέων.

96 601 305 659 ἑξήκοντα
347 600 449 651 νέας
486 601 761 656 παρείχοντο,
784 600 1091 655 ἐσκευασμένοι
1119 615 1164 641 τε
1194 597 1250 650 ὡς
1264 597 1356 642 “Ea-
1370 606 1392 640 2

95 673 235 726 ληυες,
255 666 804 723 καὶτὸπάλαικαλεόμενοι
817 667 1046 723 Πελασγοὶ,
1074 665 1132 717 ὥς
1147 666 1363 724 Ἑλλήνων
1418 697 1489 717 „um
1512 673 1694 729 „015quoe

69 736 245 794 Βλόγος
260 735 589 793 Ἑλλησπόντιοι
607 737 665 790 δε,
678 736 789 792 πλην
801 734 1064 792 Ἀβυδηνῶν
1089 731 1324 791 Ἀβυδηνοῑ
1317 746 1365 778 σι

936 286 1034 324 VII.
1283 287 1366 326 577

447 397 520 440 καὶ
551 400 679 440 τοῦτο
703 395 983 478 Πελασγικὸνι
1000 396 1142 447 ε’θνος,
1174 394 1359 451 ὕστερον
1416 393 1697 468 ξῦζὲξίᾟῖξέἰῑωῌξῗ·

1343 465 1358 507 ἱ
1413 461 1560 499 lespontii
1590 471 1679 499 prae-

1417 501 1466 524 ter
1485 497 1549 533 Aby

1426 535 1508 577 548

1422 587 1529 628 quibus
1556 588 1698 615 custodia

1422 622 1561 656 pontium
1579 621 1678 649 credi-

1418 661 1468 683 ῑῑι·
1488 664 1606 690 omnes,

1114 532 1290 582 Αἰολέες
1323 531 1369 575 δὲ

94 802 175 862 γὰρ
197 805 512 860 προσετέτακτο
544 804 590 847 έκ
620 803 833 860 βασιλέος,
863 803 973 846 navo}
999 801 1147 858 χώρην
1168 800 1360 856 μένουσι,
1371 808 1392 843 5

95 872 298 930 φύλακας
324 870 437 916 εἶναι
467 875 556 916 τῶν
590 872 848 927 γεφυρέων·
881 872 925 914 οἱ
958 871 1003 915 δὲ
1033 870 1180 914 λοιποὶ
1209 869 1256 912 ἐκ
1285 873 1367 914 τοῦ

93 939 276 985 Πόντου
308 940 658 996 στρατευόμενοι,
687 940 943 995 παρείχοντο
966 939 1046 996 μὲν
1069 937 1225 982 έκατόν
1243 938 1361 990 νέας,

92 1009 401 1065 ἐσκευασμένοι
431 1011 476 1053 δὲ
495 1004 608 1065 ἦσαν
639 1007 699 1059 ὣς
715 1007 930 1064 Έλληνες.
966 1009 1092 1052 οὑτοι
1115 1007 1175 1060 δε,
1201 1004 1361 1050 Ἰώνων

91 1077 166 1121 καὶ
193 1077 404 1133 Δωριέων
435 1075 625 1120 ἄποικοι.
629 1097 634 1118 ι

171 1143 458 1201 Ἐπεβάτευον
497 1144 544 1189 δὲ
585 1144 653 1190 ἐπὶ
686 1143 862 1188 πασέων
907 1145 997 1187 τῶν
1027 1145 1143 1186 νεῶν
1176 1141 1358 1199 Πέρσαι,

32 1324 131 1359 inus.
170 1320 232 1357 Ex
253 1332 330 1372 quo
352 1318 490 1357 eodem
509 1318 696 1357 Herodoti

31 1376 117 1414 loco
137 1377 224 1414 coll.
243 1377 308 1425 VI,
330 1375 384 1417 49
405 1376 596 1425 discimus,
625 1375 694 1414 has

31 1431 174 1471 insulas
192 1435 306 1471 Dario
336 1446 478 1485 aquam
497 1441 534 1471 et
552 1442 695 1472 terram

31 1491 178 1540 petenti
206 1491 386 1541 paruisse.
451 1491 603 1528 Ionicae
636 1498 695 1528 at-

34 1557 109 1597 que
119 1546 266 1583 Atticae
287 1548 408 1597 stirpis
428 1545 568 1584 hanun
586 1548 696 1585 insu-

32 1601 158 1638 larum
185 1602 329 1640 incolas
358 1604 472 1640 fuisse
502 1611 606 1654 patet
646 1618 695 1642 ex

31 1658 132 1707 VIH,
152 1658 218 1699 46.
239 1658 306 1699 48.
365 1660 430 1696 Tu
455 1660 554 1698 conf.
579 1662 694 1697 etiam

32 1714 81 1752 ad
101 1728 208 1769 seqq.
253 1715 605 1755 Raoul-Roohette
625 1718 694 1753 Hi-

29 1773 132 1814 stoir.
174 1772 222 1809 de
259 1773 450 1812 l’etabliss.
490 1773 528 1814 d.
564 1775 691 1812 colon.

29 1829 140 1868 Grec.
161 1831 216 1867 ΠΙ
235 1843 274 1881 p.
296 1832 363 1871 79.

83 1885 152 1926 καὶ
182 1886 223 1926 οἵ
258 1882 603 1935 δυωδεκαπόλιες]
634 1888 690 1924 Ita

29 1955 119 1979 oum
147 1942 265 1980 Schw
268 1942 367 1994 eigh.
407 1950 444 1980 et
473 1943 589 1980 Gaisf.
627 1956 691 1979 re-

27 2000 223 2049 posuimus
242 2014 311 2051 pro
302 1974 431 2050 0vulg.
450 2015 492 2039 αι
509 1995 691 2039 δυωδεκα

26 2050 186 2103 πόλιες,
232 2070 309 2107 qua
345 2058 483 2094 merito
525 2055 690 2093 offensus

27 2110 324 2150 Valckeuaerius
359 2114 530 2163 primum
577 2126 689 2150 voces

27 2181 146 2236 seqql,
155 2170 207 2206 ita
227 2170 405 2207 constitui
423 2170 568 2207 voluit:
589 2166 690 2208 ''Ico-

26 2239 93 2273 νες
122 2221 238 2266 ὅσοι
270 2226 357 2278 (pro
381 2226 446 2277 οἵ)
478 2220 546 2265 ἀπ’
565 2221 689 2277 Ἀθη-

27 2281 142 2322 νέων;
165 2281 266 2321 Iones
277 2287 360 2321 sunt
373 2286 567 2334 quicunque
577 2283 688 2320 Athe-

25 2341 82 2376 nis
101 2342 270 2389 orzginem
298 2341 465 2389 trahunt,
511 2347 554 2377 ut
583 2339 686 2391 apud

25 2396 210 2434 Herodot.
237 2399 268 2446 Ι,
303 2396 404 2446 147,
394 2410 404 2419 ·
435 2396 573 2435 deinde
595 2410 684 2434 vero

25 2449 94 2490 has
106 2451 260 2490 easdem
279 2467 404 2501 voces,
415 2455 545 2491 male
534 2468 576 2491 m
596 2460 685 2491 ’tex-

23 2514 109 2546 tum
143 2515 342 2560 assumfas,
383 2511 563 2548 delendas
592 2524 686 2548 cen-

23 2567 121 2604 suit:
150 2567 190 2603 in
211 2580 288 2620 quo
309 2570 509 2622 assentitur
515 2559 686 2611 Lis-coh6—

24 2635 100 2662 rus.
141 2623 224 2669 Quo
244 2630 379 2660 neutro
410 2638 517 2676 opus,
533 2626 565 2662 si
585 2638 683 2674 eam,

24 2690 140 2732 quam
162 2678 331 2728 exhibui,
359 2684 525 2733 sequaris
553 2682 688 2718 lectio-

25 2747 135 2786 nem,
165 2736 215 2774 ad
254 2749 370 2789 quam
391 2736 554 2776 ducebat
581 2738 688 2775 Pass.

27 2787 122 2826 liber
150 2793 332 2831 exhibens
361 2793 402 2833 οἷ
434 2789 688 2834 δυωδεκαπό-

29 2846 110 2894 λεες
129 2853 167 2884 et
178 2847 417 2885 Florentinus
432 2851 540 2897 liber,
556 2851 598 2887 iu
609 2862 686 2901 quo

31 2910 150 2941 exstat
172 2903 214 2944 οἱ
233 2900 388 2943 δώδεκα
407 2900 560 2952 πόλεες.
615 2905 684 2943 Est

83 2962 304 3000 Hssnonor.
323 2962 390 2999 ΠΙ.

751 1332 842 1358 vero
891 1314 1209 1364 δυωδεκαπόλιες
1258 1315 1416 1354 adiecti-

751 1390 860 1424 vum,
911 1374 1016 1428 quod
1047 1373 1096 1412 ad
1138 1375 1416 1412 substantivum

743 1430 885 1480 Ἴωνες
906 1431 1111 1470 commode
1131 1432 1284 1468 referas.
1314 1426 1416 1470 ''Im-

752 1505 818 1538 νες
839 1490 881 1530 οἱ
895 1485 961 1530 ἄντ’
979 1485 1191 1540 Ἀθηνέων
1213 1493 1418 1525 occurrunt

750 1548 787 1592 Ι,
812 1546 889 1588 147
910 1547 996 1584 coll.
1016 1547 1116 1593 VIII,
1133 1545 1200 1586 46.
1214 1543 1281 1585 48.
1301 1543 1417 1582 Thu-

752 1603 841 1655 cyd.
863 1604 944 1651 VII,
961 1602 1029 1644 57.
1086 1604 1146 1638 De
1165 1603 1305 1638 Ionum
1321 1602 1416 1639 civi—

749 1661 890 1697 tatibus
921 1659 1127 1697 duodecim
1159 1657 1236 1695 vid.
1267 1660 1297 1706 1,
1322 1657 1415 1698 142.

754 1715 854 1764 1463
885 1714 932 1752 de
953 1716 1135 1752 Aeolibus
1154 1716 1183 1763 Ι,
1209 1712 1302 1754 149.

803 1768 1099 1824 Ἑλλησπόντιοι
1134 1770 1204 1820 δὲ]
1244 1771 1416 1822 Utraque

747 1830 987 1880 Hellesponti
1007 1842 1073 1866 ora
1102 1829 1226 1865 Persis
1257 1826 1413 1866 obediit.

746 1886 834 1926 Vid.
865 1888 930 1936 VI,
961 1889 1029 1927 33.
1065 1887 1124 1921 De
1152 1883 1277 1934 Abydo
1311 1883 1414 1921 conf.

746 1943 792 1991 V,
819 1945 910 1984 117.
969 1941 1031 1979 Ad
1054 1942 1290 1979 locutionem
1313 1936 1414 1979 κατοῖ

746 1995 882 2050 χώρην
922 1997 1055 2050 μένειν
1095 1997 1197 2035 conf.
1227 1998 1291 2044 IV,
1319 1995 1412 2036 135.

749 2055 861 2101 Quod
892 2056 1046 2093 veroin
1086 2054 1263 2104 proxime
1301 2065 1410 2104 seqq.

745 2119 831 2162 post
862 2112 904 2152 οἱ
933 2110 976 2151 δὲ
994 2109 1126 2150 λοιποὶ
1146 2109 1349 2146 articulum
1371 2108 1414 2148 οἷ

745 2170 866 2219 repeti
903 2170 985 2207 vult
1031 2167 1330 2217 VVesselingius,
1368 2173 1411 2203 ut

745 2226 923 2274 V11,101,
939 2227 1172 2276 obsequente
1188 2222 1408 2271 Schaefem,

743 2280 927 2320 Matthiae
939 2290 976 2320 et
995 2280 1189 2330 Bekkero,
1209 2281 1295 2318 libri
1315 2281 1409 2317 scri-

742 2341 798 2392 pti
847 2353 936 2376 eum
975 2340 1180 2390 ignorant,
1221 2351 1242 2374 a
1273 2337 1409 2390 quibus

743 2396 924 2449 equidem
944 2409 1095 2448 prorsus
1115 2393 1293 2432 standum
1314 2407 1408 2431 cen-

741 2455 812 2494 sui.
845 2452 1027 2511 βασιλέος
1045 2453 1176 2503 scripsi
1197 2464 1264 2502 pro
1296 2452 1406 2503 βασι·

741 2513 839 2564 λῆος
859 2518 897 2549 et
915 2512 1023 2563 ἦσαν
1046 2523 1115 2561 pro
1139 2508 1246 2549 ε’.σαν

950 2602 1044 2653 Cap.
1062 2600 1198 2638 XCVI.

800 2676 1063 2732 Ἐπεβατευον
1089 2675 1131 2719 δὲ
1154 2676 1220 2718 ε’πὶ
1247 2673 1407 2716 πασέων

743 2752 824 2777 των
862 2753 968 2777 νεων
1001 2752 1039 2778 κ.
1061 2751 1091 2774 τ.
1115 2735 1170 2783 λ.]
1216 2731 1329 2779 Quod
1358 2732 1411 2768 ita

743 2794 1012 2859 acciplendum
1033 2801 1193 2830 censeo:
1235 2789 1404 2835 Remiges

741 2851 901 2888 navium
937 2863 968 2886 s.
1002 2862 1050 2886 τα
1084 2839 1341 2898 πληρωματα,
1359 2848 1404 2880 ut

740 2906 794 2944 ait
825 2904 1035 2952 Diodorus,
1084 2914 1164 2939 una
1197 2913 1287 2939 cum
1313 2899 1403 2952 ipsis

1575 505 1662 533 61108,

1422 723 1569 752 coloniae.

1417 1150 1536 1179 Milites
1549 1151 1676 1180 classia-

1416 1186 1454 1215 rii
1468 1194 1485 1215 e
1498 1186 1614 1223 Persis,
1625 1186 1693 1215 Me-
