1870 3249
398 162 1164 200 TERPSICHORE.V.
1330 165 1413 205 185

147 287 246 323 „tog
285 271 331 314 δὲ
369 269 533 314 τούτου
574 271 641 314 ἐπὶ
686 270 924 328 τριήκοντα
961 272 1079 323 ἔτεα,
1125 288 1198 315 και
1237 272 1410 315 διαπλέ-
1468 283 1714 345 glagusnlgcedeuf

147 342 323 392 ,ξαντος
362 338 443 381 τόν
473 341 574 395 βίον
604 333 675 390 εὖ,
713 337 920 394 διάδοχός
958 341 1002 382 οἷ
1030 343 1106 396 τῆς
1147 326 1746 393 τυραντιίδος65[ηι.“ιῗττ.11ᾗΐιῖῗὲἷιὲἷ

90 406 197 459 23,,ὁ
228 413 329 458 παῖς
354 409 628 462 Περίανδρος
647 409 822 463 γίνεται.
876 405 927 450 Ὁ
957 409 1108 450 τοίνυν
1133 410 1412 463 Περίανδρος
1470 387 1563 447 13131111
1578 390 1726 455 ἰᾞῖἑῗῖιι

144 474 266 528 ,,κατ’
297 473 432 531 ἀρχὰς
452 475 531 532 μὲν
559 471 616 532 ἦν
644 474 885 531 ἠπιώτερος
918 480 1001 519 τοῦ
1030 474 1207 530 πατρός.
1248 475 1340 519 ἐπεί
1367 492 1411 519 τε

143 544 218 596 ,,δὲ
247 543 431 600 ὦμίλησε
462 543 522 588 δι’
557 542 748 600 ἀγγέλων
783 543 1087 602 Θρασυβούλῳ
1117 547 1178 602 τῷ
1207 542 1413 600 Μιλήτου

141 610 394 670 ,,τυράννῳ,
442 616 593 669 πολλῷ
633 611 694 656 ἔτι
723 611 889 668 ἐγένετο
920 611 1128 663 Κυψέλου
1167 611 1413 668 μιαιφονώ-

84 797 133 836 ad
160 813 358 837 summum
396 800 479 842 589
508 813 543 837 a.
577 798 666 837 Chr.
705 813 746 836 n.

85 855 187 893 diem
214 858 308 894 obiit
332 870 568 908 supremum.

142 912 211 952 καὶ
242 913 522 962 διαπλέξαντος
555 929 627 953 τον
656 914 746 965 βίον

82 972 186 1020 εὐ]
176 985 200 1007 1.
212 984 246 1008 0.
268 984 411 1022 cumque
427 973 522 1008 vitae
535 984 672 1008 cursum
691 972 746 1008 be-

81 1041 124 1065 ne
137 1030 353 1078 peregisset,
378 1041 545 1093 pro-spera
565 1041 650 1065 usus
663 1027 746 1078 for-

80 1082 183 1122 tund.
220 1085 363 1136 Optimi
384 1086 526 1137 quique
548 1084 660 1122 codd.
684 1083 744 1121 hic

80 1140 246 1178 afferunt
257 1141 644 1189 azantsgavvofficum
653 1143 746 1179 olim

81 1205 177 1235 esset
187 1193 508 1246 διαπλεύσαντος,
530 1198 635 1251 quod
644 1206 746 1236 certe

79 1257 221 1292 Ionum
248 1269 298 1292 ex
318 1254 470 1293 dicendi
489 1258 635 1293 ratione
655 1269 746 1293 mu-

81 1313 153 1349 tari
181 1311 343 1350 debebat
363 1314 403 1349 in
421 1309 743 1360 -διαπλώσαντες,

28 1368 34 1372 '
81 1370 132 1406 At
151 1376 252 1407 recte
273 1368 334 1407 hic
355 1368 491 1407 dicitur
504 1369 742 1419 διαπλέκειν,

81 1433 124 1464 ut
143 1427 220 1462 iam
239 1427 461 1464 monuimus
482 1426 531 1464 ad
559 1428 624 1475 IV,
646 1427 742 1468 205.

80 1482 242 1520 Addunt
271 1483 415 1521 Herod.
446 1485 528 1532 VII,
562 1483 615 1524 46
648 1483 743 1533 (ubi

78 1553 149 1591 pro
177 1537 329 1592 γλυκῦν
360 1556 383 1593 γ
397 1536 549 1587 εύσας
579 1538 647 1580 τὸν
680 1541 742 1580 αἰ-

79 1599 166 1636 ῶνα
176 1598 239 1634 alii
260 1596 435 1648 πλέξας).
465 1596 608 1635 Athen.
629 1599 687 1634 XI
701 1613 741 1650 p.

81 1652 162 1696 458
192 1656 240 1692 Β.
268 1655 384 1691 Plura
411 1655 564 1692 Cattier.
593 1656 634 1691 in
663 1657 745 1692 Ga-

80 1709 234 1762 zophyl.
262 1724 350 1762 pag.
380 1714 433 1752 76
466 1720 504 1749 et
530 1713 596 1764 qui
631 1724 654 1748 a
674 1713 744 1752 Cr.

81 1769 218 1805 citatur
237 1769 366 1819 Toup.
389 1767 438 1805 ad
465 1769 640 1807 Sujdam.
666 1771 685 1805 I
704 1784 744 1821 p.

81 1826 150 1864 20.
164 1846 212 1851 -—
236 1825 295 1861 De
315 1826 451 1862 vocula
473 1820 518 1865 εὖ
536 1828 746 1877 postposita

81 1880 182 1917 conf.
202 1888 299 1918 nott.
320 1880 369 1918 ad
387 1876 454 1929 111,
475 1881 528 1922 55
551 1889 589 1920 et
609 1883 654 1930 V,
677 1885 745 1923 27.

82 1937 126 1971 In
147 1949 252 1989 seqq
274 1936 323 1974 ad
338 1938 420 1976 κατ’
443 1932 567 1988 α’ρχας
585 1939 686 1976 conf.
697 1940 744 1988 V,

83 1995 138 2033 62
159 2000 196 2030 et
216 1992 265 2030 ad
284 1994 544 2045 particulam⁷
531 1993 586 2035 ε’τι
605 1993 743 2034 Matth.

81 2050 150 2086 Gr.
171 2051 238 2087 Gr.
258 2063 347 2101 pag.
368 2051 465 2092 852.

135 2104 179 2145 ‘O
199 2107 339 2146 τοίνυν
377 2107 630 2159 Περίανδρος
647 2123 684 2147 κ.
706 2124 740 2148 τ.

79 2162 133 2210 L]
157 2163 313 2214 Spectat
332 2162 409 2201 huc
430 2177 548 2216 quam
569 2167 741 2202 maxime

79 2218 278 2257 Parthenii
296 2222 461 2258 narratio
490 2222 656 2259 Eroticc.
680 2225 743 2271 17,

80 2277 146 2313 ubi
159 2278 266 2314 initio
286 2276 382 2315 haec
402 2279 605 2329 leguntur:
638 2277 744 2330 λέγε-

80 2348 144 2372 ται
166 2331 208 2373 δὲ
229 2333 296 2373 καὶ
303 2335 570 2403 Περίανδρον
582 2332 648 2375 τὸν
665 2339 744 2376 Κο-

81 2389 244 2437 ρίνθιον
263 2388 337 2442 τήν
360 2389 431 2442 μὲν
457 2407 585 2443 αρχην
618 2391 742 2432 ἐπιει-

79 2449 134 2498 κῆ
162 2461 203 2486 τε
234 2446 302 2486 καὶ
320 2451 451 2514 πρᾷον
481 2452 596 2497 ειναι,
626 2446 742 2489 ὕστε-

80 2518 153 2572 ρον
175 2501 218 2542 δὲ
245 2519 516 2570 φονικωτερον
550 2504 742 2556 γενέσθαι

80 2555 129 2599 δι’
156 2559 288 2611 αἰτίην
309 2556 443 2610 τήνδε.
475 2563 648 2611 [Quibus
672 2563 740 2602 Cr.

81 2615 185 2654 addit
213 2615 361 2668 Ephori
386 2618 739 2670 f1·ag1mn.p.211

77 2674 222 2722 Marx]
269 2646 469 2726 Sequitur&
489 2677 654 2713 narratio
694 2675 742 2713 de

78 2730 230 2768 funesto
261 2732 489 2780 concubitu,
511 2745 630 2784 quam
648 2733 742 2770 Ovi-

81 2785 215 2825 dianae
254 2788 406 2826 fabulae
447 2787 495 2826 de
524 2789 665 2841 Cinyra
705 2797 742 2827 et

802 796 959 850 Myrrha
979 796 1236 850 Metamorph.
1252 799 1395 846 X‚298
1415 800 1469 837 si-

802 856 1006 892 millimam
1017 854 1093 892 huc
1112 856 1378 892 transscribere
1388 869 1468 893 11011

803 920 926 950 vacat.
974 914 1112 949 Postea
1140 925 1231 950 vero
1259 912 1469 950 Periander

802 976 977 1006 mentem
1010 982 1144 1007 sanam
1174 971 1226 1006 ita
1259 968 1468 1020 perdidisse

803 1027 923 1063 fertur
950 1033 993 1063 ut
1023 1039 1181 1063 omnem
1201 1026 1468 1064 crudelitatem

801 1084 841 1120 in
862 1084 962 1121 cives
978 1096 1064 1120 suos
1083 1090 1290 1120 exerceret.
1320 1085 1363 1119 In
1378 1085 1468 1120 uni-

801 1153 956 1177 versum
977 1146 1108 1176 autem
1126 1153 1223 1176 num
1235 1140 1397 1177 Sosicles
1420 1140 1468 1177 de

803 1196 1011 1234 Periandro
1032 1204 1133 1233 recte
1144 1196 1380 1245 iudicaverit,
1394 1196 1467 1235 hoc

803 1255 1014 1291 accuratius
1044 1267 1112 1305 per
1138 1254 1289 1304 singula
1321 1253 1467 1306 disqui—

802 1313 850 1348 rit
871 1311 914 1348 C.
934 1313 1123 1361 Wagner.
1144 1313 1184 1347 in
1205 1312 1408 1362 scriptione
1420 1311 1469 1348 de

800 1367 998 1405 Periandr.
1024 1380 1114 1419 pag.
1148 1370 1197 1408 13
1231 1381 1338 1420 seqq.
1378 1370 1466 1407 coll.

801 1426 843 1462 C.
868 1426 912 1462 Ο.
932 1425 1084 1462 Miiller.
1105 1426 1199 1462 Dor.
1219 1426 1238 1461 Ι
1270 1438 1358 1475 pag.
1383 1426 1465 1467 165

802 1496 909 1534 seqq.
969 1483 1053 1527 Quo
1092 1480 1220 1518 iudice
1259 1481 1469 1519 Periander

799 1553 890 1577 sane
912 1552 956 1576 ea
970 1540 1151 1586 instituit,
1184 1552 1283 1591 quae
1303 1553 1466 1590 regnum

799 1599 894 1634 mite
930 1603 967 1633 et
987 1596 1272 1646 sapientissimis
1302 1597 1466 1633 consiliis

801 1653 1110 1690 administratum
1129 1652 1308 1704 produnt,
1321 1654 1466 1690 immu-

800 1712 963 1748 nitatem
993 1709 1079 1747 dico
1109 1711 1341 1747 tributorum
1371 1712 1466 1747 civi-

801 1769 871 1805 bus
893 1780 1125 1814 concessam,
1146 1767 1341 1804 luxuriam
1352 1766 1466 1804 ditio—

800 1838 889 1861 rum
905 1823 1036 1861 edjctis
1051 1824 1269 1871 coercitam,
1282 1823 1466 1861 desidiam

801 1880 1031 1928 cohibitam,
1052 1881 1126 1917 alia
1145 1879 1185 1917 id
1204 1893 1325 1931 genus
1348 1880 1396 1917 ad
1409 1882 1466 1918 ci-

800 1938 925 1975 vitatis
962 1937 1099 1974 florem
1137 1950 1256 1989 quam
1294 1939 1466 1974 maxime

798 1995 1052 2044 pertinentia.
1063 1978 1197 2031 unde
1216 1994 1382 2043 factum,
1424 2002 1466 2032 ut

798 2052 864 2088 illo
886 2058 1073 2101 regnante
1094 2049 1144 2087 ad
1172 2064 1372 2088 summum
1391 2051 1466 2088 flo—

798 2109 847 2145 ris
876 2108 1074 2158 fastigium
1096 2107 1270 2145 Corinthi
1295 2122 1354 2145 res
1374 2122 1465 2159 per-

796 2166 943 2203 venisse
961 2163 1155 2215 putandae
1166 2166 1252 2202 sint.
1276 2166 1350 2211 Qui
1359 2165 1465 2203 idem

800 2228 930 2258 tamen
970 2235 1048 2274 quo
1088 2235 1147 2259 res
1184 2235 1268 2259 suas
1296 2230 1466 2260 tueretur

799 2278 1126 2330 tyrannidemque
1146 2286 1324 2328 servaret,
1347 2280 1393 2316 ab
1407 2281 1462 2316 in·

799 2336 896 2372 iuria
924 2337 1183 2387 violentiaque
1210 2349 1290 2373 non
1311 2350 1463 2388 prorsus

798 2391 1036 2430 abhorruisse
1075 2392 1227 2430 videtur
1257 2400 1295 2430 et
1342 2407 1464 2446 quum

799 2449 988 2502 quidquid
1030 2450 1101 2487 sibi
1130 2450 1320 2498 libuisset,
1350 2464 1462 2501 pera—

798 2514 927 2557 geret,
958 2507 1183 2558 praesertim
1215 2507 1261 2544 ab
1294 2521 1339 2544 eo
1373 2506 1462 2543 inde

798 2571 992 2615 tempore,
1024 2576 1101 2616 quo
1123 2562 1339 2601 domesticis
1359 2565 1462 2600 cala-

799 2621 993 2657 mitatibus
1008 2633 1157 2671 pressus
1179 2627 1255 2668 est,
1278 2620 1463 2657 crudelis-

798 2678 915 2715 simus
949 2690 1046 2714 mox
1084 2677 1226 2713 exstitit
1264 2684 1462 2728 tyrannus,

798 2735 865 2786 qui
884 2736 994 2785 regni
1008 2734 1175 2784 speciem
1195 2734 1235 2769 in
1259 2734 1462 2771 terribilem

797 2793 985 2829 convertit
1004 2788 1214 2842 tyrannidis
1235 2790 1413 2828 Formam.
