1834 3258
0 1114 43 1161 »8

0 2727 2 2800 ἶ

0 2847 4 2896 ἴ

1 2897 4 2931 Υ

2 2939 5 2958 ι

3 2986 7 3039 ¹.

461 245 872 284 POLYMNIA.
931 245 1038 283 V11.
1293 249 1379 289 595

116 355 312 399 σπονδον
341 354 529 406 ἐξελθεῖν
558 355 633 399 καὶ
661 357 872 411 νοστῆσαι
911 355 954 406 ἐς
990 353 1070 411 τὴν
1107 353 1263 412 Ἀσίην,
1295 354 1378 400 οὐκ

113 423 315 478 ἐθέλησε,
344 421 403 478 μή
443 424 581 479 δειλίῃ
613 422 751 475 δόξειε
793 428 1005 476 περιεῖναι
1035 424 1223 479 βασιλέϊ,
1265 422 1376 468 ἀλλὰ

86 490 387 545 δδιεκαρτέρεε
417 491 460 542 ἐς
492 491 540 535 τό
571 491 760 547 ἔσχατον.
794 489 852 542 ὠς
888 490 923 534 δ’
956 490 1087 536 οὐδὲν
1117 492 1179 535 ἔτι
1209 496 1379 550 φορβῆς

114 559 217 615 ἐνῆν
245 559 291 602 ἐν
311 562 373 617 τῷ
402 561 550 616 τείχεϊ,
583 559 805 616 συννήσας
825 559 973 616 πυρὴν
1001 559 1202 616 μεγάλην,
1221 559 1379 616 ἔσφαξε

111 627 165 670 τὰ
203 626 334 671 τέκνα
365 628 439 671 καὶ
469 626 551 684 τήν
587 633 777 684 γυναῖκα
815 627 890 671 καὶ
929 625 1008 678 τοὶς
1046 628 1271 680 παλλακὰς
1306 630 1380 673 καὶ

88 695 225 747 4τούς
256 696 441 748 οἰκέτας·
501 696 575 740 καὶ
611 696 754 740 ἔπειτα
791 696 965 751 ἐσέβαλε
995 695 1039 747 ἐς
1066 696 1116 739 τὸ
1147 701 1247 752 πῦρ.
1305 704 1404 754 με-1

109 762 162 806 τὰ
191 763 237 807 δὲ
257 759 411 818 ταῦτα,ι
435 763 515 808 τόν
543 763 707 821 χρυσὸν
728 763 900 807 ἅπαντα
929 763 1008 808 τὸν
1038 764 1084 808 ἐκ
1113 768 1195 808 τοῦ
1226 763 1379 816 ἄστεος

108 831 183 875 καὶ
220 831 299 876 τὸν
339 831 536 889 ἄργυρον
579 833 747 888 ἔσπειρε
784 832 872 876 άπό
914 836 996 876 τοῦ
1037 834 1196 889 τείχεος
1226 832 1269 884 ἐς
1299 832 1379 877 τόν

107 900 365 956 Στρυμόνα·
414 901 602 959 ποιήσας
640 902 687 946 δὲ
724 905 884 955 ταῦτα,
922 899 1089 944 ἑωυτόν
1128 900 1307 956 ἐπέβαλε
1336 902 1380 953 ἐς

107 968 157 1011 τὸ
187 972 290 1024 πῦρ.
350 969 466 1014 οὕτω
502 970 581 1025 μὲν
622 965 751 1023 οὗτος
780 970 959 1021 δικαίως
998 969 1185 1013 αἰνέεται
1214 969 1275 1014 ἔτι
1304 970 1380 1014 καὶ

108 1036 151 1088 ἐς
178 1036 278 1081 τόδε
306 1035 394 1081 ’ὑπὸ
421 1040 639 1093 Περσέων.

1430 1100 1497 1129 Iter
1515 1100 1624 1129 Xerxis
1643 1111 1660 1129 a

191 1105 353 1161 Ξέρξης
392 1107 438 1150 δὲ
478 1107 524 1150 ἐκ
561 1110 645 1150 τοῦ
675 1108 901 1161 Δορίσκου
931 1104 1263 1169 ἐπορεύετο-ἐπὶ
1291 1108 1404 1165 τὴν5
1433 1135 1708 1163 Doriscoinfflae,

1437 1170 1514 1197 ciam
1525 1178 1640 1196 versus.
1652 1170 1709 1197 Ad-

105 1170 311 1217 Ἑλλάδα·
350 1174 458 1226 τούς
489 1175 535 1218 δὲ
572 1175 655 1218 αἰεὶ
684 1173 943 1230 γινομένους
971 1173 1175 1228 ἐμποδών
1196 1186 1377 1233 συστρα-
1436 1203 1504 1230 scm
1522 1203 1554 1230 ,Π
1573 1204 1689 1231 exem-

46 1261 51 1265 ,
81 1240 318 1285 Ξτεύεσθαι
355 1241 581 1299 ἠνάγκαζε.
645 1240 909 1286 ἐδεδούλωτο
945 1241 1055 1297 γὰρ,
1096 1241 1151 1294 ὡς
1172 1244 1246 1286 καὶ
1273 1244 1380 1301 πρό·
1439 1240 1521 1282 554

1437 1295 1511 1328 tum,
1532 1296 1681 1333 quotquot

108 1307 237 1364 τερόν
266 1327 341 1364 μοι
362 1308 610 1365 δεδήλωται,
639 1309 666 1366 ἡ
695 1310 819 1366 μέχρι
853 1312 1091 1367 Θεσσαλίης
1130 1315 1270 1367 πᾶσα,
1304 1314 1379 1357 καὶ
1435 1327 1468 1353 in
1486 1327 1541 1354 hoc
1559 1329 1671 1355 ninere

1435 1360 1539 1387 Persis
1558 1361 1677 1389 obviam

106 1372 163 1433 ἦν
190 1376 278 1421 ὑπὸ
310 1378 489 1434 βασιλέα
519 1379 827 1434 δασμοφόρος,
866 1380 1136 1435 Μεγαβάζου
1165 1397 1210 1424 τε
1248 1398 1376 1425 κατα·
1433 1394 1555 1421 fierent.
1572 1395 1709 1422 castella

1434 1428 1660 1456 Samothracia:

77 1445 428 1502 δστρεψαμένου,
460 1447 531 1490 καὶ
552 1446 741 1502 ὕστερον
754 1448 1034 1502 Μαρδονίου.
1068 1451 1370 1506 Παραμείβετο
1388 1456 1634 1490 lOMesambria.

1433 1496 1565 1531 Stryme.
1586 1497 1692 1524 Lissus

107 1513 155 1557 δὲ
192 1513 492 1571 πορευόμενος
527 1515 575 1559 ἐκ
611 1515 864 1570 Δορίσκου,
907 1518 1058 1569 πρῶτα
1085 1516 1166 1572 μὲν
1202 1517 1255 1560 τοὶ
1286 1521 1376 1562 Σα-
1432 1530 1543 1557 fluvius
1565 1534 1680 1566 epotus.

1432 1563 1589 1591 Briantica
1607 1565 1706 1599 regio,

106 1585 349 1639 μοθρηΐκια
369 1585 520 1642 τείχεα,
549 1586 640 1628 τῶν
672 1582 827 1640 ἐσχάτη
847 1583 1102 1628 πεπόλισται
1131 1585 1241 1642 πρὸς
1257 1584 1374 1630 ἕσπέ·
1431 1601 1505 1625 aute
1519 1598 1645 1627 Galaica
1664 1598 1707 1626 di-

107 1779 311 1835 συννήσας
352 1779 488 1835 πυρήν
518 1780 712 1836 μεγάλην]

49 1841 188 1892 Attigit
208 1841 346 1879 Suidas
366 1854 396 1879 s.
416 1854 455 1878 v.
477 1841 528 1878 T.
548 1842 603 1877 III
622 1854 713 1892 pag.

50 1896 147 1939 405.
214 1897 278 1934 Ad
306 1898 473 1934 formam
510 1895 714 1948 συννήσας

51 1954 153 1991 conf.
173 1954 203 2001 I,
224 1956 291 1994 86.
314 1977 364 1982 ——
405 1954 451 1990 In
479 1953 556 1990 fine
576 1968 660 2005 cap.
692 1967 714 1990 e

49 2011 270 2047 Florentino
291 2011 386 2047 libro
406 2011 537 2061 scripsi
566 2007 713 2050 ἑωυτὸν

49 2066 226 2119 ἐπέβαλε,
260 2067 325 2104 ubi
345 2067 462 2117 vulgo
490 2082 514 2106 κ
531 2066 582 2106 αὶ
610 2066 712 2106 ἑωυ-

48 2121 120 2165 τὸν
142 2122 315 2176 ἐσέβαλε.
371 2123 481 2160 Idem
493 2124 583 2162 fecit
602 2123 712 2162 Bek-

47 2179 177 2219 kerus.
233 2182 340 2218 Bene
372 2179 711 2232 Schweighaeus.:

49 2241 223 2288 „primum
256 2238 380 2276 liberos
409 2241 442 2276 et
473 2251 599 2276 uxores
624 2237 710 2278 ἐσέ-

49 2295 162 2346 βαλε,
193 2297 383 2335 coniecerat
407 2297 445 2333 in
464 2297 580 2344 ignem
597 2326 607 2343 ‚
639 2295 710 2333 de-

48 2350 139 2387 inde
178 2349 327 2392 ἓωυτόν
359 2351 547 2403 ἐπέβαλε,
582 2366 617 2391 se
637 2355 711 2403 ipse

49 2409 251 2458 insuper
282 2409 395 2459 [post
413 2410 527 2458 illos]
558 2411 598 2447 in
620 2421 709 2448 eun-

49 2464 125 2502 dem
140 2465 257 2513 ignem
274 2466 454 2503 coniecstf‘

263 2553 356 2605 Cap.
377 2554 511 2596 CVIII.

103 2626 159 2684 ἦν
187 2629 269 2673 ὖπό
310 2629 471 2683 βασιλέα
503 2629 709 2684 δασμοφό-

51 2690 145 2740 ρος]
176 2691 298 2728 Usum
319 2689 606 2739 praepositionis
624 2688 706 2730 ὑπό

50 2746 170 2796 attigit
187 2745 371 2784 Matthiae
391 2746 459 2783 Gr.
479 2746 546 2782 Gr.
566 2746 604 2791 ξ.
626 2745 706 2787 593

0 2807 2 2840 =
50 2813 135 2853 pag.
159 2805 266 2845 1188
286 2800 448 2854 βασιλέα
467 2803 617 2853 reposui
636 2815 706 2852 pro

53 2857 221 2911 βασιλῆα
239 2866 276 2898 et
295 2854 540 2912 Μεγαβάζου
553 2859 705 2907 retinui,

1433 1634 1491 1660 ota.

770 1781 921 1819 ubitres
943 1780 1056 1820 codd.
1079 1779 1354 1834 Μεγαβάζους
1385 1783 1433 1822 de

770 1851 847 1889 qua
867 1840 1041 1877 lectionis
1069 1841 1252 1878 varietate
1273 1840 1354 1878 dixi
1382 1841 1432 1880 ad

770 1896 833 1944 IV,
858 1894 952 1936 143.

827 1952 1115 2003 Σαμοθρηΐκια
1141 1952 1295 2004 τείχεα]
1326 1954 1432 1993 Arces

769 2015 858 2045 sunt
877 2021 906 2047 s.
937 2009 1085 2046 castella
1116 2022 1138 2045 a
1168 2009 1432 2049 Samothraci-

768 2065 838 2102 bus
865 2065 905 2101 in
944 2072 1066 2102 terrae
1106 2068 1334 2105 continentis
1363 2069 1431 2106 orst

768 2121 942 2173 opposita
981 2130 1194 2172 exstructa,
1234 2131 1278 2161 ut
1304 2125 1430 2177 τείχεα

766 2180 848 2226 VH,
873 2181 964 2227 112,
982 2180 1048 2227 59,
1079 2193 1129 2216 ne
1148 2181 1271 2232 plura.
1308 2183 1359 2219 Et
1379 2184 1428 2220 cf.

767 2234 1140 2273 choiseul-Gouffier
1166 2238 1322 2290 Voyage
1351 2242 1429 2290 pit-

766 2300 943 2344 toresque
965 2307 1012 2330 en
1035 2293 1157 2331 Groce
1177 2297 1213 2331 ΙΙ
1232 2308 1321 2346 pag.
1337 2299 1416 2337 11ss

767 2350 938 2396 Quarum
949 2351 1084 2387 ultima
1095 2350 1334 2389 occidentem
1346 2366 1428 2390 ver-

764 2420 827 2444 sus
841 2408 957 2444 iacuit
978 2406 1217 2456 Mesambria,
1247 2410 1346 2446 bene
1367 2409 1428 2446 di-

764 2463 995 2515 stinguenda
1027 2465 1073 2502 ab
1102 2478 1146 2502 ea
1185 2467 1425 2512 Mesambria,

764 2534 862 2573 quae
887 2520 937 2557 ad
950 2523 1119 2558 Pontum
1138 2523 1340 2560 Euxinum
1357 2524 1426 2560 sita

766 2585 1090 2616 commemoratur
1111 2580 1175 2626 IV,
1189 2581 1256 2619 93.
1277 2580 1339 2626 Vl,
1359 2581 1426 2619 33.

767 2634 940 2686 Str-yma,
982 2648 1081 2687 quae
1104 2633 1337 2672 Thasiorum
1355 2635 1426 2671 fuit

765 2692 932 2740 colonia,
956 2691 1005 2728 ad
1035 2691 1140 2728 idem
1166 2692 1252 2727 litus
1275 2697 1424 2728 exstru—

763 2754 845 2797 cta3
877 2748 925 2785 de
946 2749 1052 2784 cuius
1071 2748 1306 2797 possessione
1319 2754 1424 2798 post-

762 2801 834 2841 hac
854 2805 952 2841 inter
972 2802 1135 2841 Thasios
1155 2817 1198 2841 ac
1217 2804 1423 2842 Maronitas

763 2859 1015 2912 disceptatum
1061 2872 1141 2896 esse
1182 2860 1419 2911 accephnus3

1043 2913 1145 2957 38*
