1815 3181
427 194 506 233 132

827 188 1295 226 HERODOTI

424 299 561 353 ρέων·
594 296 620 353 ἡ
653 297 699 340 δὲ
733 298 852 354 ἱρηΐη
883 297 1151 349 ἐξαναστᾶσα
1181 297 1226 340 ἐκ
1256 300 1336 340 τοῦ
1365 296 1561 350 θρόνου,
1592 295 1697 351 πρὶν

392 366 449 477 64³2*
479 366 559 416 τας
597 364 741 418 θύρας
782 364 919 408 αὐτὸν
959 365 1160 421 ἀμεῖψαι,
1193 363 1307 408 εἶπε·

1355 360 1434 416 „³52
1473 365 1581 416 ξεῖνε
1610 367 1696 406 Λα-

392 432 724 489 6,κεδαιμόνιε,
764 431 901 476 πάλιν
928 432 1078 489 χώρει,
1124 430 1229 489 μηδ’
1265 432 1379 475 έσιθι
1409 432 1452 483 ἐς
1484 432 1533 474 τό
1573 429 1692 486 ἱρόν·
1707 434 1752 471 40

421 502 506 556 ,,οὐ
545 502 630 557 γὰρ
662 498 844 554 θεμιτόν
879 504 1101 555 Δωριεῦσι
1139 500 1343 554 παριέναι
1384 499 1624 542 ἐνθαῦτα.“
1670 497 1694 542 ὁ

422 572 468 615 δὲ
499 568 611 614 εἷπε·

393 647 414 681 7
425 636 627 695 ,,Ἀχαιός

639 639 662 660 ‘b

668 571 745 622 „521
773 566 927 623 γύναι,
974 566 1073 612 ἀλλ’
1111 567 1165 612 ου’
1210 565 1413 623 Δωριεύς
1448 568 1556 622 εἰμι,
1598 561 1692 608 ἀλλ’

716 635 767 679 Ο
796 636 875 692 μὲν
917 636 971 692 δὴ
1011 640 1065 694 τῇ
1107 635 1312 693 κλεηδόνι
1353 633 1485 678 οὐδὲν
1512 632 1695 690 χρεώμε-

419 724 519 757 νος,
563 704 805 761 ἐπεχείρησέ
847 720 915 757 τε,
957 705 1031 749 καὶ
1069 704 1166 749 τότε
1195 704 1328 748 πάλιν
1358 704 1548 756 ἐξέπιπτε
1589 700 1694 757 μετὰ

392 782 412 812 8
424 778 513 818 τῶν
553 770 933 828 Λακεδαιμονίων.

1009 770 1124 824 Τοῦς
1172 773 1218 816 δὲ
1267 770 1429 823 ἄλλους
1466 770 1750 827 Ἀθηναῖοιέιό

419 843 666 897 κατέδησαν
695 839 776 896 τήν
806 840 873 883 ἐπὶ
903 839 1109 900 θανάτῳ·
1144 840 1192 883 έν
1221 839 1268 883 δὲ
1298 838 1485 891 αὐτοῖσι,
1514 839 1590 882 καὶ
1625 842 1695 881 Τι-

420 911 635 967 μησίθεον
668 907 746 954 τὸν
783 907 986 964 Δελφόν,
1016 911 1098 951 τοῦ
1129 907 1235 963 ἔργα
1265 911 1421 963 χειρῶν
1449 923 1493 951 τε
1522 907 1596 950 καὶ
1622 904 1692 964 λη’-

362 1103 508 1142 Herod.
542 1103 632 1150 VH,
665 1100 759 1142 140.
807 1103 884 1150 IX,
926 1104 1023 1143 116.

363 1161 475 1208 Quod
495 1173 586 1198 vero
602 1161 642 1196 in
653 1171 759 1210 seqq.
781 1157 955 1197 sacerdos
967 1159 1028 1196 di-

363 1220 445 1255 xit:
479 1212 569 1268 μηδ’
592 1216 699 1256 ἔσιθι
719 1216 757 1262 ἐς
779 1215 823 1256 td
848 1212 958 1268 ἱρόν,
987 1215 1029 1252 id

363 1276 488 1312 latiori
518 1286 632 1311 sensu
660 1272 948 1324 accipiendum,
976 1273 1029 1309 ita

362 1340 405 1369 ut
427 1343 585 1369 omnem
594 1331 726 1366 locum
746 1337 934 1378 sanctum,
955 1343 1028 1366 nec

362 1395 514 1426 tantum
545 1386 681 1424 aedem
710 1388 933 1424 interiorem
953 1398 1030 1439 quo

362 1447 491 1482 minus
509 1446 678 1490 intraret,
700 1443 873 1481 sacerdos
894 1445 949 1480 illi
968 1445 1031 1479 in-

364 1501 574 1539 terdixerit.
635 1500 692 1536 Cf.
717 1502 799 1548 VII,
837 1500 930 1541 140.
960 1501 1030 1548 IX,

367 1562 463 1599 116.
492 1560 593 1595 Nam
614 1556 662 1594 de
680 1556 907 1604 Pandrosio,
930 1569 1029 1608 quae

365 1616 461 1652 cella
501 1615 620 1651 cuivis
658 1614 771 1652 obvia
810 1621 847 1650 et
887 1613 1029 1665 duplici

365 1671 471 1708 aditu
499 1671 741 1722 permeabilis
771 1677 871 1719 erat,
921 1672 1031 1721 cogi-

364 1730 436 1766 tari
457 1729 604 1780 nequit.
646 1728 705 1764 Cf.
737 1727 781 1764 G.
803 1729 848 1765 Ο.
878 1728 1030 1764 Mffller.

364 1786 390 1822 l.
411 1786 439 1822 1.
458 1806 514 1812 —-
562 1785 689 1821 Verba
722 1782 778 1831 ὥς
803 1784 1030 1836 προσερέων

363 1843 615 1892 interpretor:
656 1840 883 1878 salutaturus
915 1841 1030 1889 deam,

362 1900 580 1935 Minervam
599 1898 679 1934 scil.
723 1898 830 1943 Quae
849 1900 1031 1935 continuo

365 1962 603 1991 memoratur
639 1953 750 2005 ἷρηΐη
788 1954 846 2004 (s.
879 1954 1032 2005 ἱερεία)

366 2013 561 2048 Minervae
582 2010 748 2048 Poliadis
769 2019 823 2049 est
844 2011 1031 2059 sacerdos,

368 2081 468 2120 quae
489 2068 658 2104 molestis
690 2070 863 2119 quamvis
884 2069 1033 2119 legibus

369 2126 547 2161 obstricta
563 2153 572 2171 ,
604 2125 703 2160 inter
731 2126 873 2175 primas
900 2132 1031 2161 tamen

366 2180 607 2218 Athenarum
628 2188 707 2217 erat
727 2181 928 2232 dignitates
944 2211 953 2228 ‚
990 2189 1034 2219 ut

367 2244 581 2274 monstrant
602 2249 700 2288 quae
716 2239 804 2274 citat
817 2238 859 2275 C.
873 2238 917 2275 O.
929 2239 1033 2274 Mul-

367 2295 436 2331 ler.
475 2294 667 2343 Aeginett.
687 2306 776 2344 pag.
807 2297 875 2335 70.
933 2295 1034 2331 Nam

369 2365 391 2387 e
426 2351 661 2387 nobilissima
696 2357 735 2386 et
772 2351 1033 2402 antiquissima

369 2406 608 2444 Butadarum
645 2419 675 2442 s.
703 2406 1033 2444 Eteobutadarum

369 2465 484 2514 stirpe
503 2464 567 2499 illa
588 2468 669 2499 orta
690 2470 790 2510 erat,
830 2477 919 2500 cum
935 2462 1032 2501 haec

371 2533 465 2570 gens
495 2518 751 2556 sacerdotium
771 2518 844 2557 hoc
866 2533 887 2556 a
912 2522 1034 2571 prisca

371 2576 461 2614 inde
482 2583 604 2613 aetate
623 2576 694 2612 sibi
712 2577 935 2615 retinuisset.
976 2578 1034 2614 Cf.

371 2631 552 2670 Aeschin.
583 2631 631 2669 de
666 2632 759 2670 salsa
785 2634 898 2683 legat.
921 2634 958 2679 §.
980 2636 1034 2674 20

372 2690 430 2739 (ς.
452 2689 507 2730 42
526 2688 689 2738 nrm).

430 2745 527 2797 πρὶν
565 2742 594 2796 ἢ
628 2742 699 2792 τοὶς
737 2740 871 2796 θύρας
911 2741 1034 2785 αὕτδν

375 2797 571 2853 ἀμεῖψαι]
615 2803 639 2839 i.
676 2816 709 2839 e.
742 2804 953 2853 priusquam
977 2805 1035 2840 in-

1084 1107 1227 1142 trasset.
1264 1103 1348 1148 Quo
1373 1101 1513 1139 eodem
1535 1100 1751 1153 significatu

1084 1162 1246 1198 verbum
1260 1155 1451 1211 ἀμείβειν,
1462 1166 1506 1196 ut
1515 1166 1623 1196 notat
1630 1160 1751 1196 Wes-

1084 1220 1218 1268 seling.
1255 1219 1295 1253 in
1327 1215 1513 1267 Sophocl.
1547 1215 1751 1252 Philoctet.

1089 1275 1209 1317 1256.
1221 1272 1395 1324 Euripid.
1409 1273 1550 1310 Electr.
1561 1272 1658 1313 750.
1670 1273 1752 1309 Ae-

1088 1330 1210 1383 schyl.
1255 1329 1447 1381 Choephr.
1490 1329 1585 1370 569.
1635 1329 1750 1378 [563

1091 1387 1327 1435 Blomfield.‚
1376 1388 1484 1424 cuius
1516 1387 1752 1423 Glossarium

1087 1444 1185 1494 vid.]
1220 1468 1271 1472 -
1329 1445 1376 1480 Iu
1404 1455 1511 1494 seqq.
1539 1455 1608 1494 pro
1635 1439 1753 1494 χώρει

1089 1499 1312 1551 Schweigh.
1343 1501 1587 1551 exspectabat
1617 1496 1752 1551 χώρεε.

1089 1560 1189 1596 Cum
1210 1557 1349 1595 eodem
1369 1555 1592 1607 Schweigh.
1624 1564 1662 1593 et
1686 1569 1750 1593 ›ce-

1085 1618 1174 1653 teris
1187 1614 1275 1651 edd.
1297 1615 1437 1650 retinui
1447 1615 1660 1665 Δωριεῦσι,
1681 1626 1752 1650 cu-

1085 1674 1143 1710 ius
1163 1673 1248 1709 loco
1270 1669 1498 1709 Schaeferus
1518 1673 1695 1723 Δωριῆα.

1143 1727 1322 1777 ἐξέπιπτε
1359 1724 1455 1778 μετοέ
1505 1729 1584 1766 τῶν
1621 1730 1753 1766 Λακε-

1088 1785 1330 1837 δαιμονίων]
1343 1785 1526 1835 Respexit
1547 1782 1641 1820 haec
1661 1784 1753 1820 Ari-

1086 1841 1265 1894 stophan.
1302 1842 1459 1894 Lysistr.
1498 1843 1580 1881 273
1633 1841 1752 1889 [267

1087 1898 1245 1947 Both.].
1282 1898 1345 1936 Ad
1365 1911 1431 1946 ea,
1455 1910 1553 1950 quae
1581 1910 1754 1949 sequun-

1088 1963 1173 1993 tur:
1214 1953 1439 2006 κατέδησαν
1468 1969 1543 2004 την
1578 1953 1642 1993 ἐπὶ
1671 1957 1753 1992 θα-

1088 2027 1207 2082 νατῳ
1229 2013 1332 2050 conf.
1361 2017 1459 2048 nott.
1480 2010 1577 2058 adl,
1599 2012 1695 2051 209.

1144 2067 1213 2108 καὶ
1252 2068 1498 2137 Τιμησίθεον
1541 2065 1607 2106 τὸν
1652 2069 1753 2106 Δελ-

1088 2122 1198 2175 φὸν]
1229 2122 1297 2164 τόν
1329 2120 1492 2173 Δελφὸν
1517 2137 1538 2160 e
1561 2124 1751 2160 Pausania

1087 2183 1151 2229 VI,
1184 2184 1210 2222 8
1241 2183 1279 2227 ξ.
1307 2179 1346 2229 4,
1377 2178 1503 2232 qnih.
1524 2180 1550 2217 l.
1571 2181 1749 2230 respexit,

1089 2237 1237 2275 dudum
1249 2239 1413 2274 correxit
1422 2237 1646 2284 palmerius,
1659 2249 1750 2274 cum

1089 2307 1224 2332 omues
1254 2295 1342 2332 libri
1369 2295 1512 2331 ferrent
1542 2290 1609 2333 τὸν
1629 2289 1748 2333 ἀδελ-

1089 2346 1206 2401 φεόν.
1281 2350 1344 2388 Ad
1394 2351 1638 2401 Τιμησίθεον
1677 2350 1748 2387 Cr.

1087 2408 1253 2446 conferri
1279 2409 1361 2446 vult
1390 2405 1680 2445 Drakenborch.
1701 2405 1750 2444 ad

1088 2466 1174 2502 Liv.
1203 2464 1250 2512 V,
1277 2467 1347 2506 28.
1404 2465 1509 2510 Quae
1540 2469 1753 2516 sequuntur

1093 2520 1186 2573 ἔργα
1220 2524 1386 2573 χειροῖν,
1424 2522 1510 2559 satis
1528 2521 1752 2570 intelligitur

1094 2591 1114 2614 e
1129 2579 1331 2626 Pausania,
1361 2590 1406 2614 eo
1426 2579 1628 2629 pertinere,
1645 2574 1752 2642 qued

1091 2635 1132 2670 in
1157 2636 1351 2685 pancratio
1378 2641 1453 2671 tres
1484 2635 1549 2670 ille
1576 2633 1752 2670 victorias
1798 2648 1804 2665 τ

1089 2690 1269 2742 Pythicas
1281 2691 1450 2756 duasque
1461 2691 1676 2742 Olympicas
1689 2702 1753 2726 re-

1090 2748 1249 2795 tulerat,
1282 2747 1374 2799 ἕργα
1396 2742 1568 2798 λήματος
1593 2745 1642 2784 ad
1670 2746 1752 2783 for-

1091 2803 1294 2841 titudinem
1308 2805 1484 2842 bellicam
1497 2804 1632 2840 refero.
1652 2804 1752 2840 Nam
