1806 3181
404 107 486 148 712
799 100 1260 140 HERODOTI

405 214 491 271 γὰρ
523 212 692 268 ἄγγελοι
729 209 849 265 παρὰ
883 207 1167 262 Ἀλεξάνδρου
1201 210 1284 252 τοῦ
1315 206 1550 261 Ἀμύντεω,
1590 206 1715 251 οἷν-85

406 281 512 336 δρὸς
532 275 804 329 Μακεδόνος,
836 275 1156 333 συνεβούλευόν
1185 286 1263 332 σφι
1292 274 1660 328 ἀπαλλάσσεσθαι,

407 350 514 406 μηδὲ
551 347 759 403 μένοντας
798 345 845 389 ἐν
881 347 934 401 τῇ
973 344 1153 400 ἐσβολῇ,
1182 346 1541 400 καταπατηθῆναι
1570 339 1658 385 ὑπὸ

404 420 486 461 τοῦ
528 417 717 469 στρατοῦ
759 411 976 463 ἐπιόντος·
1017 413 1298 468 σημαίνοντες
1337 411 1385 454 τὸ
1421 408 1590 466 πλῆθός
1617 425 1662 452 τε

378 488 485 541 στῆς
515 485 716 538 στρατιῆς
748 481 820 524 καὶ
849 479 925 531 τὰς
958 479 1070 531 νέας.
1130 477 1187 529 ὥς
1219 478 1265 521 δὲ
1299 473 1422 522 οὗτοί
1451 488 1530 533 σφι
1558 480 1663 519 ταῦ-

406 570 460 597 τα
490 550 827 606 συνεβούλευον,
867 547 1027 604 χρηστὰ
1066 545 1151 602 γὰρ
1183 544 1358 589 ἐδόκεον
1395 543 1664 600 συμβουλεύ-

408 637 488 673 ειν,
517 620 591 663 καί
606 630 686 674 σφι
715 616 872 667 εὔνοος
900 614 1099 670 ἐφαίνετο
1131 613 1213 657 ἐών
1245 611 1268 656 ὁ
1291 611 1525 665 Μακεδών,
1555 612 1722 655 ἐπεί-90

379 693 558 732 Ίθοντο.
617 684 783 729 δοκέειν
822 682 868 726 δέ
900 699 998 739 μοι,
1037 680 1235 738 ἄῤῥωδίη
1256 676 1310 736 ἦν
1337 680 1386 724 τὸ
1408 685 1576 732 πεῖθον,
1607 677 1666 730 ὥς

409 755 631 799 ἐπύθοντο
659 752 733 796 καὶ
765 752 898 807 ἄλλην
929 752 1090 794 ἐοῦσαν
1119 746 1305 805 ἐσβολήν
1343 747 1385 797 ἐς
1418 745 1666 798 Θεσσαλούς

408 823 518 867 κατὰ
554 821 635 878 τῆν
679 820 770 863 ἄνω
809 819 1093 873 Μακεδονίην
1132 816 1203 860 διὰ
1256 815 1519 870 Πεῤῥαιβιόν
1557 817 1668 860 κατὰ

409 893 581 935 Γόννον
609 887 763 940 πόλιν,
794 890 848 944 τῇ
876 901 956 942 περ
988 886 1041 942 δὴ
1069 886 1141 929 καὶ
1173 882 1344 939 ἐσέβαλε
1373 882 1400 938 ἡ
1431 883 1608 940 στρατιή
1637 883 1666 940 ἦ

382 967 402 1001 8
414 958 595 1013 Ξέρξεω.
653 956 918 1011 καταβάντες
956 953 1002 997 δὲ
1040 955 1084 996 οἵ
1109 952 1321 1010 ΓΈλληνες
1351 952 1419 996 ἐπὶ
1444 952 1521 1003 τὰς
1558 953 1724 1006 νέας,95
1796 1006 1799 1011 A

208 1082 220 1092 .
251 1035 351 1080 174
408 1026 547 1071 ὀπίσω
578 1024 843 1079 ἐπορεύοντο
876 1023 918 1074 ἐς
949 1021 1024 1065 τόν
1047 1019 1235 1077 Ἰσθμόν.
1292 1020 1415 1076 Αὕτη
1445 1020 1612 1075 ἐγένετο
1641 1019 1669 1077 ἡ

80 1099 177 1128 coacti
209 1099 354 1129 barbfflss
410 1094 454 1145 ἐς
497 1095 737 1149 Θεσσαλίην
766 1091 988 1146 στρατηίη,
1018 1090 1218 1146 βασιλέος
1245 1105 1289 1133 τε
1318 1089 1548 1144 μέλλοντος
1576 1090 1670 1132 δια·
1733 1084 1736 1089 ’

412 1163 580 1218 βαίνειν
611 1161 653 1212 ἐς
680 1160 760 1216 τήν
799 1157 1021 1212 Εὐρώπην
1051 1158 1098 1200 ἐκ
1128 1161 1200 1213 τῆς
1225 1155 1381 1212 Ἀσίης,
1419 1157 1494 1200 καὶ
1523 1154 1670 1207 ἐόντος

79 1135 255 1171 sequuntur.

84 1619 127 1646 cis
145 1617 184 1645 ad
203 1617 355 1651 exciplen-

253 1517 353 1564 175

383 1237 405 1271 2
415 1229 500 1286 ἤδη
529 1229 576 1272 ἐν
601 1226 785 1284 Ἀβύδῳ.

852 1225 1061 1269 Θεσσαλοὶ
1083 1224 1142 1275 δὲ,
1173 1224 1469 1280 ἐρημωθέντες
1499 1223 1670 1278 συμμά-

412 1314 515 1354 χων,
548 1295 662 1340 οὕτω
695 1294 746 1350 δὴ
777 1292 985 1349 ἐμήδισαν
1014 1292 1268 1346 προθύμως,
1297 1289 1386 1334 οὐδ’
1414 1290 1475 1334 ἔτι
1503 1290 1669 1334 ἐνδοια-

416 1368 553 1416 στῶς,
597 1362 706 1406 ὥστε
746 1361 793 1405 ἐν
831 1365 945 1404 τοῖσι
975 1359 1196 1415 πρήγμασι
1235 1358 1470 1414 ἐφαίνοντο
1502 1359 1674 1414 βασιλέϊ

412 1430 565 1486 ἄνδρες
593 1429 737 1481 ἐόντες
766 1426 1092 1486 χρησιμώτατοι.
1678 1434 1698 1468 1

499 1511 554 1552 Οἱ
591 1508 637 1551 δὲ
663 1508 868 1565 ’Έλληνες
899 1507 988 1550 ἐπεί
1016 1522 1061 1549 τε
1091 1505 1274 1548 ἀπίκατο
1310 1505 1352 1556 ἐς
1379 1504 1458 1548 τὸν
1485 1503 1670 1560 Ἰσθμόν,

83 1585 210 1613 Delecta
227 1582 357 1622 aogae-
416 1575 707 1634 ἐβουλεύοντο
727 1576 838 1631 πρὸς
866 1573 919 1617 τοὶ
947 1573 1153 1629 λεχθέντα
1174 1573 1216 1624 ἐξ
1241 1571 1538 1626 Ἀλεξάνδρου,
1569 1566 1597 1628 ᾗ
1624 1587 1669 1614 τε

85 1650 355 1681 ᾱῦωῑιοεῑῑωίω-
383 1644 649 1702 Ξστήσονται
695 1642 774 1687 τόν
815 1641 1008 1698 πόλεμον
1036 1642 1108 1684 καὶ
1149 1641 1195 1684 ἐν
1225 1640 1357 1684 οἵοισι
1385 1638 1577 1695 χώροισι.
1634 1638 1697 1696 ἡὸ

85 1691 185 1722 petum
204 1684 355 1711 Thermo-

85 1720 176 1760 pxloe
194 1721 225 1746 et
242 1719 328 1746 Arte-

85 1761 211 1782 mimum,

364 1864 529 1903 Socratt.
571 1865 639 1905 28.
713 1864 758 1899 In
789 1874 895 1913 seqq.
928 1873 1018 1898 cum

361 1919 588 1971 Schweigh.
611 1927 647 1957 et
664 1918 782 1956 Gaisf.
801 1919 929 1969 scripsi
939 1914 1018 1957 ὑπὸ

360 1980 436 2017 τοῦ
462 1979 632 2026 στρατοῦ
655 1970 849 2023 ἐπιόντος,
880 1975 1020 2011 ubiin-

363 2035 448 2072 vitis
489 2035 592 2070 libris
632 2030 844 2079 Schaefer.‚
881 2029 1018 2067 Matth.

364 2097 402 2126 et
432 2088 561 2126 Bekk.
598 2088 781 2125 dederant
824 2084 904 2127 ’ὑπὸ
947 2089 1020 2125 τοῦ

364 2147 534 2195 στρατοῦ
556 2146 647 2183 τοῦ
669 2141 856 2191 ἐπιόντος,
880 2150 916 2180 et
936 2150 1020 2193 post

363 2203 524 2251 πλῆθος
544 2201 684 2237 inserui
704 2214 767 2246 τε,
797 2193 901 2250 (1νᾷοᾶ
930 2201 1021 2236 Flo-

366 2258 539 2294 rentinus
577 2256 896 2293 subministrabat.
960 2254 1022 2292 Ad

366 2326 504 2352 vocem
537 2308 719 2358 ἐπιόντος
752 2312 894 2348 confer.
926 2318 1023 2348 nott.

366 2369 418 2407 ad
438 2371 519 2417 VII,
544 2368 635 2409 157.
664 2368 785 2405 Paulo
795 2367 1023 2403 iuferiusre-

364 2427 462 2463 tinui
489 2424 556 2464 καὶ
587 2422 745 2474 ἄλλην
783 2423 930 2462 ἐοῦσαν
961 2422 1025 2462 ἐσ-

366 2479 520 2534 βολὴν,
566 2481 633 2517 ubi
670 2479 895 2518 Schaeferus
926 2478 1024 2515 duo-

368 2551 456 2576 rum
478 2536 589 2575 codd.
619 2538 840 2574 auctoritate
867 2536 1025 2585 scripse-

370 2602 430 2631 rat
449 2593 517 2633 καὶ
535 2591 658 2647 ἄλλῃ
683 2593 829 2633 ἐοῦσαν
843 2588 1025 2642 ἐσβολήν.

370 2651 477 2697 Quae
497 2651 679 2688 contiuuo
699 2655 928 2701 sequuntur,
966 2655 1024 2684 at-

372 2708 443 2758 tigi
462 2708 501 2744 iu
525 2714 620 2744 nott.
641 2705 689 2743 ad
708 2707 790 2755 Vll,
812 2706 902 2747 128.

1241 1861 1333 1910 cap.
1356 1859 1561 1896 CLxxlv.

1133 1935 1236 1978 οὕτω
1267 1935 1317 1989 δή
1352 1934 1575 1988 ἐμήδισαν]
1618 1937 1728 1975 Conf.

1076 1995 1213 2034 Suidas
1229 2009 1256 2033 s.
1278 2009 1314 2032 v.
1340 1991 1534 2046 ἐμήδισαν
1553 1996 1571 2030 Ι
1589 2007 1628 2044 p.
1647 1996 1728 2034 723

1077 2052 1171 2102 (ubi
1207 2049 1253 2090 τὰ
1274 2053 1352 2090 τῶν
1375 2047 1536 2101 Μήδων
1557 2049 1728 2099 εἴλοντο)

1076 2110 1162 2146 coll.
1194 2122 1222 2146 s.
1254 2122 1291 2146 v.
1311 2102 1540 2158 Ἀγχὸτερος
1559 2108 1577 2142 Ι
1601 2119 1640 2156 p.
1661 2103 1729 2144 44.

1075 2165 1177 2202 Add.
1207 2163 1399 2201 Plutarch.
1421 2164 1445 2201 l.
1476 2163 1515 2209 l.‚
1549 2163 1614 2213 qui
1640 2174 1730 2198 cum

1076 2220 1270 2258 Herodoto
1287 2232 1435 2269 prorsus
1449 2219 1646 2254 consentit.
1667 2216 1730 2254 Ad

1079 2278 1230 2315 voculas
1253 2273 1356 2314 οὕτω
1379 2271 1427 2322 δ’)
1459 2276 1559 2311 conf.
1593 2272 1730 2311 Matth.

1081 2335 1146 2372 Gr.
1166 2334 1232 2373 Gr.
1255 2333 1292 2377 ς.
1313 2331 1407 2378 565,
1430 2333 1449 2370 1
1473 2344 1512 2382 p.
1535 2333 1654 2372 1113.

1251 2444 1343 2494 Cap.
1374 2443 1562 2480 chxv.

1137 2530 1232 2584 πρὸς
1261 2531 1308 2572 τοὶ
1334 2531 1521 2583 λεχθέντα
1551 2530 1591 2580 ἐξ
1617 2526 1731 2571 Ἀλε-
1796 2519 1806 2560 -”

1082 2587 1293 2642 ξάνδρου]
1350 2591 1409 2626 De
1455 2589 1731 2640 praepositione
1797 2605 1806 2612 ·

1081 2644 1182 2697 πρός
1212 2647 1345 2684 monui
1378 2645 1427 2682 ad
1452 2646 1542 2693 VH,
1587 2647 1665 2684 172
1694 2649 1731 2680 et
1796 2672 1806 2677 ..

1083 2702 1130 2740 de
1150 2716 1220 2740 usu
1240 2702 1523 2755 praeposifiouis
1544 2699 1583 2748 ἐξ
1597 2698 1729 2738 Matth.
