1834 3258
0 812 46 858 [4
120 813 510 872 Φαρμακεύσαντες

430 228 910 267 POLYMNIA.
970 229 1068 266 VII.
1295 225 1379 268 603

113 340 242 385 πόλιν
275 337 451 391 Ἠϊόνα,
490 340 566 393 τῆς
601 337 662 381 ἔτι
693 339 800 391 ζωὸς
830 338 915 381 ἐῶν
957 333 1062 394 ἦρχε
1099 335 1269 392 Βόγης,
1299 340 1381 380 τοῦ

1437 335 1518 363 mina
1539 334 1656 374 Phyjlin
1644 335 1709 361 ndi-

1438 372 1496 396 cta.
1527 368 1612 411 Equi
1634 377 1709 395 can-

83 417 198 463 Ξπερ
228 406 361 465 ὀλίγῳ
389 403 605 460 πρότερον
633 405 802 450 τούτων
822 405 958 462 λόγον
986 404 1233 460 ἐποιεύμην.
1272 402 1300 459 ἡ
1332 403 1379 447 δὲ
1437 403 1499 430 Μ
1508 403 1621 442 S¹fffy¹¹
1625 410 1710 429 ⁰⁰¹²

111 481 168 533 γῆ
197 474 306 530 αὕτη
334 472 361 531 ἡ
389 474 488 528 περὶ
514 473 563 517 τὸ
604 474 834 530 Πάγγαιον
862 473 991 529 ὅρος,
1033 472 1229 517 καλέεται
1264 475 1378 515 Φυλ-

110 545 191 597 λὶς,
229 543 542 588 κατατείνουσα
586 542 638 586 τοὶ
664 543 742 598 μὲν
780 543 891 597 πρός
930 541 1114 597 ἕσπέρην
1147 540 1216 584 ἐπὶ
1245 546 1436 584 ποτα-65

109 609 651 669 μὸνἏγγίτην,ἒκδιδόντα
662 611 703 662 ἐς
731 611 809 654 τὸν
840 608 1094 665 Στρυμόνα,
1123 607 1177 652 τὰ
1203 608 1249 652 δὲ
1275 608 1384 662 πρός
1441 609 1524 652 556

115 680 388 736 μεσαμβρίην
406 680 610 722 τείνουσα
628 679 670 731 ἐς
693 678 832 723 αὐτόν
861 677 939 721 τὸν
966 677 1221 733 Στρυμόνα,
1239 677 1282 728 ἐς
1301 676 1380 720 τόν

113 749 158 791 οἱ
195 747 348 802 Μάγοι
385 746 683 800 ἐκαλλιρέοντο
728 746 962 802 σφάζοντες
991 748 1152 796 ι’ππους
1181 744 1379 796 λευκούς.

109 979 183 1017 τοῦ
195 991 268 1044 περ
281 972 400 1032 όλίγω
412 991 603 1045 προτερον
621 973 717 1016 τού-

53 1049 133 1073 των
169 1029 288 1085 λόγον
325 1030 579 1086 ἐποιεύμην]
628 1033 716 1072 Vid.

53 1091 136 1139 V11,
161 1093 253 1131 109

113 1145 287 1196 Φυλλις]
317 1148 362 1184 In
399 1145 472 1183 hac
501 1159 596 1184 voce
629 1147 716 1184 libri

52 1204 193 1256 scripti,
213 1211 257 1241 ut
275 1204 330 1250 fit,
350 1204 549 1243 fluctuant.
606 1205 715 1242 Φυλ-

47 1259 119 1301 λὶν
139 1258 295 1298 exhibet
323 1251 497 1300 Eustath.
529 1259 578 1298 ad
607 1260 718 1298 Iliad.

55 1332 93 1369 p
109 1318 202 1365 359,
233 1320 286 1358 39
307 1331 337 1355 s.
358 1320 454 1367 272,
474 1318 542 1359 25
578 1319 719 1355 Melio-

56 1376 106 1412 ris
124 1381 240 1411 notae
258 1375 346 1411 libri
367 1388 456 1411 cum
471 1373 606 1425 Steph.
619 1376 716 1427 Byz-

54 1445 134 1469 s.v.
157 1429 304 1477 Φυλλὶς
316 1431 459 1482 Ρ.745,
481 1445 579 1484 quae
597 1433 717 1482 regio,

54 1494 211 1525 notante
231 1489 416 1525 Gatterer.
435 1489 461 1525 l.
481 1489 506 1527 l.
525 1502 613 1540 pag.
637 1491 717 1530 117

54 1558 76 1582 a
96 1547 277 1595 Pangaeo
297 1546 595 1595 septentrionem
628 1559 718 1583 ver-—

53 1615 115 1639 sus
147 1600 442 1650 extendebatur,
493 1604 524 1639 si
559 1602 717 1653 quidem

53 1658 104 1695 ad
129 1657 333 1695 meridiem
365 1660 536 1709 Pangaei
563 1658 716 1697 habita-

55 1716 148 1752 bant
168 1714 322 1752 Edones
347 1728 391 1752 ac
423 1717 565 1753 Pieres.
593 1715 718 1768 Phyl-

53 1772 171 1810 lidem
199 1773 398 1823 regionem
409 1773 617 1824 Strymone
639 1772 719 1824 (cui

53 1843 158 1866 nunc
179 1842 324 1866 nomen
339 1827 512 1880 Struma)
528 1837 564 1866 et
574 1831 717 1881 Angite

57 1885 174 1923 fluvio
193 1887 374 1938 utrinque
394 1887 584 1923 inclusam
603 1900 718 1937 supra

56 1955 147 1978 eum
166 1942 296 1978 locum
326 1941 482 1979 extendi
513 1944 643 1980 statuit
676 1944 719 1981 C.

56 1999 103 2036 0.
124 1999 275 2035 Miiller.
305 1998 451 2047 (Ueber
480 1998 541 2035 die
561 1998 718 2036 Maked.

56 2068 94 2106 p.
119 2053 176 2106 7),
200 2067 276 2107 quo
296 2062 457 2107 uterque
467 2055 605 2093 fluvius
625 2069 718 2093 con-

56 2113 207 2160 iunctus
227 2112 356 2149 lacum
377 2112 513 2160 efficit,
543 2112 592 2150 ad
611 2126 720 2150 mare

57 2181 178 2220 usque
198 2169 279 2205 fere
298 2170 569 2220 pertinentem.

114 2225 154 2272 ἒς
168 2222 238 2264 τόν
257 2225 299 2265 οἱ
310 2221 453 2278 Μάγοι
463 2223 717 2278 ἒκαλλιρὲον-

56 2295 101 2321 το
123 2278 373 2332 σφάζοντες’
364 2282 511 2330 ι’ππους
528 2280 715 2331 λευκούς]

58 2339 158 2388 Apte
169 2346 376 2405 comparat
396 2341 629 2391 Wesseling.
650 2340 717 2388 IV,

62 2396 139 2434 62.
153 2389 435 2445 αποσφαζουσι
445 2412 539 2444 τους
551 2370 719 2449 άνῠθροί-

59 2464 161 2496 πους
200 2449 246 2497 ἐς
285 2449 328 2492 τό
371 2450 509 2506 ἄγγος,
547 2454 613 2490 ubi
639 2453 718 2493 vid.

60 2513 156 2547 nott.
195 2505 296 2545 Add.
316 2509 362 2556 V,
392 2512 431 2550 3.
475 2509 656 2563 Aeschyl.
677 2511 721 2548 S.

60 2575 95 2601 0-
152 2561 232 2600 Th·
280 2562 334 2605 43
390 2563 576 2617 (ταυρο
594 2579 720 2617 σφα-

59 2634 84 2672 y
98 2634 118 2659 ο
130 2621 158 2658 fi
168 2634 221 2658 ντ
236 2633 252 2658 ε
265 2634 284 2666 ς
303 2619 378 2666 εἰς
395 2619 633 2671 μελάνδετον
645 2619 720 2663 σά-

60 2690 144 2723 κος.
173 2677 305 2728 Itaque
326 2675 608 2715 distinctionem
631 2687 719 2716 ante

62 2728 291 2799 σφάζοντες
313 2735 405 2784 poni
431 2735 583 2771 solitam
611 2734 720 2772 dele-

62 2790 123 2838 vi;
136 2802 322 2853 namque
341 2788 381 2837 ἐς
401 2786 470 2830 τόν
489 2793 652 2841 pertinet
671 2791 720 2830 ad

64 2840 290 2896 σφάζοντες,
311 2853 353 2885 ut
372 2847 411 2884 in
420 2848 595 2899 proxime
614 2861 722 2901 seqq.

1436 436 1531 473 magis
1548 436 1706 464 immolati

1418 804 1459 832 Ἐ
1463 812 1544 832 unea
1561 802 1629 831 Hod
1632 803 1678 830 οἱ·

564 815 611 859 δὲ
663 817 801 858 ταῦτα
841 813 884 865 ἐς
922 814 1000 857 τὸν
1036 812 1255 869 ποταμὸν,
1305 813 1379 856 καὶ
1439 838 1625 867 Edonorum
1643 838 1686 866 11„

774 970 1130 1029 φαρμακεύσαντες
1168 997 1225 1004 —-
1266 975 1315 1022 ἔς
1351 973 1441 1015 τόν

772 1029 968 1085 ποταμόν.
1025 1031 1137 1070 Idem
1164 1034 1399 1083 Wesseling.
1419 1046 1441 1070 e

772 1091 900 1128 Tacit.
939 1090 1095 1127 Annall.
1123 1089 1188 1138 VI,
1209 1092 1274 1135 {37
1313 1090 1439 1128 simile

771 1147 1000 1185 sacrificium
1013 1145 1122 1184 affert
1135 1160 1157 1183 a
1167 1146 1341 1185 Tiridate
1352 1148 1436 1184 Eu-

771 1202 898 1255 phrati
919 1204 1044 1251 amni,
1076 1217 1194 1256 quem
1213 1205 1284 1241 sibi
1304 1204 1437 1256 propi-

773 1262 873 1298 tium
899 1259 1097 1309 redderet,
1129 1262 1301 1298 oblatum
1315 1291 1325 1310 ,
1348 1261 1436 1301 coll.

775 1318 902 1358 Strab.
931 1316 1005 1355 XV
1031 1331 1070 1367 p.
1090 1320 1174 1358 732
1194 1320 1242 1355 D.
1261 1332 1291 1356 s.
1315 1317 1439 1358 1065.

772 1376 832 1412 De
863 1377 960 1426 equis
990 1373 1082 1412 albis
1111 1375 1213 1412 conf.
1234 1373 1355 1412 ’citata
1389 1373 1438 1411 ad

773 1431 856 1480 VII,
878 1431 932 1472 40
953 1438 990 1468 et
1011 1429 1058 1468 de
1077 1433 1194 1469 verbo
1221 1435 1440 1482 καλλιερεῖν

774 1485 928 1539 (litare)
950 1495 1047 1531 nott,
1069 1488 1118 1526 ad
1139 1488 1222 1538 VH,
1247 1487 1326 1529 134
1349 1489 1435 1528 coll.

771 1547 841 1595 IX,
875 1548 940 1586 19.

972 1635 1063 1687 cap.
1100 1633 1239 1673 CXIV.

833 1709 1195 1768 Φαρμακεύσαντες
1231 1710 1276 1753 δὲ
1312 1714 1438 1752 ταῦτα

775 1770 815 1819 ἐς
832 1770 904 1811 τὸν
926 1769 1135 1821 ποταμόν]
1159 1773 1184 1808 i.
1206 1784 1241 1811 e.
1262 1771 1332 1806 rite
1351 1783 1439 1820 per-

774 1836 860 1865 acto
889 1828 1071 1866 sacrificio
1106 1840 1317 1879 equorum,
1338 1839 1439 1878 quo—

774 1898 860 1921 rum
880 1886 1034 1935 sanguis
1053 1885 1093 1920 in
1113 1885 1275 1921 fiuvium
1297 1882 1438 1919 demit-

775 1948 930 1989 teretur,
953 1942 1111 1992 aliisque
1139 1953 1184 1977 eo
1213 1940 1439 1991 pertinenti—

775 1999 845 2035 bus
856 1998 904 2035 ad
915 1998 1074 2036 fluvium
1086 1997 1331 2048 placandum.
1350 1998 1385 2034 N
1387 2010 1438 2033 on

775 2055 883 2092 aliter
903 2055 983 2091 fere
1004 2051 1358 2106 καταφαρμάσσων
1381 2066 1438 2091 ve-

774 2113 911 2163 neficiis
940 2113 980 2149 in
1017 2112 1171 2161 aliquem
1192 2113 1250 2149 uti
1272 2112 1320 2157 II,
1345 2113 1438 2150 181.

774 2170 825 2205 Et
845 2168 976 2205 confer
1009 2169 1057 2205 sis
1084 2169 1237 2206 Winer.
1258 2167 1307 2204 ad
1326 2167 1438 2203 Pauli

774 2227 895 2276 Epist.
917 2224 966 2262 ad
987 2226 1110 2262 Galat.
1131 2225 1179 2272 V,
1203 2227 1268 2265 19.
1305 2226 1437 2275 Ipsum

774 2294 866 2320 vero
896 2295 1046 2320 sacrum
1075 2295 1210 2319 eorum
1245 2295 1266 2318 e
1295 2294 1437 2331 genere

775 2339 888 2377 fuisse
903 2338 1065 2387 videtur,
1091 2352 1189 2391 quae
1208 2337 1257 2375 ad
1279 2338 1359 2385 Vll,
1383 2337 1437 2378 53

776 2397 984 2446 attigimus.
1042 2396 1161 2448 Atqui
1206 2394 1256 2432 ad
1305 2395 1438 2432 Solem

777 2466 868 2490 cum
906 2453 1122 2504 pertineant
1158 2452 1233 2490 albi
1259 2454 1366 2502 equi,
1395 2457 1437 2487 ut

775 2509 941 2549 vidimus
962 2509 1011 2547 ad
1030 2508 1190 2558 V11‚4o,
1212 2508 1295 2546 Soli
1315 2509 1439 2558 potius

777 2580 895 2618 equos
922 2573 1107 2604 mactatos
1128 2579 1208 2603 esse
1237 2565 1438 2601 arbitratur

776 2622 962 2660 Kleuker.
981 2624 1021 2659 in
1031 2621 1245 2673 Appendic.
1268 2620 1317 2657 ad
1332 2622 1438 2655 Zen-

777 2679 920 2718 davest.
949 2681 1004 2716 111
1033 2693 1072 2729 p.
1103 2677 1155 2718 24
1190 2689 1270 2728 seq.
1290 2690 1349 2713 ur.
1371 2676 1438 2723 53,

775 2737 1013 2787 fluviumque
1042 2735 1188 2771 iniectis
1217 2732 1335 2769 modo
1365 2731 1437 2769 do—

775 2795 833 2831 nis
853 2793 1012 2830 coluisse
1031 2792 1176 2840 Magos,
1212 2790 1265 2826 ita
1280 2796 1322 2826 ut
1341 2790 1437 2826 utri-

775 2863 896 2902 usque
926 2848 1105 2886 elementi
1133 2847 1361 2898 priiicipalis,
1381 2846 1438 2883 lu-
