1834 3258
516 215 816 251 ERATO.
874 214 948 250 VI.

1290 214 1374 252 355

0 337 48 382 η
110 344 162 371 τα
189 327 268 383 μὲν
296 324 349 380 δή
385 323 572 378 ὕστερον
614 324 787 380 ἐγίνετο.
845 321 1111 378 Αἰγινητέων
1141 322 1187 366 δὲ
1214 323 1260 365 οἱ
1295 337 1374 364 πα·
1387 327 1543 393 ιὸξαῗιεῃ
1527 341 1561 361 ro
1564 340 1578 360 a

108 394 222 451 χέες,
252 392 576 444 ἐπαναστάντος
616 395 694 435 τοῦ
735 389 877 446 δήμου
918 402 996 446 σφι
1028 389 1116 447 ἅμα
1146 388 1372 444 Νικοδρό-
1431 375 1478 427 nae
1495 375 1543 427 ’ΞΠ
1558 375 1578 428 ἶ
1626 377 1642 394 e
1666 376 1675 394 ¹

106 478 197 520 μῳ,
252 459 572 516 ἐπεκράτησαν·
602 459 676 503 καὶ
707 456 851 502 ἔπειτά
882 469 1018 513 σφεας
1048 458 1373 514 χειρωσάμενοι,

77 529 263 583 Ξέξῆγον
305 527 571 577 ἀπολέοντες.
623 525 710 570 άπὸ
754 524 919 569 τούτου
958 524 1003 569 δὲ
1042 526 1115 567 καὶ
1161 525 1265 581 ἄγος
1293 537 1373 582 σφι

104 597 269 651 ἐγένετο
281 627 295 647 ,Ἴ
321 593 371 638 τό
391 592 667 638 ἐκθύσασθαι
698 592 781 638 οὐκ
812 591 899 637 οἷοί
924 608 970 636 τε
999 592 1195 647 ἐγίνοντο
1226 594 1373 650 ἐπιμη-

106 662 368 719 χανώμενοι,
412 661 506 706 ἀλλ’
540 663 740 718 ἔφθησαν
784 658 1037 711 ἐκπεσόντες
1079 660 1292 716 πρότερον
1327 662 1374 705 ἐκ

76 735 184 786 ὃτῆς
212 731 375 786 νήσου,
406 730 433 786 ἥ
464 744 545 787 σφι
574 732 702 774 ἵλεων
731 730 936 785 γενέσθαι
964 726 1044 783 τὴν
1072 728 1196 772 θεόν.
1242 729 1374 772 ἑπτα·
1388 737 1431 770 20

101 801 280 849 κοσίους
308 798 392 854 γὰρ
425 799 476 854 δὴ
507 803 587 843 τοῦ
618 796 762 855 δήμου
794 793 1101 852 ζωγρήσαντες,
1134 796 1285 853 ἐξῆγον
1314 795 1372 849 ὠς

103 865 373 917 ἀπολέοντες.
412 863 472 916 εἷς
502 866 548 910 δέ
578 882 643 917 τις
672 863 842 909 τούτων
886 863 1093 920 ἐκφυγών
1132 865 1185 908 τοι
1225 865 1371 921 δεσμά,

103 931 366 990 καταφεύγει
398 934 508 989 πρὸς
552 933 760 990 πρόθυρα
790 930 1024 988 Δήμητρος
1064 930 1372 990 θεσμοφόρου

74 1001 508 1058 4ἐπιλαμβανόμενος
539 1002 585 1046 δὲ
613 1006 701 1045 τῶν
731 1000 1088 1056 επισπαστήρων,
1128 1002 1274 1056 εἴχετο.
1326 1002 1370 1044 οῖ
1425 1015 1501 1056 481

103 1070 173 1122 δὲ,
211 1070 303 1114 επεί
331 1086 375 1114 τε
403 1086 479 1125 μιν
518 1067 774 1114 ἀποσπάσαι
806 1066 889 1112 οὐκ
920 1069 1009 1111 οἱοί
1037 1083 1082 1113 τε
1103 1065 1371 1121 α’πέλκοντες

264 1255 357 1306 Cap.
385 1255 489 1292 XCI.

101 1312 144 1352 οἷ
159 1310 317 1363 παχέες]
348 1311 436 1350 vid.
464 1318 561 1349 nott.
592 1309 642 1347 ad
661 1310 707 1359 V,

36 1372 110 1418 30,
131 1370 199 1406 ubi
229 1371 343 1407 etiam
371 1368 419 1406 de
445 1382 541 1407 voce
562 1365 706 1420 δήμου.

99 1422 142 1466 vd
168 1417 453 1475 ε’κθυσασθαι]
493 1427 520 1463 i.
549 1439 582 1463 e.
617 1423 709 1475 quod

45 1484 228 1534 (impium
249 1483 408 1534 scelus)
465 1484 610 1533 expiare
640 1494 709 1519 non

39 1543 238 1590 potuerunt.
286 1542 386 1576 Nam
435 1535 705 1586 ἐκθύσασθαι,

43 1603 86 1633 ut
119 1597 292 1633 observat
321 1596 371 1633 ad
387 1595 427 1636 h.
447 1597 476 1634 l.
504 1594 704 1643 Valckeu„

43 1654 230 1704 siguificat
266 1655 358 1691 iram
384 1653 525 1691 deorum
549 1652 705 1704 piaculis

42 1722 72 1747 s.
91 1712 244 1748 victimis
263 1711 409 1761 placare
442 1708 702 1761 piacularibus,

41 1766 209 1819 indeque
230 1766 431 1804 adhibetur
450 1769 491 1803 in
505 1779 704 1817 procuran-

41 1822 98 1861 dis
127 1825 299 1861 ominibus
332 1828 366 1862 et
404 1824 604 1874 prodigii-9,
661 1829 704 1859 ut

43 1879 146 1931 apud
166 1882 280 1917 Dion.
302 1881 405 1920 Cass,
432 1882 535 1928 XLI,
565 1880 615 1920 14
634 1879 704 1916 fin.

43 1937 182 1988 Synes.
201 1938 365 1974 Encom.
387 1937 523 1977 Calvit.
537 1949 576 1986 p.
592 1935 646 1976 74
657 1937 704 1973 Β.

42 1993 217 2030 Eustath.
248 1992 297 2029 ad
330 1995 487 2030 Homer.
521 2006 558 2043 p.
584 1994 703 2040 1223,

43 2050 95 2091 51
118 2063 148 2087 s·
171 2053 292 2098 1306,
316 2052 381 2090 19.
440 2051 539 2086 Hinc
566 2048 704 2085 Suidas

42 2107 62 2142 Ῑ
82 2119 122 2157 p·
144 2109 247 2147 692:
279 2103 535 2146 ἐκθύσασθαι
558 2103 603 2144 vd
624 2105 704 2153 ἐξι-

43 2159 271 2203 λεώσασθαι
288 2163 356 2202 καὶ
390 2162 702 2214 ἐκμειλίξασθαι.

41 2221 121 2268 His,
144 2232 243 2272 quae
263 2221 387 2257 attulit
410 2220 701 2269 Wesselingius,

45 2275 112 2316 Cr.
134 2276 239 2313 addit
257 2275 535 2328 VVyttenbach.
547 2275 596 2313 ad
608 2277 704 2312 Plu-

42 2331 162 2370 tarch.
193 2335 327 2371 Moral.
356 2333 640 2371 Animadverss.
661 2346 701 2384 p.

43 2391 138 2437 931,
169 2391 235 2441 qui
266 2387 490 2430 ε’κθύεσθαι
518 2397 620 2428 recte
639 2391 702 2426 in-

42 2451 292 2496 terpretatur:
330 2449 472 2497 expiare
494 2460 558 2497 per
586 2448 703 2484 sacri-

35 2503 139 2552 ficia.
188 2504 283 2540 Mox
303 2505 475 2555 rescripsi
495 2517 515 2540 e
535 2505 702 2541 Florent.

43 2557 219 2610 ἐγίνοντο
250 2573 319 2610 pro
340 2559 532 2612 ἐγένοντο.
563 2560 626 2598 Ad
642 2561 703 2597 lo-

47 2617 242 2653 cutionem
271 2616 458 2666 ἔφθησαν
477 2614 704 2664 ἐκπεσόντες

48 2673 147 2711 conf.
167 2681 264 2710 nott.
286 2673 334 2710 ad
353 2674 417 2721 IV,
442 2676 534 2714 136.

102 2729 245 2782 ἐξῆγον
278 2729 333 2777 ὥς
373 2726 636 2778 οἷπολέοντες]
677 2731 703 2767 i.

47 2796 82 2822 e.
101 2786 297 2825 eduxerunt
327 2786 585 2837 interficiendos
603 2800 632 2823 s.
654 2786 704 2823 ad

47 2843 265 2893 supplicium.
286 2844 358 2881 Ubi
370 2843 445 2881 duo
458 2842 571 2880 codd.
588 2844 704 2880 omit-

765 1260 852 1290 tunt
873 1248 928 1299 ὦς
943 1281 954 1300 ,
1004 1251 1109 1304 quod
1138 1252 1254 1304 paulo
1280 1259 1369 1289 ante
1388 1253 1428 1290 in

765 1309 902 1346 eadem
912 1310 1105 1346 locutione
1116 1311 1242 1347 nullus
1251 1310 1347 1347 liber
1354 1308 1427 1346 ha-

765 1366 843 1404 bet.
899 1367 952 1403 At
977 1368 1137 1404 voculae
1160 1365 1234 1415 ὥς,
1264 1374 1308 1404 ut
1328 1368 1427 1404 bene

763 1430 900 1460 monet
921 1425 1172 1475 Wesseling„
1201 1437 1314 1475 saepe
1331 1453 1340 1471 ‚
1361 1424 1428 1460 ubi

763 1482 844 1518 sine
865 1479 1093 1518 detrimento
1114 1482 1345 1528 reticeretur,
1360 1493 1429 1518 sua

762 1539 818 1575 vis
845 1551 1011 1590 suusque
1041 1546 1096 1575 est
1125 1539 1257 1589 lepor,
1307 1544 1351 1574 ut
1386 1538 1427 1574 iu

763 1594 909 1632 Herod.
937 1596 1000 1643 VI,
1035 1598 1100 1636 18.
1140 1596 1238 1632 Plat.
1268 1596 1427 1632 Menex.

744 1641 800 1703 'p.
820 1651 902 1691 240
922 1653 970 1691 D.
987 1653 1151 1691 Pausan.
1173 1654 1309 1690 Boeot.
1330 1652 1426 1702 (lx)

763 1713 813 1749 13
836 1710 873 1754 ξ·
895 1712 935 1749 2.
965 1712 1006 1750 3.
1036 1705 1191 1749 τούτων
1227 1708 1316 1746 dedi
1354 1720 1425 1759 pro

757 1763 942 1804 τουτέων.
999 1765 1063 1803 Ad
1099 1766 1254 1804 Cererem
1283 1766 1426 1816 δεσμο-

762 1818 910 1874 φὸρον,
942 1824 1048 1860 cuius
1070 1824 1117 1860 ab
1136 1824 1332 1873 Aeginetis
1345 1822 1424 1859 cul-

760 1884 822 1914 tae
854 1879 960 1915 nulla
991 1880 1079 1915 alibi
1107 1881 1277 1927 mentio,
1321 1877 1424 1916 conf.

761 1947 860 1986 quae
876 1934 925 1971 ad
950 1935 994 1982 V,
1017 1937 1071 1975 82
1095 1937 1326 1976 notavimus.

817 1988 1210 2042 ἐπιλαμβανόμενος]
1249 1994 1306 2029 Ita
1333 2005 1423 2028 me-

758 2047 870 2084 liores
890 2047 1120 2100 codd.‚quos
1139 2050 1260 2086 secuti
1278 2062 1423 2086 sumus.

758 2105 836 2140 Alii
878 2102 1183 2157 ἐπιλαβόμενος,
1235 2107 1423 2157 probante

757 2160 933 2198 Eustath.
955 2161 1003 2198 ad
1018 2161 1150 2215 Odyss.
1163 2164 1180 2199 1
1197 2176 1285 2214 pag.
1301 2166 1422 2211 1429,

758 2220 785 2258 2
805 2219 883 2255 sive
913 2222 981 2267 72,
1012 2222 1050 2259 3.
1081 2239 1138 2250 --
1174 2216 1420 2272 ἐπισπαστήρ

758 2282 916 2312 vocatur
927 2276 1104 2313 marculus
1115 2290 1144 2313 s.
1155 2277 1321 2323 annulus,
1344 2289 1421 2328 quo

757 2332 914 2368 ianuam
965 2333 1124 2371 clausuri
1182 2334 1422 2381 attrahebant,

757 2396 940 2426 monente
968 2388 1228 2429 Hemsterhus.
1259 2390 1307 2427 ad
1327 2391 1421 2426 Pol-

757 2447 834 2483 luc.
865 2447 916 2493 X,
943 2449 1011 2487 23.
1047 2447 1078 2483 C
1088 2460 1117 2484 r.
1149 2448 1296 2484 confert
1323 2448 1421 2483 Βόῒ-

758 2504 866 2553 tiger.
886 2504 926 2539 iu
941 2505 1040 2540 Neu.
1061 2502 1232 2541 deutsch.
1253 2505 1420 2540 Mercur.

762 2563 882 2602 1802.
927 2562 1029 2599 Part.
1060 2562 1078 2596 I
1108 2574 1195 2611 pag.
1225 2563 1278 2601 36
1315 2569 1419 2611 seq.[3

761 2617 807 2653 ab
841 2618 922 2653 aliis
952 2618 1194 2668 scriptoribus
1223 2616 1296 2654 hac
1314 2618 1354 2652 in
1378 2629 1418 2652 re

760 2669 930 2724 ῥόπτρου
962 2673 1036 2711 dici
1067 2673 1115 2711 ad
1135 2673 1174 2711 h.
1199 2675 1224 2710 l.
1246 2673 1417 2724 pluribus

758 2732 983 2768 monstravit
1036 2729 1220 2767 Valcken.
1308 2727 1419 2773 Quod

758 2800 848 2824 vero
868 2788 1009 2824 Pollux
1028 2788 1079 2834 X,
1101 2789 1155 2826 22
1190 2786 1275 2822 coll.
1306 2784 1417 2823 Suid.

758 2856 787 2880 s.
808 2857 844 2882 v.
865 2845 883 2880 I
902 2857 941 2894 p.
962 2845 1043 2883 829
1069 2843 1153 2920 (uki
1172 2837 1418 2893 ἐπισπαστή-

1038 2902 1091 2939 23
