1789 3213
280 617 646 667 ADDENDA
680 631 744 665 ΕΤ
783 616 1323 667 CORRIGENDA.

63 900 116 933 Ad
138 898 183 943 v,
208 902 227 938 1
251 901 361 979 piei-:²
391 897 911 988 lffetssssegpgbffialggggh-lssglg
937 897 989 978 ἒξ
1004 896 1548 989 sgd.1328.et(32iigingsy‹}idv)lalss.

281 1002 326 1025 en
349 990 482 1024 Maced.
506 990 525 1023 I
549 998 580 1034 p.
603 992 683 1033 177)
708 991 860 1024 Paeones
885 990 1075 1032 Strymonis
1102 990 1195 1034 ripas
1220 991 1378 1035 utrinque
1400 992 1550 1024 tenuisse

280 1036 376 1082 ponit
398 1036 477 1070 inde
502 1048 523 1069 a
546 1037 707 1079 Pangaeo
732 1041 845 1069 monte
872 1047 981 1080 usque
1005 1035 1048 1068 ad
1073 1036 1265 1079 Strymonis
1291 1039 1413 1070 fontes.
1478 1037 1549 1077 Qui

281 1094 357 1126 cap.
385 1084 427 1117 13
451 1087 679 1116 memorantur
703 1082 867 1122 Paeones,
894 1092 952 1114 eos
983 1082 1166 1115 Homerum
1189 1082 1229 1115 Il.
1254 1083 1302 1124 ΙΙ,
1327 1083 1394 1118 848
1427 1083 1551 1117 intelli-

281 1139 363 1173 gere
393 1129 505 1162 Bothe
535 1128 611 1162 vult
634 1128 677 1161 ad
700 1128 733 1161 h.
758 1128 782 1162 l.
830 1127 903 1161 Hos
937 1132 1047 1161 autem
1072 1129 1224 1162 Paeones
1257 1130 1405 1163 Paeanis
1428 1131 1552 1163 clamo-

279 1185 352 1207 rem
376 1174 419 1207 ad
444 1185 538 1207 suum
561 1185 696 1218 quoque
715 1185 835 1207 nomen
862 1173 1020 1207 retulisse
1042 1173 1086 1208 ad
1109 1185 1206 1219 seqq.
1232 1175 1372 1210 adnotat
1403 1174 1551 1210 Schoell.

279 1219 314 1253 in
338 1230 425 1253 vers.
451 1219 621 1253 vernacul.
645 1219 825 1253 Herodoti.

63 1263 118 1298 Ad
141 1264 186 1308 V,
209 1266 229 1302 1
253 1277 288 1311 p.
313 1267 347 1301 3.
394 1265 446 1298 Ad
469 1266 571 1298 hosce
596 1265 790 1299 Perinthios
813 1264 846 1298 in
858 1265 923 1298 hac
939 1276 1053 1308 pugna
1069 1276 1187 1298 caesos
1209 1266 1343 1308 multos,
1367 1266 1552 1300 Prokesch.

281 1312 316 1346 in
349 1310 481 1346 Annali.
516 1311 717 1346 Viennenss.
744 1310 815 1344 Vol.
840 1311 958 1344 LXIII
991 1312 1074 1343 Anz.
1100 1311 1152 1344 Bl.
1179 1323 1212 1355 p.
1238 1316 1282 1346 40
1306 1313 1428 1345 referri
1451 1323 1552 1357 posse

282 1361 383 1402 putat
419 1357 535 1402 plures
560 1357 704 1390 tumulos
728 1356 839 1390 adhuc
862 1357 895 1390 in
920 1369 961 1390 ea
986 1359 1078 1390 terra
1102 1358 1310 1401 conspicuos.

63 1402 118 1436 ‘Ad
141 1403 184 1446 V,
207 1401 231 1438 4
252 1414 286 1449 p.
312 1406 344 1439 6.
367 1405 402 1437 7.
451 1403 550 1443 Quae
567 1403 763 1436 Herodotus
788 1403 845 1436 hic
869 1403 986 1436 scribit
1010 1403 1053 1436 de
1066 1403 1206 1436 Transis
1228 1415 1347 1437 recens
1380 1406 1477 1436 natos
1500 1403 1553 1435 lu-

284 1448 452 1493 gentibus,
479 1449 520 1481 de
546 1448 680 1482 feminis
704 1449 739 1481 in
763 1448 876 1482 mariti
899 1449 1026 1482 tumulo
1050 1450 1207 1483 mactatis
1233 1451 1325 1494 (cap.
1354 1450 1393 1489 5)
1412 1476 1419 1487 ‚
1444 1461 1483 1482 ea
1509 1448 1553 1481 ad

283 1494 459 1539 opiniones
483 1493 630 1527 Graecis
654 1494 789 1538 quidem
813 1495 941 1528 alienas
968 1495 1028 1527 sed
1056 1506 1118 1538 per
1141 1495 1303 1528 orientem
1327 1506 1464 1539 sparsas
1497 1506 1554 1527 re-

285 1540 373 1574 ferri
410 1540 482 1573 vult
513 1540 553 1573 C.
576 1540 621 1574 O.
648 1540 783 1573 Mulier.
812 1540 834 1573 l.
860 1541 881 1574 I.
908 1552 940 1585 p.
965 1542 1022 1575 58.
1049 1542 1113 1578 59,
1139 1541 1196 1574 ubi
1220 1541 1306 1574 idern
1332 1540 1554 1585 polygamiam

283 1586 356 1620 illic
389 1586 617 1626 obtinentem,
647 1597 771 1619 uxores
797 1592 903 1619 emtas
928 1586 1161 1619 hereditateve
1184 1587 1349 1626 traditas,
1397 1592 1496 1619 natos
1520 1586 1555 1619 in

284 1631 484 1666 servitutem
508 1632 673 1674 venditos,
697 1632 741 1664 ad
763 1632 906 1665 indolem
931 1633 1111 1665 barbaram
1140 1633 1383 1666 Macedonibus
1415 1642 1555 1677 prorsus

284 1677 491 1721 incognitam
513 1679 631 1710 refert.
680 1678 782 1717 Quod
807 1678 849 1711 ad
873 1678 965 1711 illum
989 1689 1127 1721 morem,
1153 1690 1219 1722 quo
1242 1679 1277 1711 in
1301 1679 1408 1712 lucem
1447 1678 1555 1711 editos

283 1723 402 1767 lugent
425 1728 642 1768 mortuosque
666 1724 851 1765 celebrant,
877 1735 996 1768 parum
1020 1729 1114 1757 recte
1153 1725 1204 1758 sic
1228 1725 1351 1758 statuit
1385 1724 1554 1758 Choiseul.

286 1769 447 1803 Gouffier
472 1770 633 1813 (Voyage
657 1775 720 1803 etc.
745 1770 789 1803 T.
815 1770 849 1802 ΙΙ
873 1782 907 1814 p.
935 1771 1029 1813 101),
1053 1771 1262 1804 Herodotum
1278 1782 1331 1811 ea,
1355 1783 1442 1815 quae
1455 1769 1554 1815 pauci

285 1815 434 1860 quidam,
458 1815 502 1848 de
524 1827 587 1848 sua
610 1815 769 1848 libertate
794 1815 1027 1860 desperanteS,
1053 1828 1128 1850 cum
1151 1817 1268 1850 durani
1287 1817 1453 1849 subierint
1481 1826 1555 1848 ser-

286 1861 442 1902 vitutem,
465 1861 586 1894 fecisse
609 1861 820 1901 viderentur,
845 1862 887 1894 ad
901 1873 1015 1894 omnes
1039 1864 1168 1895 referre
1178 1863 1351 1905 totiusque
1368 1862 1479 1905 gentis
1503 1861 1555 1894 in-

285 1906 401 1939 dicare
426 1906 714 1940 consuetudinem.
739 1929 785 1932 —
808 1907 847 1939 In
871 1907 945 1950 ipso
971 1907 1139 1942 Herodoti
1162 1913 1258 1942 textu
1291 1909 1471 1942 Bekkerus
1495 1919 1557 1952 pro

289 1949 529 1995 ἀνηγεόμενοι
554 1953 596 1986 de
620 1964 679 1986 suo
704 1952 799 1986 dedit
824 1950 1088 1996 ἅπηγεόμενοι.

68 1997 120 2032 Ad
143 1997 186 2041 V,
210 1999 233 2033 6
256 2010 334 2044 pag.
359 2002 392 2032 9.
438 1998 552 2032 Locus
582 1998 617 2031 in
652 1998 856 2042 Cousine'ryi
887 1999 1063 2042 itinerario
1086 1999 1211 2044 legitur
1243 2000 1342 2034 Tom.
1366 1999 1384 2034 I
1407 2011 1486 2045 pag.
1511 1999 1558 2034 93

290 2046 405 2079 —97.

71 2089 123 2122 Ad
148 2090 188 2130 V,
213 2091 234 2124 8
257 2102 336 2135 pag.
364 2091 416 2124 13.
465 2090 580 2123 Verba
610 2088 656 2122 τὰ
681 2088 831 2133 μέγιστα
856 2086 976 2124 ἄεθλα
999 2091 1146 2125 τίθεται
1169 2088 1264 2124 κατὰ
1289 2090 1398 2135 λόγου
1422 2101 1555 2134 μουνο-

290 2134 423 2179 μαχίης
445 2135 496 2168 ita
513 2135 657 2179 intelligi
675 2137 746 2170 vult
771 2137 897 2180 Negris
919 2137 953 2170 in
979 2137 1139 2178 editione,
1162 2149 1250 2182 quae
1274 2138 1401 2182 prodiit
1428 2136 1556 2170 Edinb.

292 2183 381 2216 1833
406 2181 535 2214 duobus
562 2182 804 2223 Voluminibus,
829 2183 972 2216 Scholiis
997 2184 1141 2217 Graecis
1164 2183 1353 2217 instructa:
1389 2181 1437 2216 τὰ
1460 2180 1557 2226 μέγι-

291 2237 359 2260 στα
383 2222 504 2260 ἄεθλα
527 2227 674 2260 τίθεται
697 2229 742 2273 τῇ
767 2229 996 2273 μουνομαχίῃ
1020 2226 1114 2262 κατὰ
1137 2228 1246 2273 λόγον
1271 2226 1399 2273 αὐτῆς.

73 2270 125 2305 Ad
147 2271 192 2313 V,
215 2272 239 2306 9
262 2283 343 2317 pag.
370 2275 423 2308 13.
470 2274 537 2306 Pro
563 2269 716 2315 ἄπειρος
728 2275 876 2308 Bekker.
902 2275 1045 2308 coniecit
1069 2271 1223 2318 ἄπορος.
1249 2275 1334 2309 Mihi
1358 2277 1390 2308 h.
1406 2275 1427 2308 l.
1453 2272 1560 2307 ἄπει-

290 2330 355 2362 ρος
376 2324 447 2352 est:
472 2320 621 2361 infinita,
646 2321 741 2353 haud
765 2322 953 2355 terminata
976 2323 1085 2367 regio.
1135 2323 1254 2366 ltaque
1273 2322 1352 2355 nihil
1376 2321 1524 2365 requiro.

73 2361 125 2396 Ad
154 2362 196 2407 V,
221 2364 263 2399 11
290 2377 368 2409 pag.
395 2365 449 2399 17.
497 2365 568 2407 Iis,
605 2377 692 2410 quae
727 2366 769 2400 de
804 2368 958 2411 Myr-cino
984 2367 1145 2409 diximus,
1172 2369 1248 2401 add.
1278 2367 1466 2409 Cousine'ry
1490 2366 1511 2399 l.
1537 2365 1560 2398 l.

290 2412 389 2444 Tom.
413 2411 449 2444 ΙΙ
467 2422 501 2455 p.
526 2412 560 2452 3,
588 2412 646 2455 qui
685 2413 876 2456 Myrcinum
899 2415 1014 2446 urbem
1048 2413 1148 2447 sitam
1173 2414 1276 2447 fuisse
1300 2413 1472 2446 contendit
1495 2423 1560 2445 non

290 2456 391 2500 longe
414 2457 456 2490 ab
482 2457 678 2491 recentioris
703 2459 827 2492 aetatis
852 2459 975 2505 oppido
1003 2460 1153 2505 Ziglzma
1176 2459 1283 2503 (quod
1306 2459 1413 2504 ipsum
1440 2458 1561 2501 exiguo

293 2502 602 2582 {23³⁰23³⁵{Zi1e2b
626 2504 894 2585 issssiaffmibi‘
916 2506 1461 2585 ἶὲιῖἴιῗᾈὲἔῑὢῗὲυἷοὲἒέἑῗῐυξῖ
1480 2503 1560 2582 ἱὲῗῗ

1522 2565 1529 2581 ,
1547 2567 1559 2572 -

295 2593 397 2638 quiae
412 2562 641 2629 inveniuntui.
780 2577 790 2593 ⁹

78 2637 129 2671 Ad
155 2637 197 2681 V,
221 2638 265 2673 12
289 2649 365 2683 pag.
393 2640 445 2674 18.
478 2641 530 2672 Ad
549 2652 601 2681 ea,
626 2642 837 2685 quaeverbis
859 2638 1213 2685 ἅδελφεὴνμεγάλην
1223 2653 1260 2675 τε
1271 2641 1333 2675 καὶ
1344 2638 1488 2675 εὐειδέα
1500 2641 1561 2673 ad-

295 2684 502 2728 scripsimus,
527 2685 607 2719 addi
633 2688 794 2730 volumus,
817 2699 905 2732 quae
929 2688 962 2721 in
983 2687 1123 2720 eandem
1135 2698 1203 2720 rem
1228 2687 1424 2721 observavit
1450 2688 1562 2720 Bloni-

295 2729 388 2763 field.
406 2729 442 2763 in
467 2731 621 2765 Glossar.
648 2733 689 2766 ad
714 2734 872 2777 Aeschyl.
887 2735 980 2768 Pers.
1006 2735 1071 2768 189
1097 2737 1131 2767 et
1157 2734 1195 2766 A.
1222 2735 1265 2766 G.
1292 2733 1563 2766 Winckelmann.

297 2776 340 2809 ad
357 2775 486 2810 Platon.
511 2777 710 2820 Euthydem.
735 2791 769 2823 p.
797 2781 828 2814 5.

80 2818 130 2854 Ad
154 2820 197 2866 V,
223 2822 267 2856 12
282 2833 359 2867 pag.
387 2823 439 2857 19.
488 2822 538 2856 Ad
572 2825 710 2857 verbum
743 2820 870 2868 ἄρδειν
906 2824 1137 2859 illustrandum
1174 2825 1262 2857 conf.
1295 2835 1430 2869 quoque
1454 2823 1565 2857 Blom-

295 2867 387 2904 field.
412 2867 568 2903 Glossar.
593 2870 635 2903 ad
662 2871 823 2915 Aeschyl.
850 2873 945 2905 Pers.
972 2873 1049 2906 811.
1081 2891 1115 2896 —
1166 2870 1204 2904 In
1230 2881 1301 2916 seq.
1327 2882 1403 2915 cap.
1429 2871 1483 2911 13,
1509 2868 1565 2903 ubi
