1815 3181
68 609 198 636 classem
220 610 309 636 lrire

68 643 161 669 mium
178 651 246 669 ccci.
249 651 286 669 111

68 675 194 711 Ladam,
213 675 258 702 in.
246 676 344 703 ulam

69 696 194 736 Mileto
201 709 343 737 adiacen-

69 747 140 777 tem,
153 746 274 778 cogunt,

64 1629 206 1669 pacisque
232 1629 333 1657 condi-

64 1664 160 1691 tiones
179 1672 197 1690 a
213 1663 316 1693 Persis

65 1697 236 1733 propositas

398 233 481 273 236

798 226 1258 266 HERODOTl

397 343 612 397 πληροῦν,
641 336 1015 392 ὑπολειπομένους
1033 336 1247 392 μηδεμίαν
1273 339 1363 380 τῶν
1391 338 1524 380 νεῶν·
1554 340 1657 392 πλη-

399 409 621 463 ρώσαντας
650 405 716 455 δὲ,
755 404 1042 458 συλλέγεσθαι
1068 402 1150 460 τήν
1178 405 1379 460 ταχίστην
1418 405 1461 454 ἐς
1490 401 1656 459 Λάδην,

398 471 838 532 προναυμαχήσοντας
866 471 1082 528 Μιλήτου.
1124 470 1148 528 ἡ
1178 472 1225 515 δὲ
1255 471 1378 528 Λάδη
1406 471 1493 515 ἐστὶ
1522 475 1658 527 νῆσος

305 546 338 590 8
397 543 553 598 σμικρὴ
587 541 655 584 ἐπὶ
697 543 750 597 τῇ
787 538 889 583 πόλι
927 543 982 597 τῇ
1019 541 1253 596 Μιλησίων
1287 539 1472 595 κειμένη.
1530 537 1658 582 Μετοὶ

304 642 343 670 ad

401 610 447 654 δὲ
474 612 631 661 ταῦτα,
678 607 1034 664 πεπληρωμένῃσι
1071 611 1170 665 τῇσι
1206 607 1336 663 νηυσὶ
1372 610 1576 663 παρῆσαν
1614 609 1660 650 οἱ

387 677 559 728 Ἴωνες·
589 675 672 719 σύν
700 676 746 719 δέ
776 687 855 731 σφι
890 676 964 719 καὶ
989 675 1192 719 Αἰολέων
1228 677 1274 717 οἳ
1302 674 1474 730 Λέσβον
1499 675 1714 730 νέμον·80

369 753 481 789 Ξται.
539 742 772 788 ἐτάσσοντο
803 744 850 788 δὲ
877 737 972 787 ὧδε.
1017 743 1067 787 τὸ
1096 742 1175 798 μὲν
1203 742 1315 796 πρὸς
1341 741 1424 799 τήν
1453 743 1510 786 ἕω
1540 740 1657 799 εἶχον

394 814 523 869 κέρας
552 810 678 855 αὐτοὶ
706 810 942 868 Μιλήσιοι,
979 810 1080 861 νέας
1107 809 1398 866 παρεχόμενοι
1439 809 1659 866 ὀγδώκον-

366 887 464 923 3τα.
514 881 680 935 εἴχοντο
722 880 769 923 δὲ
804 877 975 922 τούτων
1015 871 1226 935 Πριηνέες
1266 876 1466 921 δυώδεκα
1513 878 1658 934 νηυσὶ,

394 948 469 991 καὶ
497 946 721 991 Μυούσιοι
749 947 865 1002 τρισὶ
892 947 1046 1004 νηυσί·
1085 947 1332 990 Μυο-υσίων
1361 946 1408 990 δὲ
1449 944 1576 1003 Τήῖοι
1604 948 1657 989 εἴ,
1670 953 1715 988 85

391 1032 523 1072 χοντο
562 1015 846 1059 ἑπτακαίδεκα
882 1017 1032 1071 νηυσί·

1076 1017 1221 1071 Τηΐων
1270 1013 1316 1057 δὲ
1354 1015 1519 1069 εἴχοντο
1556 1017 1660 1057 Χῖοι

392 1082 549 1128 ἕκατον
576 1084 724 1140 νηυσί·
755 1082 866 1137 πρὸς
894 1083 941 1127 δὲ
968 1080 1162 1126 τούτοισι
1190 1082 1448 1136 Ἐρυθραῖοί
1474 1098 1519 1125 τε
1537 1081 1655 1126 έτάσ-

395 1163 527 1212 σοντο
565 1152 639 1195 καὶ
683 1150 901 1202 Φωκαέες·

953 1147 1213 1206 Ἐρυθραῖοι
1251 1149 1350 1206 μὲν,
1399 1147 1511 1193 ὀκτώ
1555 1149 1657 1201 νέας

366 1218 698 1274 4παρεχόμενοι,
735 1218 936 1269 Φωκαέες
966 1218 1013 1261 δὲ
1041 1223 1168 1270 τρεῖς.
1198 1216 1417 1260 Φωκαέων
1446 1217 1491 1261 δὲ
1521 1219 1656 1273 εἷ’χον-

393 1303 442 1330 το
473 1286 652 1343 Λέσβιοι
680 1286 809 1343 νηυσὶ
838 1285 1148 1342 ἑβδομήκοντα.
1192 1289 1429 1328 τελευταῖοι
1459 1285 1505 1328 δὲ
1535 1284 1711 1330 {ww-90

395 1366 546 1405 σοντο,
594 1354 761 1410 ἔχοντες
812 1354 860 1398 τὸ
903 1355 1013 1408 πρός
1052 1352 1235 1409 ἕσπέρην
1278 1353 1423 1406 κέρας,

857 1421 1040 1464 Πασέων
1084 1421 1128 1464 δὲ
1177 1421 1368 1464 τουτέων
1419 1420 1442 1464 ὁ
1482 1420 1656 1476 σύμπας

365 1430 385 1462 5
399 1421 600 1478 ἑξήκοντα
646 1423 786 1478 νηυσί.

1475 1352 1653 1408 Σάμιοι,

394 1488 581 1545 ἀριθμὸς
610 1489 796 1545 ἐγένετο,
835 1494 947 1544 τρεῖς
976 1489 1047 1532 καὶ
1083 1488 1351 1545 πεντήκοντα
1380 1489 1454 1532 καὶ
1482 1488 1653 1546 τριηκό-

301 1566 333 1610 9
393 1571 482 1602 σιαι
520 1559 723 1614 τριήρεες.

795 1559 923 1600 αὑται
960 1573 1038 1613 μεν
1072 1556 1235 1600 Ἰώνων
1272 1552 1394 1613 ἦσαν.

390 1625 628 1683 βαρβαρων
655 1625 704 1669 τό
725 1629 894 1681 πλῆθος
922 1641 1011 1668 των
1039 1628 1152 1668 νεῶν
1180 1620 1292 1680 ἦσαν
1322 1623 1549 1676 εξακόσιαι
1593 1643 1654 1677 ως
1711 1613 1794 1656 442

1469 1561 1570 1600 Τῶν
1607 1557 1653 1601 δὲ

395 1695 543 1739 δὲκαὶ
584 1689 713 1738 αὗται
753 1692 938 1737 ἀπίκατο
978 1692 1087 1748 πρὸς
1130 1692 1211 1750 τὴν
1240 1695 1485 1750 Μιλησίην,
1525 1694 1599 1737 καὶ
1629 1692 1712 1738 696

337 1870 459 1908 vatic.
488 1872 602 1906 Prov.
632 1869 680 1916 Π,
707 1866 760 1908 43
783 1874 818 1904 et
839 1868 903 1915 IV,
928 1869 991 1907 11.

334 1949 390 1954 ——
405 1928 526 1964 Paulo
547 1926 645 1963 infra
659 1925 795 1961 verba:
836 1922 992 1963 ’ὑπολει-

335 1982 534 2034 πομέιιους
576 1981 770 2033 μηδεμίαν
824 1980 841 2030 (
861 1981 912 2017 ita
957 1993 989 2019 c.

336 2040 453 2076 Gaisf.
475 2039 563 2076 dedi
578 2052 644 2089 pro
666 2034 890 2090 μηδεμίην)
910 2038 991 2075 ταῖν

338 2098 439 2134 νεῶν
464 2098 631 2147 accipio:
678 2095 783 2132 nulld
817 2095 903 2132 navi
931 2106 992 2130 ex-

337 2157 448 2203 cepta.

393 2208 435 2255 ἔς
467 2205 641 2258 Λάδην]
682 2210 785 2245 Haec
822 2207 942 2243 insula
972 2219 993 2242 e

339 2266 492 2315 regione.
530 2271 659 2315 portus
697 2266 827 2315 magni
872 2264 994 2300 Mileti

338 2322 408 2358 sita
437 2329 515 2357 erat
529 2351 538 2367 ,
568 2329 603 2357 et
624 2323 703 2371 ipsa
718 2329 829 2371 portu
850 2322 993 2358 instru-

336 2384 407 2415 cta.
431 2378 541 2415 Conf.
552 2379 734 2428 imprimis
751 2379 992 2415 Arrian.Ex-

336 2433 422 2484 ped.
457 2436 487 2471 Ι.
512 2437 562 2476 18
585 2436 621 2479 §.
644 2438 669 2475 7
703 2436 794 2486 ibiq.
822 2436 990 2472 Gronov.

335 2492 420 2528 coll.
443 2493 630 2531 Mauuert.
645 2491 708 2538 VI,
726 2494 750 2531 3
773 2503 860 2542 pag.
878 2491 971 2532 257.

563 2594 654 2644 cap.
676 2594 774 2629 vm.

391 2661 543 2712 εἴχοντο
553 2659 595 2700 δὲ
612 2657 765 2700 τούτων
778 2658 989 2710 Πριηνέες]

336 2733 486 2757 τουτων
515 2717 603 2755 dedi
637 2731 705 2769 pro
746 2715 915 2755 τουτέων
955 2723 991 2752 et

335 2767 440 2822 ἦσαν
464 2776 502 2810 ἰιι
525 2775 600 2811 fine
616 2787 699 2825 cap.
711 2785 779 2825 pro
801 2772 905 2811 ἕσαν
934 2774 990 2807 De

337 2831 457 2867 lbi-ma
479 2833 581 2869 vocis
608 2828 802 2882 Πριηνέες
834 2828 910 2867 vid.
935 2831 991 2866 ci-

1049 1874 1127 1904 tata
1147 1867 1240 1917 adl,
1261 1871 1330 1909 27.
1355 1870 1450 1909 170.
1482 1875 1519 1905 et
1547 1867 1594 1905 de
1631 1869 1712 1906 sin-

1048 1924 1146 1975 gulis
1165 1927 1303 1962 Ionum
1316 1925 1527 1962 civitatibus
1548 1932 1644 1964 nott.
1660 1924 1710 1963 ad

1047 1983 1076 2029 Ι,
1103 1980 1194 2022 142.
1252 1984 1356 2018 Haec
1390 1995 1480 2019 vero
1510 1982 1667 2019 navium
1688 1995 1710 2019 a

1047 2040 1205 2088 singulis
1225 2039 1438 2077 civitatibus
1469 2046 1710 2089 erogatamm

1046 2097 1217 2133 recensio
1254 2097 1341 2133 satis
1381 2102 1436 2132 est
1464 2094 1709 2145 documento,

1051 2160 1211 2204 quantas
1251 2166 1342 2203 opes
1378 2153 1444 2189 illa
1475 2152 1556 2188 fere
1585 2158 1709 2189 aetate

1046 2211 1185 2246 Ionum
1206 2210 1372 2246 civitates
1391 2208 1462 2244 sibi
1480 2209 1709 2259 paraverint,

1048 2273 1091 2302 ut
1120 2267 1187 2317 qui
1210 2273 1357 2303 tantam
1377 2265 1533 2301 classem
1553 2266 1628 2302 suis
1644 2266 1708 2316 ip-

1048 2335 1178 2359 sorum
1205 2323 1391 2359 sumtibus
1424 2322 1606 2371 praebere
1635 2334 1708 2372 po-

1048 2381 1210 2428 tuerint,
1252 2391 1350 2430 quae
1381 2378 1591 2416 coniunctis
1609 2379 1708 2415 Per-

1045 2448 1175 2473 sarum
1215 2437 1332 2486 copiis
1371 2435 1541 2472 resistere
1583 2436 1705 2486 iisque

1046 2493 1134 2543 ipsis
1153 2491 1248 2529 adeo
1264 2504 1446 2543 pavorem
1462 2493 1616 2530 iniicere
1636 2504 1706 2529 va-

1047 2550 1180 2596 luerit,
1232 2562 1310 2600 quo
1337 2549 1500 2600 perculsi
1529 2561 1551 2585 a
1573 2560 1704 2599 pugna

1048 2606 1310 2643 abstinuerint.

1102 2659 1126 2702 ὁ
1148 2658 1308 2713 σύμπας
1342 2656 1516 2712 ἆριθμὸς
1532 2657 1701 2712 ἐγένετο]

1043 2720 1261 2756 Articulum
1272 2717 1294 2758 ὁ
1310 2717 1386 2755 duo
1398 2718 1482 2754 libri
1502 2717 1705 2762 omittuntz,

1048 2776 1085 2810 in
1108 2776 1298 2813 Sancrofti
1326 2775 1423 2811 libro
1445 2779 1565 2810 exstat
1587 2768 1704 2812 συνᾶ-

1048 2846 1137 2878 πας.
1169 2832 1227 2868 Cf.
1248 2834 1278 2880 I,
1306 2833 1372 2873 98.
1395 2830 1446 2875 V)
1471 2829 1534 2871 49.
