1834 3258
409 245 887 284 POLYMNIA.
945 244 1048 281 VII.

1280 241 1367 282 553

91 358 295 416 μικρούς·
329 356 428 399 α’ντὶ
457 356 504 399 δὲ
525 353 711 412 σιδήρου
732 354 842 410 ἐπῆν
871 354 1024 405 λίθος,
1056 351 1159 404 ὀξὺς
1187 365 1365 406 πεποιη-

62 429 248 484 Ξμένος,
289 428 350 484 τῷ
381 424 456 468 καὶ
483 422 560 475 τὰς
587 424 831 480 σφρηγῖδας
866 421 1104 478 γλύφουσι.
1163 420 1274 476 πρὸς
1304 418 1364 470 δὲ,

92 494 244 550 αἰχμὰς
256 491 385 550 εἶχον·
415 492 483 536 ἐπὶ
497 493 556 544 δὲ,
571 492 701 546 κέρας
724 490 941 546 δορκάδος
958 490 1066 545 ἐπῆν
1088 487 1167 541 ὀξύ
1184 503 1362 543 πεποιη-

93 563 245 618 μένον,
274 560 441 616 τρόπον
461 560 638 618 λόγχης·
669 559 787 616 εἶχον
807 560 853 603 δὲ
882 559 956 602 καὶ
979 557 1150 614 ῥόπαλα
1180 554 1364 600 τυλωτά.
1377 561 1423 596 75

91 633 175 673 τοῦ
196 629 242 673 δὲ
271 628 470 685 στόματος
499 629 547 672 τὸ
578 629 657 684 μὲν
677 626 814 684 ἥμισυ
831 627 1109 683 ἐξηλείφοντο
1130 624 1259 685 γύψῳ
1280 621 1367 668 ἰόν-

65 703 166 749 3τες
193 697 236 749 ἐς
263 697 423 755 μάχην,
451 695 501 741 τὸ
533 694 570 741 δ’
606 696 755 752 ἕτερον
783 693 920 752 ἥμισυ
949 696 1096 755 μίλτῳ.

40 869 72 907 εἰ
102 883 192 907 vera
220 877 276 908 est
304 872 437 923 regula
467 884 489 909 a
520 869 704 908 Matthiae

40 925 129 976 adl,
144 927 170 969 5
189 931 392 980 proposita,
414 928 646 966 mutandum
664 930 705 964 in

39 980 207 1036 μικρούς
218 987 267 1022 ob
289 986 516 1023 antecedens
531 981 552 1026 0’
558 980 669 1025 ϊστού
675 1001 705 1032 ς.

38 1042 174 1093 Itaque
189 1043 326 1095 reliqui
348 1043 526 1096 equidem
543 1056 632 1080 cum
643 1055 706 1078 re-

39 1105 157 1136 centt.
179 1099 265 1137 edd.
296 1097 485 1152 μικρούς,
521 1100 707 1150 probante

39 1156 235 1193 Gronovio
255 1164 292 1194 et
321 1158 598 1207 Wesselingio,
640 1157 708 1207 qui

40 1211 88 1248 de
107 1211 180 1249 hac
200 1227 241 1250 re
261 1215 400 1251 excitat
408 1213 587 1251 Bochart.
600 1211 707 1249 Pha-

39 1269 115 1320 leg.
133 1270 198 1318 IV,
215 1273 269 1311 26
291 1285 331 1322 p.
352 1273 434 1312 266
457 1278 494 1308 et
523 1270 707 1308 Palmerii

35 1326 221 1365 Exercitt.
241 1341 278 1379 p.
303 1331 371 1368 33.

97 1394 201 1446 ἐπῆν
236 1396 352 1442 λίθος
375 1391 471 1445 ὄξῦς
487 1391 706 1444 πεποιημέ-

40 1466 135 1500 νος,
177 1454 236 1504 τῷ
275 1451 342 1491 καὶ
376 1450 446 1500 τοὶς
486 1452 709 1504 σφρηγῖδας

41 1504 260 1562 γλύφουσι]
294 1508 440 1561 „Lapis
461 1513 600 1556 acutus,
632 1521 709 1559 quo

42 1566 167 1616 sigilla
178 1567 461 1617 sculpebantur,
483 1567 617 1612 smiris‚
628 1567 710 1602 He-

45 1623 250 1660 braeorum
275 1627 391 1662 π’·ηιυ·
413 1626 566 1672 (Ierem.
587 1624 709 1671 XVII,

49 1683 86 1721 1.
117 1678 258 1718 Ezecb.
288 1668 710 1728 111‚9.Zacha1-.V11‚

50 1737 121 1785 12]
154 1736 276 1774 Samir
295 1744 373 1785 est.)
403 1737 451 1775 de
483 1751 560 1790 quo
582 1736 712 1774 erudi-

45 1793 188 1830 tissime
235 1792 448 1832 Bochartus
497 1795 711 1831 Hierozoic.

46 1850 148 1888 Part.
168 1851 217 1888 Π.
237 1851 289 1888 VI
308 1865 346 1902 p.
369 1850 492 1892 842.“
525 1851 712 1888 Wessel.

46 1906 202 1958 Lapidis
231 1920 376 1944 nomen
407 1915 445 1945 et
472 1907 715 1945 Herodotum

47 1971 86 2000 et
110 1962 439 2014 Agatharchidem
471 1962 590 2014 (conf.
625 1965 715 2002 Ste-

47 2019 166 2071 phan.
187 2022 283 2072 Byz.
304 2035 333 2058 s.
353 2035 391 2057 v.
410 2016 604 2073 Ἀρμενία
623 2034 713 2072 pag·

51 2077 158 2126 169)
199 2079 255 2113 rei
289 2079 404 2128 ipsius
443 2079 543 2114 bene
577 2091 715 2128 gnaros

46 2133 199 2171 latuisse
218 2133 389 2183 videtur3
423 2134 560 2172 sz‘rin
587 2135 715 2185 plures

48 2197 210 2239 vocant,
232 2204 399 2243 quorum
417 2192 636 2228 testimonia
657 2198 717 2227 at-

48 2247 136 2284 tulit
154 2247 336 2286 Bochart.
356 2249 379 2285 l.
392 2249 430 2296 1.,
457 2247 626 2299 lapidem
638 2255 716 2284 tam

51 2302 204 2353 durum,
214 2312 258 2342 ut
269 2304 317 2342 ad
333 2318 506 2356 gemmas
516 2306 717 2356 expolien-

53 2359 119 2397 das
140 2368 178 2398 et
198 2361 424 2414 sculpendas
446 2376 491 2399 eo
522 2361 716 2414 hodieque

53 2423 211 2454 utantur
232 2420 447 2469 gemmarii.
504 2418 717 2456 Larcherus

53 2472 223 2524 lapidem
234 2489 312 2512 esse
331 2477 425 2524 vult,
439 2477 501 2513 cui
518 2490 623 2513 nunc
643 2489 718 2513 no-

53 2543 147 2567 men
167 2531 282 2581 &mei-i,
314 2533 436 2570 varios
468 2532 517 2570 ad
543 2547 632 2570 usus
647 2532 719 2570 ad-

55 2585 243 2636 bibitum,
292 2589 632 2642 Dioscoridemque
661 2591 718 2627 ci-

58 2650 113 2681 tat
133 2645 179 2692 V,
203 2647 306 2692 166,
337 2646 405 2681 ubi
433 2644 527 2683 haec
555 2654 719 2684 exstant:

59 2701 203 2753 Σμίρις
226 2701 344 2748 λίθος
363 2700 469 2740 ἐστὶν
488 2696 515 2756 ᾗ
539 2699 609 2749 τὰς
632 2699 720 2752 ψη-

59 2769 163 2806 φους
193 2757 233 2796 οἱ
250 2742 587 2809 δακτυλιογλύφοι
617 2770 722 2809 σμη-

60 2824 186 2864 χουσι.
199 2814 422 2867 σφρηγῖδας
432 2813 648 2852 Herodotus
660 2814 720 2852 di-

60 2870 117 2908 xit
145 2882 340 2923 gemmas,
370 2871 506 2923 lapides
540 2873 720 2922 pretiosos,

1151 691 1368 749 Ἀραβίων

763 870 900 922 quibus
940 868 1206 920 insculpebant
1225 868 1426 919 imagines.

760 930 896 964 Narrat
925 940 1017 965 vero
1051 925 1252 966 Welcker.
1275 926 1427 976 Syllog.

761 986 891 1036 Epigr.
916 986 982 1021 Gr.
1004 997 1091 1035 pag.
1106 982 1185 1024 146
1204 984 1430 1033 sagittarum

763 1041 936 1092 cuspides
957 1042 1125 1092 lapideos
1136 1041 1177 1076 in
1193 1053 1329 1091 campo
1342 1041 1430 1076 Ma-

763 1098 938 1136 rathonio
981 1099 1176 1148 collegisse
1217 1096 1433 1144 Clarkium,

761 1155 1018 1203 Dodwellum,
1059 1155 1240 1194 Gellium.
1283 1175 1340 1181 —
1371 1155 1431 1189 De

763 1213 915 1250 dorcade
951 1212 1054 1249 conf.
1081 1212 1145 1260 IV,
1181 1213 1261 1251 192
1299 1211 1432 1262 ibique

763 1276 861 1307 nott.

823 1322 981 1377 ῥόπαλα
999 1320 1172 1373 τυλωτά]
1193 1323 1315 1374 Ati-igi
1335 1322 1433 1361 haec

766 1382 815 1420 ad
835 1384 917 1431 VH,
936 1384 1001 1422 63.
1062 1382 1163 1419 Sunt
1183 1382 1288 1417 enim
1309 1381 1434 1418 clavae

765 1441 931 1488 nodosae,
952 1439 1052 1476 nodis
1071 1439 1276 1476 distinctae.
1348 1439 1434 1474 Hoc

767 1510 922 1550 quoque
950 1497 1036 1533 loco
1057 1497 1158 1533 bene
1192 1496 1311 1531 utitur
1330 1496 1436 1531 Hee-

767 1569 849 1592 ren.
860 1554 917 1591 Id.
930 1555 966 1590 II
975 1567 1013 1604 p.
1024 1555 1119 1601 290,
1138 1565 1214 1604 quo
1229 1565 1436 1589 common-

767 1619 880 1660 stret,
911 1613 952 1648 in
981 1610 1241 1646 monumentis
1260 1608 1438 1646 Thebai-

768 1670 820 1706 cis
842 1669 908 1721 qui
926 1667 1036 1705 clavis
1057 1669 1190 1704 armati
1211 1679 1438 1717 repraesen-

766 1733 896 1763 tantur
925 1726 1007 1774 Aeb
1027 1725 1205 1774 rptiorum
1228 1724 1341 1772 socii,
1373 1736 1439 1760 eos

767 1783 882 1820 fuisse
910 1780 1133 1832 Aethiopes.
1163 1802 1219 1807 —
1257 1782 1302 1816 In
1328 1793 1437 1831 seqq.

769 1841 974 1877 meliorum
993 1837 1107 1875 codd.
1128 1838 1350 1874 auctoritate
1367 1850 1439 1873 ex-

770 1896 880 1934 hibui
912 1893 1037 1961 γύψῳ
1075 1891 1203 1940 ἰόντες
1227 1893 1266 1940 ἐς
1290 1908 1437 1958 μαχηι,

771 1955 838 1991 ubi
857 1954 974 2003 vulgo
997 1948 1126 1996 ἰόντες
1151 1949 1190 1997 ἐς
1212 1965 1343 2001 μαχην
1363 1945 1440 2002 γύ-

772 2019 855 2063 ψῳ.
913 2008 977 2045 Ad
1007 2020 1145 2045 vocem
1183 2007 1304 2062 μίλτῳ
1334 2006 1437 2044 conf.

771 2068 834 2116 IV,
859 2068 953 2106 191-

824 2130 1025 2186 Ἀραβίων
1064 2129 1108 2172 δὲ
1133 2148 1200 2172 και
1221 2127 1436 2171 Αἰθιόπων

771 2207 852 2231 των
895 2187 996 2243 νπὲρ
1026 2185 1234 2241 Αἰγύπτου
1273 2186 1438 2238 οἰκημέ-

773 2263 857 2288 νων
880 2263 917 2287 κ.
940 2262 972 2287 τ.
995 2248 1049 2296 λ.]
1071 2248 1227 2312 Spectat
1242 2244 1318 2282 huc
1330 2248 1437 2282 Hee-

773 2307 868 2343 renii
888 2305 1084 2342 annotatio
1104 2305 1145 2340 in
1164 2302 1283 2340 Ideen
1304 2303 1436 2351 etc.lI‚

777 2365 796 2402 1
829 2364 1028 2413 pag-318,
1061 2361 1260 2398 orientales
1283 2360 1438 2396 Africae

772 2426 915 2457 tractus
932 2431 1045 2469 supra
1063 2419 1289 2469 Aegyptum
1309 2430 1331 2453 a
1350 2417 1438 2453 Nilo

773 2475 865 2513 inde
886 2475 934 2513 ad
943 2475 1153 2512 Arabicum
1172 2487 1306 2526 usque,
1323 2486 1440 2525 quem

774 2547 879 2570 nunc
909 2539 1061 2580 vocant,
1101 2533 1229 2569 sinum
1250 2538 1440 2577 extensos,

777 2591 914 2643 quibus
933 2603 1038 2626 nunc
1057 2602 1202 2626 nomen
1231 2586 1356 2626 Nubia
1383 2593 1441 2623 at-

777 2661 852 2700 que
883 2647 1066 2694 Sennaar,
1095 2647 1174 2682 iam
1193 2643 1443 2681 Pharaonum

776 2711 891 2756 atque
907 2705 1122 2749 Persarum,
1145 2702 1210 2753 qui
1230 2702 1311 2737 illos
1321 2699 1441 2736 secuti

775 2769 884 2809 sunt,
915 2767 1036 2797 aetate
1057 2771 1079 2795 a
1107 2732 1252 2794 duabus
1273 2754 1442 2792 nationi-

775 2817 846 2855 bus
867 2816 1052 2854 habitatas
1063 2815 1189 2861 fuisse,
1211 2826 1373 2865 quarum
1384 2812 1441 2849 al-

776 2880 858 2912 tera
892 2885 1014 2926 eaque
1034 2870 1215 2922 indigena
1244 2868 1442 2908 communi
