1851 3181
424 276 508 317 500

826 275 1292 312 HERODOTI

423 382 502 427 τὸν
534 381 712 425 Πόντον
755 382 828 438 ἔχῃ
856 381 880 425 ὁ
905 382 1178 439 βουλόμενος
1217 383 1363 427 πλέειν
1397 384 1589 427 πλοίοισι
1626 386 1688 427 λε-

396 455 586 503 5πτοῖσι,
620 451 693 494 καὶ
723 450 769 494 ἐκ
799 454 878 494 τοῦ
895 450 1073 494 Πόντου
1103 450 1194 502 ἔξω.
1241 456 1378 495 ταῦτα
1408 453 1453 496 δὲ
1481 449 1689 507 ποιήσαν-

422 535 501 571 τες,
521 517 770 562 κατέτεινον
800 518 846 561 ἐκ
878 522 956 574 γῆς
980 520 1284 572 στρεβλοῦντες
1306 517 1448 562 ὄνοισι
1478 520 1690 570 ξυλίνοισι

423 585 475 629 τοὶ
507 585 645 629 ὅπλα·
675 585 820 631 οὐκέτι
850 586 981 643 χωρὶς
1011 584 1189 641 ἑκάτερα
1217 586 1433 640 τάξαντες,
1464 586 1571 630 duo}
1604 585 1686 630 δύο
1698 592 1744 626 20

365 796 516 821 vacuum
553 785 645 821 inter
679 786 940 834 penteconteros
970 796 1028 821 ae-

366 854 432 891 que
472 844 578 890 atque
614 842 766 877 triremes
791 841 906 878 tribus
931 842 1027 888 locis,

366 899 406 933 in
428 910 472 934 eo
488 898 603 947 igitur
621 904 750 947 ponte,
772 898 838 949 qui
865 899 1030 935 triremi-

365 955 437 991 bus
469 961 505 991 et
532 955 573 989 in
603 966 662 1000 eo,
696 955 763 1006 qui
781 961 1030 1004 penteconte-

367 1012 415 1048 ris
434 1012 586 1047 iunctus
616 1010 700 1048 fuit.
749 1010 795 1047 Id
823 1024 914 1047 sane
942 1024 1030 1062 spe-

368 1069 514 1105 ciosum
523 1066 683 1114 videtur,
705 1080 832 1119 neque
846 1080 936 1105 vero
957 1081 1029 1103 ne-

365 1125 582 1171 cessarium,
593 1124 694 1160 libris
703 1126 925 1174 praesertim
933 1125 1029 1161 scri-

366 1182 438 1232 ptis
458 1180 763 1229 adversantibus3
794 1180 899 1233 quod
925 1183 1030 1217 enim

367 1237 415 1275 de
435 1250 512 1274 uno
533 1245 649 1288 ponte
662 1267 671 1284 ‚
695 1239 759 1289 qui
779 1245 1029 1289 pentec-onte—

364 1295 414 1331 ris
429 1301 665 1331 constructus
679 1302 769 1342 erat,
802 1294 937 1331 diserte
951 1302 1030 1331 tra-

366 1350 479 1398 ditur,
508 1349 549 1387 id
579 1349 627 1387 de
657 1351 774 1388 altero
807 1364 881 1403 quo
902 1352 1028 1387 minus

364 1408 508 1455 valeat,
547 1405 644 1443 nihil
665 1415 765 1444 certe
782 1409 916 1445 obstat.
969 1408 1029 1444 Cf.

365 1465 485 1500 Kruse
506 1464 532 1501 l.
553 1464 580 1499 l.
608 1476 695 1514 pag.
721 1464 798 1504 105
819 1478 896 1516 seq.
914 1465 1030 1501 Recte

365 1518 750 1569 Schweighaeuserus
793 1522 835 1556 in
861 1527 953 1557 nota
981 1519 1030 1557 ad

365 1576 407 1615 h.
428 1578 477 1613 l.:
515 1577 706 1624 „Alternis
738 1577 891 1614 iunctae
923 1584 1029 1613 erant

365 1634 537 1670 triremes
576 1640 613 1669 et
644 1646 759 1670 naves
786 1635 925 1683 longae
950 1635 1029 1671 sive

365 1689 646 1741 penteconteri:
667 1690 780 1727 tribus
798 1692 836 1727 in
863 1690 948 1727 locis
966 1692 1030 1726 in-

366 1753 424 1784 ter
444 1745 536 1783 duas
565 1747 737 1783 triremes
766 1747 888 1784 aberat
909 1750 1028 1796 pente-

366 1807 547 1850 conterus3
569 1809 604 1838 et
615 1804 792 1853 spatium,
814 1802 890 1855 qu&
904 1810 1029 1840 trans-

365 1861 463 1896 irent
490 1860 640 1896 miuora
659 1860 832 1909 navigia,
862 1873 1030 1897 vacuum

365 1917 541 1953 relictum
570 1917 698 1952 erat.“
764 1918 897 1968 Itaque
929 1918 1030 1953 male

364 1971 534 2010 Bekker.
562 1973 603 2009 iu
633 1979 743 2009 textu
774 1972 947 2010 exhibuit
961 1971 1031 2012 καὶ

366 2028 558 2082 τριηρέων
587 2032 735 2080 τριχοῦ.

425 2097 701 2148 στρεβλοῦντες
754 2093 882 2136 ὄνοισι
922 2097 1031 2144 ξυλί-

367 2165 473 2192 νοισι
503 2149 549 2191 τὰ
585 2149 714 2201 ὅπλα]
764 2155 789 2190 i.
812 2167 845 2190 e.
866 2154 1029 2191 intende-

367 2213 452 2246 runt
477 2222 494 2245 e
514 2213 609 2245 terra
636 2212 827 2247 continente
853 2211 1028 2257 rudentes,

367 2279 452 2316 quos
485 2265 614 2314 ligneis
642 2267 775 2303 suculis
803 2267 1029 2316 torquebere&

367 2322 595 2367 vernacule3
639 2324 722 2369 „sie
761 2327 927 2372 spannten
954 2336 1030 2360 vom

369 2377 481 2415 Laml
501 2391 567 2414 aus
586 2377 642 2414 die
666 2377 766 2414 Taue
788 2392 856 2426 an,
887 2378 943 2415 die
981 2381 1031 2416 sie

370 2434 446 2484 auf
475 2434 658 2470 kblzernen
699 2433 847 2471 Wintlen
876 2435 1028 2482 clrelaeten,

370 2492 460 2538 sive,
482 2490 685 2527 vermittelst
704 2490 897 2527 lwelzemer
929 2490 1030 2527 le'n-

371 2548 448 2595 den,
469 2554 510 2583 ut
533 2548 664 2596 Lange
692 2546 866 2583 reddidit.
913 2543 1030 2585 ’Όνοι

369 2603 409 2643 h.
433 2605 456 2640 Ι.
493 2609 580 2641 sunt
601 2600 764 2651 ὄνισκοι,
781 2603 941 2650 axiculi,
971 2616 1030 2640 su-

371 2660 495 2708 culae,
525 2673 554 2697 s.
575 2659 758 2696 machinae
783 2661 946 2697 tractoriz‘
969 2672 1031 2708 ge-

369 2718 476 2762 neris,
506 2723 662 2753 notante
690 2717 935 2766 Wesseling.,
967 2718 1031 2768 qui

371 2775 461 2809 citat
509 2773 644 2809 Galen.
683 2773 805 2809 Gloss.
847 2774 1029 2823 Hippocr.

370 2829 461 2866 ubi:
498 2824 736 2877 ὄπτ’-εσθαι,
765 2826 894 2881 ἤγουν
919 2825 968 2867 δι’
986 2826 1030 2868 ὅ-

370 2899 453 2924 νων
464 2883 707 2937 ἐπιστροφῆς
727 2886 884 2925 τείνειν.
905 2881 1030 2926 ’Όνοι

1085 780 1160 836 γεέρ
1181 782 1247 822 καὶ
1270 781 1438 830 ὅνισκοι,
1477 783 1519 823 οἷ
1536 780 1687 831 ἄξονες,
1709 789 1745 819 et

1087 839 1134 877 ad
1151 842 1369 891 Hippocrat.
1394 842 1452 876 De
1476 841 1629 877 fractur.
1656 852 1746 890 pag.

1087 896 1180 936 551.
1202 895 1375 935 Eustath.
1407 898 1447 933 in
1467 899 1637 934 Erotian.
1658 909 1746 946 pag.

1086 954 1139 992 82
1168 967 1198 990 s.
1227 967 1266 1004 p.
1296 954 1377 995 275
1410 955 1545 991 Franz.
1572 950 1620 992 τοὶ
1643 950 1747 992 ὅπλα

1085 1009 1245 1047 rudentes
1265 1017 1374 1058 sunt,
1395 1017 1438 1047 ut
1459 1012 1539 1058 VII⁷
1559 1010 1628 1051 25.

1143 1073 1276 1116 ου’κὲτι
1314 1076 1432 1130 χωρὶς
1469 1073 1634 1129 ἑκάτεροι
1675 1071 1748 1115 τοὶ-

1087 1134 1250 1182 ξαντες]
1287 1135 1311 1170 i.
1335 1148 1368 1171 e.
1398 1148 1478 1171 non
1508 1135 1668 1184 amplius
1686 1146 1750 1170 se-

1086 1192 1202 1227 orsim
1234 1190 1305 1239 (ut
1337 1192 1415 1229 scil.
1447 1192 1486 1227 in
1507 1192 1623 1242 priori
1641 1191 1747 1226 fece-

1085 1254 1171 1284 rant
1199 1254 1337 1297 ponte,
1367 1249 1447 1295 VII,
1479 1248 1551 1297 25)
1576 1245 1746 1283 adhibito

1087 1303 1155 1353 (ad
1177 1317 1292 1340 naves
1313 1303 1519 1354 alligandas
1540 1316 1748 1354 secumque

1085 1359 1321 1412 iungendas)
1377 1363 1555 1397 alterutro
1601 1359 1748 1396 ruden-

1086 1418 1184 1453 tium
1213 1430 1354 1467 genere
1389 1417 1469 1467 (ita
1493 1423 1536 1454 ut
1557 1415 1605 1454 ad
1624 1429 1749 1453 unum

1084 1480 1243 1523 pontem
1263 1474 1370 1510 lineis
1383 1503 1392 1521 ‚
1425 1473 1473 1510 ad
1492 1474 1655 1510 alterum
1673 1474 1749 1524 by-

1085 1531 1198 1566 bliuis
1240 1531 1327 1567 solis
1368 1537 1566 1567 uterentur
1602 1529 1748 1567 ruden-

1084 1587 1237 1637 tibus),
1266 1586 1333 1624 sed
1355 1586 1403 1623 ad
1423 1594 1629 1639 utrumque
1648 1599 1750 1637 pon-

1085 1650 1165 1679 tem
1186 1656 1307 1694 aeque
1323 1642 1579 1681 adhibuerunt
1603 1643 1749 1680 ruden-

1085 1706 1140 1736 tes
1169 1707 1205 1735 et
1224 1701 1359 1736 linteos
1382 1707 1419 1737 et
1450 1701 1626 1751 byblinos
1657 1713 1748 1737 eum

1084 1757 1124 1792 in
1158 1755 1339 1804 modum,
1380 1763 1422 1793 ut
1460 1758 1611 1808 utrique
1639 1757 1748 1807 ponti

1085 1813 1193 1849 binos
1209 1812 1387 1849 rudentes
1403 1814 1536 1850 exlino
1549 1814 1634 1850 albo
1651 1826 1748 1849 con-

1085 1869 1203 1905 fectos
1247 1876 1283 1906 et
1322 1876 1523 1921 quaternos
1553 1883 1602 1906 ex
1630 1870 1747 1920 byblo

1086 1927 1308 1964 tribuerent.
1366 1928 1500 1978 Itaque
1516 1925 1565 1962 ad
1585 1921 1749 1978 ἑκάτεροι

1086 1996 1207 2034 aeque
1223 1989 1337 2034 atque
1357 1982 1405 2020 ad
1427 1978 1501 2022 δύο
1523 1990 1560 2020 et
1578 1981 1748 2033 τέσσαρα

1048 2076 1056 2085 ‚
1085 2036 1374 2090 subintelling
1402 2036 1515 2086 ἵπλα,
1536 2038 1584 2076 ad
1616 2037 1750 2078 ἑκατέ-

1088 2112 1161 2147 ρην
1190 2097 1420 2146 subintellig.
1450 2092 1525 2146 τήν
1551 2091 1749 2147 γεφύρην.

1087 2155 1190 2189 Haec
1212 2151 1259 2189 de
1279 2159 1465 2189 structura
1492 2153 1588 2199 loci3
1619 2151 1666 2188 de
1687 2164 1751 2188 ar-

1088 2216 1273 2259 gumento
1290 2210 1341 2245 ita
1354 2208 1526 2246 disseruit
1547 2207 1750 2258 Schweig-

1086 2264 1231 2313 haeus„
1253 2267 1359 2302 cuius
1379 2267 1458 2315 ipsa
1482 2266 1598 2302 verba
1628 2277 1750 2316 appo-

1086 2334 1199 2358 nam:
1223 2323 1332 2369 „Hoc
1348 2323 1474 2372 ipsum
1492 2323 1635 2357 mirum
1651 2334 1750 2373 quo-

1088 2377 1295 2414 dammodo
1324 2385 1473 2429 poterat
1493 2377 1624 2425 videri,
1646 2376 1749 2430 quod

1085 2435 1126 2470 in
1168 2435 1299 2471 iterata
1335 2436 1450 2471 etiam
1469 2436 1645 2485 pontilun
1674 2433 1750 2471 ho-

1085 2504 1171 2527 rum
1204 2492 1485 2528 coustrucfione
1515 2492 1670 2528 funibus
1700 2491 1747 2527 ab

1085 2561 1162 2583 una
1195 2560 1259 2584 ora
1286 2549 1325 2583 in
1353 2549 1510 2584 alteram
1537 2548 1652 2585 tensis
1671 2547 1747 2583 im-

1084 2617 1227 2655 ponere
1247 2611 1474 2641 transversas
1489 2605 1624 2651 trabes,
1647 2615 1744 2655 quae

1086 2662 1285 2698 transitum
1313 2661 1565 2711 praebebant,
1594 2660 1743 2696 malue-

1085 2718 1182 2765 rint,
1225 2730 1341 2769 quam
1374 2716 1507 2754 validis
1544 2716 1657 2767 tignis
1695 2715 1743 2751 ab

1084 2786 1316 2826 unaquaque
1342 2786 1440 2811 nave
1459 2774 1499 2809 in
1526 2772 1743 2823 proximam

1086 2837 1150 2867 aut
1179 2831 1373 2880 proximas
1406 2829 1603 2881 porrectis,
1633 2833 1742 2878 apte-

1086 2899 1160 2939 que
1189 2887 1288 2924 inter
1321 2900 1361 2925 se
1390 2885 1571 2924 connexis
1612 2882 1744 2920 firma-
