1834 3258
542 236 843 272 ERATO.

129 349 216 388 τῶν
248 344 269 387 ὁ
300 344 476 394 δέκατος
506 340 562 400 ἦν
593 342 860 400 Μιλτιάδης,
899 348 978 388 τοῦ
1006 344 1084 387 τόν
1113 344 1275 400 πατέρα
1307 348 1387 389 Κί-

126 428 272 468 μωνα,
315 411 394 455 τόν
427 411 737 469 Στησαγόρεω,
779 412 986 468 κατέλαβε
1017 417 1174 469 φυγεῖν
1202 414 1244 467 ἐξ
1271 412 1390 468 Ἀθη-

100 480 242 523 Ξνέων
287 480 601 534 Πεισίστρατον
652 481 730 524 τόν
770 479 1088 535 Ἱπποκράτεος.
1147 482 1219 525 καὶ
1265 481 1386 540 αύτςό

127 546 334 603 φεύγοντι
375 547 627 604 ὀλυμπιάδα
666 547 900 592 ἀνελέσθαι
939 550 1164 609 τεθρίππῳ
1209 550 1389 607 συνέβη·

903 237 934 272 V
947 238 976 274 1.
1309 240 1390 280 371

124 616 194 658 καὶ
225 614 389 672 ταύτην
420 615 498 671 μὲν
535 615 615 672 τὴν
658 617 788 672 νίκην
816 614 1080 671 ἀνελόμενόν
1119 634 1213 672 μιν,
1253 617 1392 665 ταίυτό
1450 593 1470 689 ἓ

97 691 118 725 3
133 684 429 736 ἐξενείκασθαι
450 689 512 742 τῷ
532 684 781 741 ὁμομητρίῳ
812 682 1005 741 ἀδελφεῷ
1026 686 1259 742 Μιλτιάδῃ.
1287 686 1393 742 μετα

122 751 186 804 δὲ,
221 756 274 809 τῇ
303 751 462 810 ὑστέρῃ
503 751 738 809 ὀλυμπιάδι
781 756 877 809 τῇσι
924 752 1081 808 αὐτῇσι
1117 754 1289 798 ἵπποισι
1328 771 1389 797 νι-

122 825 238 870 κῶν,
278 823 519 877 παραδιδοῖ
556 822 853 878 Πεισιστράτῳ
895 821 1276 878 ἀνακηρυχθῆναι·
1317 822 1444 865 καὶ85

119 889 199 945 τὴν
239 891 369 946 νίκην
405 890 556 944 παρεὶς
590 889 758 948 τούτῳ,
804 894 995 946 κατῆλθε
1034 890 1104 934 ἐπὶ
1143 889 1197 933 τὰ
1227 889 1393 934 ἑωυτοῦ

90 954 422 1009 4ὖπόσπονδος.
467 960 542 1003 καί
577 974 652 1014 μιν
693 955 959 1012 ἀνελόμενον
1001 962 1100 1015 τῇσι
1131 956 1288 1015 αὐτῇσι
1319 960 1387 1002 ἴπ-

120 1037 243 1068 ποισι
292 1023 425 1084 ἄλλην
471 1025 720 1082 ὀλυμπιάδα
765 1025 973 1083 κατέλαβε
1015 1025 1257 1069 ἀποθανεῖν
1299 1025 1386 1070 ὑπὸ

121 1097 209 1135 τῶν
249 1093 569 1148 Πεισιστράτου
610 1096 800 1145 παίδων,
842 1092 987 1137 οὐκέτι
1024 1093 1273 1148 περιεόντος
1314 1093 1444 1137 oni-90

117 1164 199 1203 τοῦ
229 1160 567 1216 Πεισιστράτου·
596 1163 815 1206 κτείνουσι
856 1162 902 1205 δὲ
933 1155 1057 1204 οὗτοί
1087 1178 1164 1216 μιν
1194 1160 1304 1205 κατα
1335 1161 1385 1205 τό

89 1228 415 1286 5πρυτανήϊον,
455 1229 615 1282 νυκτὸς
653 1230 907 1281 ὑπείσαντες
937 1228 1116 1284 ἄνδρας.
1172 1229 1385 1273 τέθαπται
1443 1228 1523 1271 486

118 1299 165 1342 δὲ
203 1300 358 1355 Κίμων
392 1297 478 1352 πρὸ
509 1302 592 1342 τοῦ
629 1298 801 1351 ἄστεος,
847 1299 986 1354 πέρην
1015 1302 1088 1354 τῆς
1119 1297 1190 1342 διά
1226 1299 1385 1353 Κοίλης

119 1367 380 1424 καλεομένης
411 1364 542 1410 ὁδοῦ·
583 1369 818 1411 καταντίον
847 1366 888 1410 δ’
921 1365 1061 1410 αὐτοῦ
1091 1368 1138 1410 αἱ
1166 1367 1291 1410 ἵπποι
1321 1382 1386 1409 τε-

117 1434 318 1492 θάφαται
367 1429 518 1488 αὗται,
568 1437 613 1479 αἱ
651 1440 764 1490 τρεῖς
802 1432 1074 1490 ὀλυμπιάδας
1114 1431 1383 1489 ἀνελόμεναι.

89 1501 353 1560 6Ἐποίησαν
396 1503 442 1547 δὲ
479 1503 552 1547 καὶ
600 1502 728 1548 ἄλλαι
765 1504 890 1546 ἵπποι
938 1502 1022 1559 ἤδη
1061 1500 1202 1545 τωύτὸ
1241 1504 1442 1552 τοῦτο,95

116 1569 356 1628 Εὐαγόρεω
394 1571 626 1623 Λάκωνος·
675 1571 792 1615 πλέω
833 1570 880 1615 δὲ
916 1570 1130 1623 τουτέων,
1177 1567 1382 1626 οὐδαμαί.

59 1780 188 1804 mann.
217 1765 526 1814 Lehrbuchoetc.
556 1770 594 1815 §.
628 1770 721 1816 152,

57 1831 138 1861 not.
167 1826 203 1864 l.
260 1825 347 1860 Una
374 1825 415 1860 in
442 1838 573 1876 pugna
609 1826 722 1877 Stry-

57 1881 200 1928 monia,
231 1887 326 1918 teste
357 1881 564 1919 Plutarcho
593 1883 631 1918 in
656 1884 722 1919 Ci-

57 1950 163 1974 mon.
186 1938 224 1983 8,
246 1950 379 1974 omnes
399 1936 535 1975 decem
555 1951 721 1991 στρατη-

56 1992 121 2046 γοὶ
142 1992 358 2030 adfuerunt.

115 2049 324 2101 κατέβαλε]
348 2050 458 2088 Conf.
479 2057 575 2087 nott.
590 2049 639 2087 ad
653 2052 718 2098 III,

56 2107 125 2148 42.
154 2108 211 2143 De
233 2114 459 2158 argumento
479 2108 553 2144 loci
566 2107 717 2155 vile,

59 2166 111 2205 39
132 2177 239 2216 seqq.
297 2163 359 2201 Ad
379 2164 497 2201 verba
519 2160 717 2215 ὀλυμπιά-

58 2220 108 2259 δα
147 2215 359 2261 ἀνελέσθαι
403 2221 502 2258 conf.
535 2229 632 2259 nott.
669 2220 718 2258 ad

58 2278 121 2324 VI,
141 2279 209 2317 70.

113 2329 241 2373 τώυτό
256 2333 547 2383 ἐξενείκασθαι]
575 2334 715 2382 „Quem

57 2389 200 2427 eundem
233 2390 389 2428 honorem
423 2394 496 2429 iam
528 2396 609 2428 ante
639 2404 715 2428 eum

52 2445 172 2497 frater
199 2448 311 2497 ipsius
340 2449 500 2485 uterinus
525 2447 716 2486 Miltiades

55 2507 133 2540 erat
151 2507 360 2542 consecutus.
418 2506 473 2541 Ita
493 2503 714 2556 Schweigh.

55 2560 97 2596 in
125 2561 221 2597 Lex.
242 2562 346 2608 Heln,
376 2561 444 2597 ubi
475 2560 716 2613 ἐκφέρεσθαι

47 2617 220 2668 ‘explicat
275 2621 450 2667 reportare
503 2619 713 2666 victoriam,

50 2671 146 2722 ferre
173 2675 346 2724 gloriam.
403 2673 597 2726 Equidem
631 2688 714 2712 ma-

48 2729 125 2766 lim
144 2744 233 2767 cum
265 2729 501 2768 Schneidero
530 2732 654 2768 facere
672 2733 713 2768 iu

55 2785 150 2824 Lex.
167 2788 232 2825 Gr.
245 2801 273 2824 s·
290 2801 326 2826 v.
338 2789 390 2824 ita
410 2795 451 2825 ut
472 2787 714 2839 ἐκφέρεσθαι

55 2840 158 2880 idem
177 2844 298 2881 ferme
318 2846 441 2883 valeat
475 2851 589 2897 atque
609 2844 713 2898 quod

779 1780 873 1805 mox
885 1769 1055 1820 sequitur
1065 1766 1327 1816 παραδιδόναι
1341 1764 1442 1808 άνα-

779 1828 1047 1877 κηρυχύῆναι.
1105 1827 1185 1864 Nec
1224 1827 1332 1863 aliter
1361 1826 1439 1862 fere

777 1883 934 1930 Lange:
995 1881 1165 1931 iibertrug
1207 1884 1275 1920 er’s
1313 1885 1440 1920 sez'nem

778 1937 958 1975 leiblz'chen
972 1935 1129 1974 Bruder.
1147 1960 1205 1966 —
1239 1938 1304 1976 Ad
1322 1937 1439 1979 ’ὑπεί-

778 2006 915 2039 σαντες
949 1994 1051 2030 conf.
1080 1995 1146 2042 III,
1183 1998 1275 2036 126.
1303 1994 1438 2035 Matth.

777 2052 843 2087 Gr.
866 2052 932 2090 Gr.
953 2063 1042 2100 pag.
1064 2053 1159 2092 399.
1179 2051 1276 2093 462.

831 2106 1024 2145 τέθαπται
1046 2105 1089 2145 δὲ
1112 2107 1255 2159 Κίμων
1276 2123 1314 2147 κ.
1337 2124 1370 2148 τ.
1383 2109 1436 2158 λ.]

774 2164 807 2200 Ε
845 2164 1057 2200 Marcellin.
1097 2165 1173 2201 Vit.
1213 2164 1435 2218 Thucydid.

774 2227 898 2272 patet,
967 2220 1137 2258 Cimonis
1185 2230 1437 2260 monumenta

772 2278 887 2314 fuisse
914 2291 1034 2328 prope
1061 2279 1275 2316 Melitenses
1295 2286 1436 2331 portas,

771 2333 876 2371 haud
911 2336 1026 2385 longe
1058 2348 1080 2371 a
1113 2336 1334 2384 Ceramico,
1366 2338 1433 2373 ubi

773 2392 901 2442 Κοίλη
942 2404 1040 2444 quae
1082 2400 1240 2429 vocatur
1258 2394 1338 2441 via,
1388 2406 1432 2430 ac

772 2447 907 2486 demus
925 2448 1015 2485 inde
1036 2451 1339 2499 cognominatus,
1362 2463 1433 2487 cu-

771 2507 829 2543 ius
850 2506 1064 2556 complures
1085 2504 1336 2544 Athenienses
1348 2519 1431 2543 me-

772 2569 992 2610 morantur,
1041 2569 1135 2599 teste
1164 2563 1349 2601 Valcken.
1382 2562 1430 2599 ad

770 2617 811 2655 h.
841 2619 868 2656 l.
925 2620 1040 2655 Plura
1066 2621 1188 2659 Kruse
1218 2621 1343 2656 Hellas
1380 2620 1429 2667 ΙΙ,

774 2680 793 2716 1
819 2688 906 2726 pag.
924 2678 976 2717 98
999 2678 1083 2714 coll.
1096 2675 1298 2713 Chandler.
1320 2676 1429 2713 Reise

770 2734 810 2768 in
840 2731 1056 2771 Griechenl.
1089 2746 1172 2783 cap.
1201 2734 1308 2771 XVII
1339 2745 1429 2783 pag.

772 2789 850 2829 124
870 2803 949 2840 seq.
998 2791 1126 2840 Atque
1146 2788 1259 2826 tradit
1280 2790 1429 2830 Aelian,

768 2848 816 2884 N.
837 2846 884 2883 A.
906 2847 993 2893 XII,
1015 2844 1081 2892 40,
1114 2846 1177 2882 ubi
1198 2845 1275 2883 vid.
1296 2846 1429 2885 Jacobs

1054 2901 1107 2942 24
1125 2898 1150 2923 *Χ

1448 351 1644 380 praeessent:
1680 350 1723 376 in·

1449 387 1508 412 que
1527 381 1571 408 eis
1590 381 1706 410 Miltia-

1404 415 1620 456 gode8,1111per
1629 416 1722 443 Cher·

1451 456 1561 474 soneso
1578 448 1710 477 Athenas

1447 482 1595 516 profugus
1614 484 1653 515 [c.

1447 517 1523 550 41.]‚
1551 516 1652 551 ibique
1670 517 1706 545 ab

1450 550 1646 584 adversariis,

1473 583 1531 610 uod
1554 584 1691 617 tyranni-

1474 626 1519 644 em
1538 618 1601 644 illic
1620 625 1707 645 occu-

1473 651 1598 685 avisset‚
1619 659 1708 678 accu-

1449 688 1547 717 satus,
1564 685 1617 712 sed
1627 693 1723 720 popu-

1450 720 1473 747 li
1492 719 1641 746 liberatus
1660 717 1722 745 suf-

1446 752 1565 788 fragiis.
1607 752 1707 779 Huius

1448 792 1538 822 pater
1557 785 1672 820 Cimon,

1448 825 1497 848 ter
1525 820 1705 855 olympioni-

1447 863 1510 888 ces,
1529 855 1584 881 sub
1612 854 1690 881 Pisi-

1450 890 1545 915 strato
1574 889 1643 916 olim
1671 897 1722 915 ex-

1450 922 1510 957 sul,
1524 926 1591 955 post
1606 932 1624 950 a
1643 922 1721 949 Pisi*

1445 956 1583 984 stratidio
1611 957 1703 984 inter-

1444 989 1552 1017 fectus.
