1870 3249
0 339 39 385 30
105 333 285 390 ἄμεινον
321 329 545 387 πρήξουσι.

6 812 29 855 l

351 221 1006 260 TERPSICHORE.

1065 224 1105 261 V.
1287 224 1371 263 225

615 331 983 384 Βουλευομένοισι
1026 329 1071 375 δέ
1121 343 1201 387 σφι
1236 335 1373 375 ταῦτα

104 402 420 456 παραγίνονται
456 396 720 454 βοηθέοντες
750 397 963 454 ΙνῙιλήσιοί
991 414 1036 442 τε
1076 399 1151 443 καὶ
1194 400 1238 443 οἱ
1266 398 1372 456 σύμ-

103 483 237 525 μαχοι
278 464 438 510 αὐτῶν.

505 466 703 510 ἐνθαῦτα
740 465 807 516 δὲ,
865 465 919 509 τοὶ
959 467 1039 521 μὲν
1075 467 1292 523 πρότερον
1328 469 1372 512 οἱ

32 583 34 588 f
100 537 246 590 Κᾶρες
273 533 588 590 ἐβουλεύοντο,
623 537 833 590 μετῆκαν,
866 535 909 576 οἱ
939 535 984 578 δὲ
1013 529 1136 587 αὖτις
1165 540 1426 591 πολεμεῖνέο

100 602 143 654 ἐξ
172 601 306 658 ἀρχῆς
346 601 579 656 ἀρτέοντο·
619 601 694 645 καὶ
729 601 901 644 ἐπιοῦσί
935 618 979 645 τε
1019 607 1134 646 τοῖσι
1174 603 1371 660 Πέρσῃσι

102 670 429 726 συμβάλλουσι,
469 671 542 714 καὶ
580 667 890 726 μαχεσάμενοι,
920 669 1007 712 Δἐπὶ
1042 673 1179 714 πλεῦν
1206 671 1236 727 ἢ
1264 671 1369 727 πρό-

100 753 231 791 τερον
260 737 519 794 ἑσσώθησαν
531 752 541 762 ·

101 809 211 856 λῶν,
243 805 458 860 Μιλήσιοι
486 805 671 861 μάλιστα
701 804 960 862 ἐπλήγησαν.

95 889 145 917 το
194 872 243 917 τό
293 878 444 930 τρῶμα
496 873 712 931 ἀνέλαβόν
763 890 808 918 τε
847 874 921 918 καὶ
959 871 1278 931 ἀνεμαχέσαντο
1320 878 1364 920 οἱ

40 1073 221 1110 omittunt
250 1070 315 1120 δὲ,
365 1085 460 1124 quos
490 1079 575 1123 post
606 1072 699 1110 Val-

39 1128 166 1178 cken„
196 1131 263 1181 qui
294 1130 410 1166 etiam
439 1130 551 1166 scribi
586 1142 698 1186 posse

37 1193 171 1223 monet
188 1184 487 1237 κατειληθέντες
518 1183 581 1237 δη
612 1187 697 1226 ού-

37 1258 120 1291 τοι,
151 1241 231 1295 (hi,
264 1241 437 1294 inquam)
469 1244 588 1280 secuti
608 1250 697 1280 sunt

38 1298 260 1350 Schweigh.
293 1307 331 1336 et
357 1299 474 1336 Gaisf.
541 1302 587 1337 In
607 1301 699 1337 Flo-

18 1358 186 1394 srentino
206 1369 276 1408 pro
298 1354 341 1396 δὲ
363 1350 420 1396 ὦν
433 1357 566 1394 vitiose
587 1355 700 1394 exhi-

36 1414 148 1451 betur
166 1416 258 1453 τῶν.
280 1436 290 1440 -
329 1436 333 1440 ⁴
361 1412 425 1450 Ad
443 1427 557 1451 usum
581 1414 700 1451 futuri

35 1466 234 1524 πρήξουσι
255 1469 357 1509 conf.
376 1477 473 1508 nott.
495 1469 544 1508 ad
562 1471 609 1520 V,
630 1473 700 1513 43.

253 1572 343 1624 Cap
357 1572 478 1609 CXX.

93 1656 132 1681 οι
121 1637 191 1680 δὲ
213 1635 327 1688 αὖτις
353 1643 541 1692 πολεμεῖν
565 1638 605 1689 ἐξ
624 1657 700 1695 αρ-

32 1699 105 1749 χῆς
143 1692 357 1747 αρτέοντο]
408 1699 580 1735 Pertinet
616 1697 695 1736 huc

32 1753 191 1791 Diodori
227 1755 333 1791 locus
366 1755 407 1791 in
443 1756 644 1806 Excerptt.
672 1769 694 1792 a

30 1811 133 1847 Maio
167 1823 292 1861 nuper
319 1812 482 1861 vulgatis
520 1812 602 1860 VII,
637 1811 693 1853 47

32 1866 148 1916 (NOV.
183 1867 339 1903 collect.
371 1868 422 1906 T.
455 1869 492 1904 Π
519 1881 607 1918 pag.
639 1870 693 1909 37

33 1923 131 1975 seq.)
162 1923 274 1959 Cares
304 1925 490 1961 narrantis
511 1925 612 1960 bello
634 1931 694 1961 at·-

31 1981 136 2016 tritos
200 1980 397 2015 oraculum
463 1981 694 2017 consuluisse

31 2043 161 2073 utrum
191 2037 356 2073 Milesios
374 2036 463 2073 belli
483 2038 603 2074 socios
623 2038 693 2074 sibi

30 2092 296 2143 adiungerent.
351 2093 533 2131 Dissuasit
551 2094 692 2145 Apollo

29 2147 86 2186 his
107 2150 250 2187 verbis:

73 2211 190 2248 πάλαι
207 2209 296 2247 ποτ’
328 2206 425 2258 ἦσαν
446 2210 593 2258 ἄλκιμοι
615 2215 690 2249 Μι-

166 2258 296 2304 λη’σιοι.

30 2319 134 2364 Quae
155 2319 291 2357 eadem
309 2321 518 2371 copiosiora
539 2321 586 2358 ab
606 2322 688 2357 He-

29 2375 194 2413 rodoteis
228 2376 405 2414 nonnihil
439 2377 587 2416 diversa
606 2385 687 2415 tra-

29 2431 172 2469 duntur
191 2446 240 2469 ex
257 2435 432 2472 Demone
460 2435 501 2471 in
522 2433 686 2474 Scholiis

29 2488 78 2526 ad
105 2488 297 2540 Aristoph.
325 2491 428 2528 Plut.
469 2494 590 2532 1003.
633 2512 682 2520 -

28 2546 197 2583 Voculae
219 2544 261 2585 δὲ
280 2547 321 2583 in
341 2547 463 2584 verbis
484 2547 527 2587 οἵ
545 2545 588 2586 δὲ
618 2561 686 2585 ea-

29 2601 118 2639 dem
137 2603 216 2639 fere
236 2603 291 2640 vis
322 2616 365 2640 ac
386 2605 481 2641 ratio
494 2632 504 2652 ,
537 2617 636 2656 quae
655 2607 686 2653 1,

29 2661 83 2700 66
114 2659 199 2709 (ubi
226 2658 304 2696 vid.
325 2661 441 2710 nott.)
461 2661 524 2707 VI,
557 2663 597 2701 3.
619 2664 686 2701 30.

28 2716 107 2763 VH,
142 2719 183 2757 6.
227 2719 290 2756 13.
333 2719 427 2757 163.
476 2711 686 2767 ἆρτέεσθαι

28 2771 115 2823 (pro
135 2767 352 2824 ἄρτᾶσθαι)
368 2771 562 2810 Herodoto
584 2771 687 2810 haud

26 2828 242 2881 infrequens
259 2830 415 2866 notione
434 2842 504 2868 sese
515 2829 688 2881 parandi,

83 2886 303 2926 Hrnonor.
324 2886 391 2924 III.

589 738 817 781 πεσόντων
858 738 904 781 δὲ
944 741 1034 781 τῶν
1061 737 1241 783 πάντων
1267 744 1370 784 πολ-

1020 805 1145 849 Meto}
1181 806 1242 859 δὲ,
1270 812 1369 852 τοῦ·

757 1077 800 1107 nt
830 1071 910 1118 Vll,
947 1069 1043 1111 143.
1066 1072 1164 1119 VIII,
1195 1074 1263 1114 97.
1322 1075 1423 1112 Hinc

757 1122 1021 1179 α’ναρτέεσθαι
1053 1128 1084 1176 Ι,
1114 1131 1192 1182 90.
1222 1126 1356 1170 αὐτῶν
1384 1139 1421 1169 et

754 1182 828 1220 hoc
850 1185 972 1235 capite
986 1191 1023 1221 et
1043 1197 1127 1236 cap.
1145 1188 1220 1227 121
1243 1186 1420 1226 dedimus

753 1253 823 1292 pro
845 1236 1012 1280 αὐτέων.
1033 1264 1084 1270 -
1107 1241 1170 1279 Ad
1198 1241 1265 1283 ἐπὶ
1295 1247 1421 1285 πλεῦν

756 1298 859 1335 conf.
878 1298 942 1346 VI,
964 1297 1033 1338 42.

811 1353 1019 1394 πεσόντων
1061 1351 1104 1394 δὲ
1134 1357 1216 1394 τῶν
1255 1352 1419 1397 πάντων

755 1412 942 1460 πολλῶν]
975 1411 1077 1448 Olim
1095 1413 1212 1462 vulgo
1234 1416 1420 1452 omissum

754 1470 838 1507 τῶν
864 1463 1042 1507 πάντων.
1106 1469 1301 1521 Equidem
1328 1485 1419 1509 cum

755 1531 912 1562 recentt.
931 1523 1017 1561 edd.
1030 1525 1288 1576 plurimorum
1303 1527 1417 1566 codd.

754 1583 1020 1619 auctoritatem
1040 1590 1191 1620 secutus
1203 1597 1301 1632 sum,
1322 1598 1417 1636 pro-

753 1639 868 1676 bante
897 1637 1045 1687 Valck.‚
1066 1641 1133 1691 qui
1158 1642 1212 1677 ita
1236 1639 1276 1678 h.
1296 1641 1323 1678 l.
1352 1643 1418 1678 in-

751 1702 999 1746 terpretatur:
1031 1709 1137 1746 quam
1159 1700 1196 1735 in
1217 1700 1417 1738 universum

751 1753 858 1790 multi
886 1753 1089 1790 cecidissent
1112 1755 1150 1790 in
1168 1754 1312 1804 proelio,
1334 1754 1416 1792 Mi-

750 1809 830 1846 lesii
846 1813 961 1847 tamen
975 1812 1167 1848 maximam
1176 1823 1268 1860 prae
1290 1813 1414 1849 ceteris

749 1865 884 1903 cladem
901 1868 1147 1916 acceperunt.“
1167 1868 1273 1904 Haec
1294 1868 1412 1916 enim,

748 1922 780 1958 si
800 1921 894 1974 quid
906 1921 1037 1967 video,
1057 1923 1246 1974 scriptoris
1260 1931 1414 1961 senten-

747 1978 821 2015 tia:
851 1979 979 2016 multos
1003 1991 1047 2015 ex
1072 1981 1118 2016 iis
1139 1981 1313 2028 omnibus,
1344 1981 1412 2033 qui

749 2041 880 2072 contra
910 2036 1042 2072 Persas
1074 2049 1180 2072 arma
1209 2038 1408 2088 cepissent,

749 2092 926 2139 cecidisse,
946 2094 998 2128 ita
1026 2099 1070 2129 ut
1089 2105 1184 2129 voce
1203 2095 1282 2132 τῶν
1303 2090 1411 2133 πόν-

746 2163 826 2186 των
837 2149 1062 2186 coniunctae
1071 2149 1331 2200 intelligantur
1340 2164 1410 2188 co-

746 2205 832 2256 piae
854 2205 1006 2253 Carum,
1026 2206 1262 2244 Milesiorum
1283 2214 1321 2244 et
1343 2209 1411 2260 qui

746 2260 887 2299 horum
906 2263 1050 2300 fuerint
1061 2264 1167 2301 socii.
1225 2263 1289 2301 Ad
1316 2278 1407 2301 ver-

745 2319 840 2355 bum
859 2315 1087 2371 ἐπλήγησαν
1101 2318 1236 2357 Valck.
1258 2335 1279 2358 e
1291 2320 1407 2358 Thu-

742 2375 829 2427 cyd.
850 2377 915 2423 ΠΙ,
929 2378 979 2417 18
999 2377 1158 2414 confert.
1179 2377 1404 2429 πληγέντες,

742 2433 808 2469 ubi
823 2429 1144 2485 Βοὴο1.μεγαλως
1154 2433 1403 2498 νικηθέντες·

742 2486 875 2541 πληγή
903 2505 979 2542 γαρ
1001 2505 1101 2529 κατα
1131 2485 1307 2547 πόλεμον
1335 2490 1403 2531 καὶ

741 2548 898 2599 τραῦμα
920 2562 945 2598 η
969 2543 1108 2599 ἰσχυρα
1129 2547 1240 2598 ἡττα.

939 2649 1033 2700 Cap.
1061 2648 1202 2689 CXXI.

796 2718 913 2756 τοῦτο
941 2713 984 2756 τὸ
1023 2718 1158 2767 τρῶμα
1198 2710 1400 2765 ἀνέλαβόν

740 2786 781 2811 τε
805 2772 873 2812 καὶ
903 2767 1192 2824 ἀνεμαχέσαντο
1233 2770 1275 2810 οἷ
1310 2773 1398 2810 Κᾶ-

742 2830 835 2881 ρες]
871 2830 896 2866 i.
920 2842 953 2867 e.
982 2832 1104 2879 postea
1131 2840 1210 2865 vero
1239 2827 1302 2865 hoc
1320 2827 1399 2865 vul-

1071 2883 1123 2924 15

1430 346 1549 379 iterum,
1568 352 1703 372 unacum

1429 366 1579 413 Milesiis
1598 379 1637 406 ad

1429 414 1592 441 Labranda.
1609 414 1654 441 in-

1427 451 1553 488 gentem
1582 447 1703 475 cladem

1429 482 1602 519 accipiunt.

1426 818 1486 838 nou
1502 813 1606 837 tamen
1623 806 1668 835 in-

1426 844 1494 878 ulti,
1522 852 1591 871 cum
1608 842 1685 869 Per-

1421 887 1474 906 sae
1493 882 1601 919 postea
1624 876 1655 903 in

1421 921 1527 940 eornm
1544 911 1670 940 insidias

1419 947 1459 974 de
1473 946 1551 982 apsi,
1576 945 1616 973 ad

1421 989 1514 1008 unum
1544 986 1649 1008 omnes

1423 1017 1563 1051 pereant.
