1834 3258
444 271 857 309 POLYMNIA.
917 271 1023 308 VII.
1279 270 1365 310 559

97 385 288 439 Φρυγῶν
318 381 508 425 ἄποικοι.
567 378 740 424 τούτων
771 379 1120 437 συναμφοτέρων
1147 371 1363 434 ἦρχεἈρ-

0 459 25 504 l
79 451 260 509 τόχμης,
290 452 484 505 Δαρείου
515 449 624 506 ἔχων
643 451 880 505 θυγατέρα.
938 448 1080 492 Λυδοὶ
1111 446 1157 490 δὲ
1178 444 1360 503 ἄγχοτά-
1417 454 1696 525 ξιιὶζῐιῐὶιίλῐῗτίιέῗῃίῐιιιςηῖ

87 534 148 563 τω
176 522 264 562 τῶν
287 515 553 574 Ἑλληνικῶν
586 515 704 573 εἶχον
735 517 858 561 ὅπλα.
891 518 934 561 οἱ
966 517 1012 560 δὲ
1041 516 1186 560 Λυδοὶ
1220 517 1360 571 Μηΐο-
1373 523 1692 584 lfifflacpnesrocati.

1460 565 1511 591 ῆι,
1533 557 1650 586 colonia

86 602 160 638 νες
198 586 431 630 ἐκαλεῦντο
463 585 512 630 τὸ
549 585 704 630 πάλαι·
748 586 818 630 ἐπὶ
847 585 892 628 δὲ
923 587 1077 628 Λυδοῦ
1107 588 1186 628 τοῦ
1203 584 1361 635 ’Ἀτυος
1417 585 1669 662 ἓξὲξέυῶῑῗρο

59 654 221 711 Ξέσχον
249 654 328 710 τὴν
348 654 612 711 ἐπωνυμίην,
643 652 959 712 μεταβαλόντες
984 652 1033 697 τὸ
1057 651 1238 709 οὔνομα.
1261 656 1361 696 Μυ-
1417 660 1596 723 gliffffiiani
1614 668 1667 688 no-

87 725 160 768 σοὶ
189 723 236 768 δὲ
266 723 335 767 ἐπὶ
365 723 443 777 μὲν
473 729 573 779 τῇσι
601 727 820 780 κεφαλῇσι
854 721 971 778 εἶχον
1008 721 1175 777 κράνεα
1212 719 1362 776 ἐπιχαί-

85 809 185 848 ρια,
225 790 412 843 ἀσπίδας
444 791 489 835 δὲ
521 792 727 847 σμικράς·
782 789 1025 835 ἀκοντίοισι
1065 791 1111 834 δὲ
1150 789 1360 846 ἐχρέωντο

58 859 378 903 δέπικαύτοισι.
438 854 565 902 οὗτοι
614 860 661 903 δέ
710 861 795 903 εἰσι
833 862 998 903 Λυδῶν
1027 859 1231 902 ἄποικοι·
1288 855 1415 901 ἀπ’ΞΟ

89 925 333 981 Οὐλύμπου
363 927 409 972 δὲ
441 928 596 982 οὔρεος
626 928 856 972 καλέονται
895 926 1210 985 Οὐλυμπιηνοί.
1270 930 1362 969 Λυ-

89 997 180 1040 δῶν
224 995 271 1041 δὲ
313 997 387 1041 καὶ
419 999 592 1040 Μυσῶν
630 991 733 1053 ἦρχε
758 995 1049 1054 Ἀρταφέρνης
1078 994 1102 1040 ὁ
1124 994 1358 1051 Ἀρταφέρ-

28 1194 109 1233 deri
133 1196 215 1232 vult
242 1192 392 1232 Hoeck.
424 1194 524 1230 Cret.
554 1195 572 1230 Ι
602 1206 691 1244 pag.

29 1254 108 1293 119
120 1265 227 1305 seqq.
248 1266 297 1289 ex
317 1252 474 1303 antiqua
494 1252 693 1303 utriusque

26 1311 149 1360 gentis
170 1310 419 1360 cognatione,
451 1321 549 1360 quae
570 1306 691 1345 histo-

25 1367 104 1403 riae
124 1373 273 1418 patrem
297 1365 345 1403 ad
374 1364 473 1402 hanc
494 1364 692 1416 perduxe-

24 1424 73 1460 rit
91 1425 333 1461 sententiam.
390 1421 597 1474 Equidem,
619 1423 691 1459 alia

22 1487 67 1517 ut
79 1487 246 1528 taceam,
279 1480 342 1517 vel
370 1480 419 1516 ob
451 1480 694 1517 testimonio-

24 1550 112 1573 rum
131 1538 303 1589 inopiam
333 1537 423 1574 talia
450 1549 626 1588 unquam
646 1535 695 1574 ad

26 1593 219 1646 liquidum
229 1593 388 1646 perduci
400 1606 510 1645 posse
522 1593 694 1645 despero,

25 1653 250 1702 praesertim
271 1664 405 1704 quum,
429 1651 524 1688 bene
536 1658 694 1688 notante

25 1709 173 1745 Rittero
198 1707 443 1758 (Erdkunde
472 1709 509 1744 Π
536 1722 576 1760 p.
598 1710 692 1749 782.

26 1767 108 1807 783
130 1765 217 1803 coll.
239 1765 342 1817 717)
365 1778 421 1814 ea,
443 1778 541 1817 quae
561 1778 698 1816 super-

25 1829 114 1859 sunt
132 1823 303 1873 vestigia,
327 1836 371 1860 eo
391 1824 516 1874 potius
535 1836 606 1860 nos
628 1821 697 1859 du-

27 1891 113 1916 cere
146 1878 370 1929 videantur,
391 1886 456 1928 ut,
497 1881 563 1931 qui
592 1879 696 1930 apud

26 1934 269 1973 Herodotum
298 1937 538 1987 appellentur
564 1935 695 1988 Phry-

26 2005 113 2043 ges,
152 1994 348 2042 Armenii,
382 1992 628 2043 Cappadoces
658 2006 688 2030 s.

25 2049 117 2101 Syri
146 2049 195 2086 ad
214 2062 335 2086 unam
364 2049 606 2102 eandemque
633 2063 695 2086 re-

24 2105 196 2143 ferantur
241 2107 397 2157 stirpem
434 2107 692 2154 Aramaicam‚

25 2175 125 2215 quae
137 2162 275 2200 eadem
285 2170 340 2200 est
354 2164 513 2216 Syriaca
525 2171 561 2201 et
574 2163 693 2201 Chal-

25 2218 148 2262 daica.
178 2241 234 2249 -—
262 2221 388 2258 Verba
417 2218 549 2268 ἐόντες
581 2223 693 2273 Φρυ-

23 2278 110 2327 γαῖν
145 2274 309 2317 ἄποικοι
337 2279 427 2315 citat
446 2277 622 2316 Eustath.
644 2277 694 2316 ad

24 2333 184 2385 Dionys.
203 2335 356 2385 Perieg.
379 2334 473 2376 694.
509 2337 692 2374 Formam

25 2387 236 2441 ἐσεσάχατο
255 2393 361 2443 attigi
381 2391 430 2429 ad
449 2393 532 2442 VII,
555 2396 692 2435 62.—

25 2446 102 2483 Pro
131 2445 302 2488 τουτέων
335 2448 494 2488 exhibui
522 2447 692 2492 τούτων.

217 2569 310 2622 Gap.
329 2572 507 2612 LXXIV.

80 2671 270 2720 Μηίονες
302 2671 513 2715 ἐκαλεῦντο
537 2674 582 2716 τό
613 2674 690 2716 πά·

25 2726 114 2775 lou]
138 2729 263 2780 Vulgo
285 2728 487 2769 exhibetur
506 2729 688 2783 Μηόνες,

26 2784 130 2822 ouius
141 2785 226 2823 loco
236 2785 390 2825 Schaef.
403 2801 495 2826 cum
503 2788 688 2841 Schwgh.

27 2844 64 2875 et
92 2841 207 2883 Gaisf.
241 2842 416 2882 exhibuit
447 2846 644 2896 Μηΐονες,
667 2860 688 2884 e

27 2894 410 2950 codioeFlorentim,
432 2904 499 2955 qui
518 2901 594 2944 h.1.
616 2916 687 2941 ex-

749 1192 856 1232 hibet
879 1190 1050 1250 Μῄονες
1069 1201 1106 1232 et
1116 1195 1197 1242 VH,
1220 1197 1272 1236 77
1289 1193 1417 1231 diser—

750 1258 787 1288 te
831 1253 1038 1301 Μηΐονες,
1089 1251 1195 1304 quod
1218 1251 1324 1288 idem
1346 1265 1419 1289 ex-

748 1316 820 1346 stat
841 1308 943 1360 apud
964 1309 1144 1346 strabon.
1166 1309 1257 1345 XJV
1275 1323 1315 1359 p.
1337 1311 1418 1350 668

747 1367 793 1405 Β.
829 1380 859 1408 s,
889 1367 985 1406 996,
1017 1367 1068 1403 Τ.
1100 1366 1135 1403 V
1172 1380 1211 1417 p.
1242 1369 1326 1406 722
1355 1364 1418 1404 ed.

747 1424 852 1474 Lips,
885 1421 1003 1474 Apud
1035 1424 1192 1460 Homer.
1208 1424 1252 1461 ΙΙ.
1272 1424 1320 1469 Π,
1334 1420 1417 1464 864

752 1480 838 1529 (ubi
859 1480 908 1517 cf.
936 1478 1082 1532 Heyn.)
1108 1476 1291 1534 Μῄονες,
1313 1479 1420 1517 undo

752 1551 907 1591 quoque
928 1537 1030 1589 apud
1045 1538 1231 1574 Herodot.
1251 1539 1320 1585 I,7
1334 1535 1419 1574 edi-

749 1602 834 1632 tum
849 1593 1009 1649 ΝΙῄων,
1039 1595 1106 1632 ubi
1126 1595 1226 1632 conf.
1254 1600 1417 1631 nott.—

749 1651 813 1689 Ad
832 1653 948 1689 verba
969 1650 1056 1691 ε’πὶ
1087 1652 1232 1691 Λυδοῦ
1260 1651 1310 1688 ef.
1320 1658 1419 1690 nott.

750 1709 800 1747 ad
819 1710 884 1757 IV,
918 1707 988 1750 45.
1015 1708 1118 1748 Add.
1148 1710 1230 1757 Vll,
1259 1710 1325 1750 83.
1349 1710 1417 1750 91.

752 1769 820 1808 92.
849 1765 918 1807 94.
972 1767 1061 1805 Vox
1087 1766 1295 1818 ἐπωνυμία
1315 1763 1421 1816 apud

751 1823 994 1861 Herodotum
1017 1825 1165 1875 saepius
1185 1825 1236 1861 ita
1257 1821 1420 1859 adhibe-

751 1888 824 1929 tur,
846 1888 889 1917 ut
917 1881 1194 1932 significatione
1213 1878 1310 1917 nihil
1341 1878 1417 1916 dif-

751 1938 850 1975 ferat
877 1951 899 1974 a
928 1952 1024 1976 voce
1055 1935 1196 1989 ὅνομα,
1216 1944 1261 1974 ut
1279 1937 1326 1985 V,
1349 1939 1417 1977 66.

748 1996 830 2042 VII,
863 1996 931 2034 91.
960 1998 1036 2043 923
1087 2008 1139 2031 ne
1167 1995 1291 2046 plura.
1357 1994 1416 2030 De

748 2051 869 2102 Lydis
898 2065 942 2089 ac
961 2051 1013 2090 M
1009 2054 1084 2104 μείς
1112 2051 1161 2090 cf,
1182 2053 1299 2088 etiam
1317 2057 1414 2090 nott.

749 2108 798 2147 ad
817 2110 846 2156 Ι,
858 2110 928 2150 28.

805 2161 1025 2205 ἀκοντίοισι
1039 2163 1081 2206 δὲ
1097 2163 1287 2217 εχρέωντο
1309 2163 1367 2204 ἐπ
1381 2179 1417 2204 ι·-

748 2219 1021 2272 καύτοισι]
1079 2223 1201 2273 Attigi
1239 2220 1334 2260 haec
1374 2222 1416 2260 in

746 2286 839 2317 nota
867 2278 915 2316 ad
944 2281 1026 2328 Ul,
1057 2283 1122 2322 71.
1152 2281 1253 2331 Mysi
1284 2286 1417 2317 autem

746 2335 837 2374 hinc
855 2344 1044 2375 vocantur
1064 2334 1291 2377 ἀκοντισταὶ
1312 2334 1416 2388 apud

747 2393 929 2446 Aeschyl.
938 2396 1114 2445 Pers.52‚
1126 2401 1284 2432 notante
1293 2395 1415 2432 Wes-

747 2453 923 2502 selingio.

807 2505 1115 2560 Ου’λυμπιηνοὶ]
1183 2510 1270 2545 Duo
1301 2505 1416 2549 codd,

744 2560 1025 2617 Ὀλυμπιηνοὶ,
1047 2573 1090 2602 ut
1112 2565 1214 2617 apud
1235 2562 1411 2604 Eustath0

746 2635 901 2676 quoque
920 2624 1060 2675 legitur
1079 2624 1121 2659 in
1148 2624 1308 2674 DionyS.
1329 2623 1412 2662 810

745 2681 834 2717 coll.
863 2682 944 2721 322
975 2687 1012 2717 et
1041 2679 1226 2731 Stephan.
1248 2681 1411 2729 Byzant.

745 2750 774 2774 s.
809 2751 848 2775 v.
886 2749 976 2788 pag.
1018 2740 1114 2778 612.
1172 2738 1230 2772 De
1264 2736 1414 2786 Olympo

744 2801 877 2831 monte
898 2794 999 2833 conf.
1011 2800 1106 2831 nott.
1130 2792 1177 2829 ad
1198 2794 1226 2840 Ι,
1249 2795 1302 2833 36
1325 2793 1412 2834 coll,

745 2847 798 2891 43
827 2855 865 2887 et
892 2849 941 2887 de
979 2849 1199 2901 Artapherne
1235 2856 1332 2887 nott.
1363 2848 1412 2887 ad

743 2905 788 2953 V,
805 2906 872 2947 25.

1384 3086 1459 3258 Χ
