<?xml version="1.0" encoding="UTF-8"?>
<!DOCTYPE html PUBLIC "-//W3C//DTD XHTML 1.0 Transitional//EN"
    "http://www.w3.org/TR/xhtml1/DTD/xhtml1-transitional.dtd">
<html xmlns="http://www.w3.org/1999/xhtml" xml:lang="en" lang="en">
 <head>
  <title>
</title>
<meta http-equiv="Content-Type" content="text/html;charset=utf-8" />
  <meta name='ocr-system' content='tesseract 3.04.00' />
  <meta name='ocr-capabilities' content='ocr_page ocr_carea ocr_par ocr_line ocrx_word'/>
</head>
<body>
  <div class='ocr_page' id='page_1' title='image "./musaeherodoto03hero/musaeherodoto03hero_0280.png"; bbox 0 0 1815 3181; ppageno 0'>
   <div class='ocr_carea' id='block_1_1' title="bbox 400 258 484 298">
    <p class='ocr_par' dir='ltr' id='par_1_1' title="bbox 400 258 484 298">
     <span class='ocr_line' id='line_1_1' title="bbox 400 258 484 298; baseline -0.024 0"><span class='ocrx_word' id='word_1_1' title='bbox 400 258 484 298; x_wconf 75' lang='lat'>270</span> 
     </span>
    </p>
   </div>
   <div class='ocr_carea' id='block_1_2' title="bbox 800 255 1263 294">
    <p class='ocr_par' dir='ltr' id='par_1_2' title="bbox 800 255 1263 294">
     <span class='ocr_line' id='line_1_2' title="bbox 800 255 1263 294; baseline 0.002 -2"><span class='ocrx_word' id='word_1_2' title='bbox 800 255 1263 294; x_wconf 88' lang='lat' dir='ltr'><strong>HERODOTI</strong></span> 
     </span>
    </p>
   </div>
   <div class='ocr_carea' id='block_1_3' title="bbox 269 362 1734 762">
    <p class='ocr_par' dir='ltr' id='par_1_3' title="bbox 269 362 1734 762">
     <span class='ocr_line' id='line_1_3' title="bbox 402 362 1674 424; baseline 0.002 -16"><span class='ocrx_word' id='word_1_3' title='bbox 402 365 596 420; x_wconf 81' lang='grc' dir='ltr'><strong><em>Καρδίης</em></strong></span> <span class='ocrx_word' id='word_1_4' title='bbox 624 362 778 415; x_wconf 82' lang='grc' dir='ltr'><em>πόλιος</em></span> <span class='ocrx_word' id='word_1_5' title='bbox 812 363 857 414; x_wconf 78' lang='grc' dir='ltr'>ἐς</span> <span class='ocrx_word' id='word_1_6' title='bbox 886 363 1125 420; x_wconf 77' lang='grc' dir='ltr'><em>Πακτύην,</em></span> <span class='ocrx_word' id='word_1_7' title='bbox 1164 367 1239 409; x_wconf 79' lang='grc' dir='ltr'>ἰ’να</span> <span class='ocrx_word' id='word_1_8' title='bbox 1277 367 1335 423; x_wconf 83' lang='grc' dir='ltr'>μὴ</span> <span class='ocrx_word' id='word_1_9' title='bbox 1368 367 1508 424; x_wconf 76' lang='grc' dir='ltr'><em>ἔχοιέν</em></span> <span class='ocrx_word' id='word_1_10' title='bbox 1536 379 1674 423; x_wconf 70' lang='grc' dir='ltr'><em>σφεας</em></span> 
     </span>
     <span class='ocr_line' id='line_1_4' title="bbox 375 431 1678 493; baseline 0.004 -19"><span class='ocrx_word' id='word_1_11' title='bbox 375 435 450 478; x_wconf 73' lang='grc' dir='ltr'>δοῖ</span> <span class='ocrx_word' id='word_1_12' title='bbox 474 432 694 482; x_wconf 79' lang='grc' dir='ltr'><em>Ἀψίνθιοι</em></span> <span class='ocrx_word' id='word_1_13' title='bbox 723 432 954 487; x_wconf 79' lang='grc' dir='ltr'><strong><em>δηλέεσθαι</em></strong></span> <span class='ocrx_word' id='word_1_14' title='bbox 993 431 1277 489; x_wconf 73' lang='grc' dir='ltr'><em>ἐσβάλλοντες</em></span> <span class='ocrx_word' id='word_1_15' title='bbox 1313 433 1357 485; x_wconf 82' lang='grc' dir='ltr'>ἐς</span> <span class='ocrx_word' id='word_1_16' title='bbox 1396 434 1479 491; x_wconf 82' lang='grc' dir='ltr'>τήν</span> <span class='ocrx_word' id='word_1_17' title='bbox 1518 437 1678 493; x_wconf 76' lang='grc' dir='ltr'><em>χώρην.</em></span> 
     </span>
     <span class='ocr_line' id='line_1_5' title="bbox 403 493 1680 560; baseline 0.002 -16"><span class='ocrx_word' id='word_1_18' title='bbox 403 501 484 545; x_wconf 81' lang='grc' dir='ltr'><em>εἰσὶ</em></span> <span class='ocrx_word' id='word_1_19' title='bbox 503 500 548 543; x_wconf 79' lang='grc' dir='ltr'>δὲ</span> <span class='ocrx_word' id='word_1_20' title='bbox 571 493 694 542; x_wconf 77' lang='grc' dir='ltr'><em>οὗτοι</em></span> <span class='ocrx_word' id='word_1_21' title='bbox 715 497 888 543; x_wconf 79' lang='grc' dir='ltr'><em>στάδιοι</em></span> <span class='ocrx_word' id='word_1_22' title='bbox 903 499 948 552; x_wconf 76' lang='grc' dir='ltr'>ἕξ</span> <span class='ocrx_word' id='word_1_23' title='bbox 966 515 1011 544; x_wconf 86' lang='grc' dir='ltr'>τε</span> <span class='ocrx_word' id='word_1_24' title='bbox 1041 502 1115 544; x_wconf 80' lang='grc' dir='ltr'>καὶ</span> <span class='ocrx_word' id='word_1_25' title='bbox 1134 501 1371 557; x_wconf 67' lang='grc' dir='ltr'><em>τριήκοντα</em></span> <span class='ocrx_word' id='word_1_26' title='bbox 1389 507 1471 546; x_wconf 88' lang='grc' dir='ltr'>τοῦ</span> <span class='ocrx_word' id='word_1_27' title='bbox 1491 504 1680 560; x_wconf 73' lang='grc' dir='ltr'><em>ἰσθμοῦ·</em></span> 
     </span>
     <span class='ocr_line' id='line_1_6' title="bbox 404 565 1674 627; baseline 0.002 -15"><span class='ocrx_word' id='word_1_28' title='bbox 404 567 488 612; x_wconf 64' lang='lat' dir='ltr'>vind</span> <span class='ocrx_word' id='word_1_29' title='bbox 522 567 568 611; x_wconf 79' lang='grc' dir='ltr'>δὲ</span> <span class='ocrx_word' id='word_1_30' title='bbox 596 571 678 610; x_wconf 85' lang='grc' dir='ltr'>τοῦ</span> <span class='ocrx_word' id='word_1_31' title='bbox 707 569 873 623; x_wconf 81' lang='grc' dir='ltr'><em>ἰσθμοῦ</em></span> <span class='ocrx_word' id='word_1_32' title='bbox 901 567 1063 612; x_wconf 84' lang='grc' dir='ltr'><em>τούτου</em></span> <span class='ocrx_word' id='word_1_33' title='bbox 1093 568 1120 624; x_wconf 79' lang='grc' dir='ltr'><em>ἡ</em></span> <span class='ocrx_word' id='word_1_34' title='bbox 1152 565 1434 627; x_wconf 74' lang='grc' dir='ltr'><em>Χερσόνησος</em></span> <span class='ocrx_word' id='word_1_35' title='bbox 1463 572 1564 614; x_wconf 73' lang='grc' dir='ltr'><em>εἴσω</em></span> <span class='ocrx_word' id='word_1_36' title='bbox 1587 574 1674 614; x_wconf 76' lang='grc' dir='ltr'><em>ποῖ-</em></span> 
     </span>
     <span class='ocr_line' id='line_1_7' title="bbox 401 635 1673 694; baseline 0.002 -17"><span class='ocrx_word' id='word_1_37' title='bbox 401 635 457 678; x_wconf 79' lang='grc' dir='ltr'>σά</span> <span class='ocrx_word' id='word_1_38' title='bbox 487 635 576 678; x_wconf 80' lang='grc' dir='ltr'><em>ἐστι</em></span> <span class='ocrx_word' id='word_1_39' title='bbox 614 636 807 678; x_wconf 75' lang='grc' dir='ltr'><em>σταδίων</em></span> <span class='ocrx_word' id='word_1_40' title='bbox 837 637 976 680; x_wconf 81' lang='grc' dir='ltr'><em>εἴκοσι</em></span> <span class='ocrx_word' id='word_1_41' title='bbox 1003 639 1079 681; x_wconf 79' lang='grc' dir='ltr'>καὶ</span> <span class='ocrx_word' id='word_1_42' title='bbox 1104 639 1403 692; x_wconf 78' lang='grc' dir='ltr'><em>τετρακοσίων</em></span> <span class='ocrx_word' id='word_1_43' title='bbox 1439 638 1491 680; x_wconf 86' lang='grc' dir='ltr'>τὸ</span> <span class='ocrx_word' id='word_1_44' title='bbox 1519 641 1673 694; x_wconf 80' lang='grc' dir='ltr'><em>μῆκος.</em></span> 
     </span>
     <span class='ocr_line' id='line_1_8' title="bbox 269 697 1734 762; baseline -0.002 -13"><span class='ocrx_word' id='word_1_45' title='bbox 269 705 333 749; x_wconf 69' lang='grc' dir='ltr'>δῖ</span> <span class='ocrx_word' id='word_1_46' title='bbox 390 704 677 759; x_wconf 82' lang='grc' dir='ltr'><em>Ἀποτειχίσας</em></span> <span class='ocrx_word' id='word_1_47' title='bbox 707 697 771 746; x_wconf 68' lang='grc' dir='ltr'>ὦν</span> <span class='ocrx_word' id='word_1_48' title='bbox 799 701 1073 760; x_wconf 40' lang='grc' dir='ltr'><em>τόνναύχένα</em></span> <span class='ocrx_word' id='word_1_49' title='bbox 1101 709 1178 761; x_wconf 77' lang='grc' dir='ltr'>τῆς</span> <span class='ocrx_word' id='word_1_50' title='bbox 1209 703 1496 762; x_wconf 81' lang='grc' dir='ltr'><em>Χερσονήσου</em></span> <span class='ocrx_word' id='word_1_51' title='bbox 1525 703 1550 748; x_wconf 90' lang='grc' dir='ltr'>ὁ</span> <span class='ocrx_word' id='word_1_52' title='bbox 1569 708 1734 748; x_wconf 61' lang='lat' dir='ltr'><strong>Mna-75</strong></span> 
     </span>
    </p>
   </div>
   <div class='ocr_carea' id='block_1_4' title="bbox 441 814 620 819">
    <p class='ocr_par' dir='ltr' id='par_1_4' title="bbox 441 814 620 819">
     <span class='ocr_line' id='line_1_9' title="bbox 441 814 620 819; baseline 0 0"><span class='ocrx_word' id='word_1_53' title='bbox 441 814 620 819; x_wconf 95' lang='lat' dir='ltr'> </span> 
     </span>
    </p>
   </div>
   <div class='ocr_carea' id='block_1_5' title="bbox 341 889 1014 2918">
    <p class='ocr_par' dir='ltr' id='par_1_5' title="bbox 341 889 1014 2918">
     <span class='ocr_line' id='line_1_10' title="bbox 347 889 1010 940; baseline 0.002 -15"><span class='ocrx_word' id='word_1_54' title='bbox 347 890 433 925; x_wconf 79' lang='lat' dir='ltr'>ferri</span> <span class='ocrx_word' id='word_1_55' title='bbox 452 901 533 925; x_wconf 89' lang='lat' dir='ltr'>non</span> <span class='ocrx_word' id='word_1_56' title='bbox 548 901 670 939; x_wconf 85' lang='lat' dir='ltr'>posse,</span> <span class='ocrx_word' id='word_1_57' title='bbox 702 900 793 924; x_wconf 87' lang='lat' dir='ltr'>cum</span> <span class='ocrx_word' id='word_1_58' title='bbox 814 889 886 924; x_wconf 89' lang='lat' dir='ltr'>alia</span> <span class='ocrx_word' id='word_1_59' title='bbox 897 902 1010 940; x_wconf 90' lang='lat' dir='ltr'>pror-</span> 
     </span>
     <span class='ocr_line' id='line_1_11' title="bbox 345 943 1007 995; baseline 0 -13"><span class='ocrx_word' id='word_1_60' title='bbox 345 959 405 982; x_wconf 87' lang='lat' dir='ltr'>sus</span> <span class='ocrx_word' id='word_1_61' title='bbox 425 947 531 982; x_wconf 82' lang='lat' dir='ltr'>notio</span> <span class='ocrx_word' id='word_1_62' title='bbox 552 946 660 982; x_wconf 83' lang='lat' dir='ltr'>verbi</span> <span class='ocrx_word' id='word_1_63' title='bbox 674 943 930 995; x_wconf 79' lang='grc' dir='ltr'><em>ἐπιτειχίζειν,</em></span> <span class='ocrx_word' id='word_1_64' title='bbox 945 947 1007 982; x_wconf 90' lang='lat' dir='ltr'>lu-</span> 
     </span>
     <span class='ocr_line' id='line_1_12' title="bbox 344 1003 1009 1039; baseline 0.002 -1"><span class='ocrx_word' id='word_1_65' title='bbox 344 1003 516 1039; x_wconf 87' lang='lat' dir='ltr'>culenter</span> <span class='ocrx_word' id='word_1_66' title='bbox 535 1008 861 1039; x_wconf 83' lang='lat' dir='ltr'>commonstrante</span> <span class='ocrx_word' id='word_1_67' title='bbox 885 1004 1009 1039; x_wconf 88' lang='lat' dir='ltr'>Hem-</span> 
     </span>
     <span class='ocr_line' id='line_1_13' title="bbox 343 1058 1007 1110; baseline 0.003 -14"><span class='ocrx_word' id='word_1_68' title='bbox 343 1058 505 1096; x_wconf 88' lang='lat' dir='ltr'>sterhus.</span> <span class='ocrx_word' id='word_1_69' title='bbox 527 1058 577 1096; x_wconf 93' lang='lat' dir='ltr'>ad</span> <span class='ocrx_word' id='word_1_70' title='bbox 597 1059 758 1095; x_wconf 84' lang='lat' dir='ltr'>Lucian.</span> <span class='ocrx_word' id='word_1_71' title='bbox 778 1060 926 1110; x_wconf 85' lang='lat' dir='ltr'>Nigrin.</span> <span class='ocrx_word' id='word_1_72' title='bbox 939 1062 1007 1100; x_wconf 81' lang='lat'>23.</span> 
     </span>
     <span class='ocr_line' id='line_1_14' title="bbox 344 1108 1010 1168; baseline 0.005 -16"><span class='ocrx_word' id='word_1_73' title='bbox 344 1118 568 1168; x_wconf 83' lang='lat' dir='ltr'>Harpocrat,</span> <span class='ocrx_word' id='word_1_74' title='bbox 603 1128 692 1167; x_wconf 81' lang='lat' dir='ltr'>pag.</span> <span class='ocrx_word' id='word_1_75' title='bbox 725 1118 804 1156; x_wconf 89' lang='lat'>60:</span> <span class='ocrx_word' id='word_1_76' title='bbox 849 1108 1010 1156; x_wconf 71' lang='grc' dir='ltr'><em>ἀποτει-</em></span> 
     </span>
     <span class='ocr_line' id='line_1_15' title="bbox 343 1168 1014 1224; baseline 0 -12"><span class='ocrx_word' id='word_1_77' title='bbox 343 1174 450 1224; x_wconf 81' lang='grc' dir='ltr'><em>χίσαι</em></span> <span class='ocrx_word' id='word_1_78' title='bbox 464 1202 473 1219; x_wconf 85' lang='grc'>,</span> <span class='ocrx_word' id='word_1_79' title='bbox 522 1169 567 1212; x_wconf 73' lang='grc' dir='ltr'>τό</span> <span class='ocrx_word' id='word_1_80' title='bbox 627 1168 850 1222; x_wconf 73' lang='grc' dir='ltr'><em>ἀπολαβεῖν</em></span> <span class='ocrx_word' id='word_1_81' title='bbox 896 1173 1014 1223; x_wconf 82' lang='grc' dir='ltr'><em>τείχει</em></span> 
     </span>
     <span class='ocr_line' id='line_1_16' title="bbox 343 1224 1012 1278; baseline 0 -10"><span class='ocrx_word' id='word_1_82' title='bbox 343 1229 413 1269; x_wconf 81' lang='grc' dir='ltr'>καὶ</span> <span class='ocrx_word' id='word_1_83' title='bbox 452 1224 686 1268; x_wconf 68' lang='grc' dir='ltr'><em>ἀποκλεῖσαι</em></span> <span class='ocrx_word' id='word_1_84' title='bbox 725 1231 798 1278; x_wconf 79' lang='grc' dir='ltr'>τῆς</span> <span class='ocrx_word' id='word_1_85' title='bbox 846 1225 987 1277; x_wconf 77' lang='grc' dir='ltr'><em>ἐξόδου</em></span> <span class='ocrx_word' id='word_1_86' title='bbox 1001 1241 1012 1252; x_wconf 83' lang='lat'><strong>·</strong></span> 
     </span>
     <span class='ocr_line' id='line_1_17' title="bbox 345 1281 1011 1337; baseline -0.002 -11"><span class='ocrx_word' id='word_1_87' title='bbox 345 1282 712 1337; x_wconf 77' lang='grc' dir='ltr'><em>οἷποτετειχισμένος</em></span> <span class='ocrx_word' id='word_1_88' title='bbox 727 1283 769 1324; x_wconf 81' lang='grc' dir='ltr'>δὲ</span> <span class='ocrx_word' id='word_1_89' title='bbox 783 1283 807 1324; x_wconf 81' lang='grc' dir='ltr'>ὁ</span> <span class='ocrx_word' id='word_1_90' title='bbox 820 1281 1011 1336; x_wconf 67' lang='grc' dir='ltr'><em>ἐπειλημ-</em></span> 
     </span>
     <span class='ocr_line' id='line_1_18' title="bbox 345 1338 1012 1396; baseline -0.003 -14"><span class='ocrx_word' id='word_1_91' title='bbox 345 1342 465 1395; x_wconf 82' lang='grc' dir='ltr'><em>μένος</em></span> <span class='ocrx_word' id='word_1_92' title='bbox 487 1343 557 1382; x_wconf 85' lang='grc' dir='ltr'>καὶ</span> <span class='ocrx_word' id='word_1_93' title='bbox 580 1338 937 1393; x_wconf 78' lang='grc' dir='ltr'><em>οἷποκεκλεισμένος</em></span> <span class='ocrx_word' id='word_1_94' title='bbox 957 1344 1012 1396; x_wconf 79' lang='grc' dir='ltr'>τῷ</span> 
     </span>
     <span class='ocr_line' id='line_1_19' title="bbox 343 1399 1008 1451; baseline -0.002 -13"><span class='ocrx_word' id='word_1_95' title='bbox 343 1400 474 1451; x_wconf 83' lang='grc' dir='ltr'><em>τείχει.</em></span> <span class='ocrx_word' id='word_1_96' title='bbox 545 1400 646 1436; x_wconf 88' lang='lat' dir='ltr'>Hinc</span> <span class='ocrx_word' id='word_1_97' title='bbox 684 1406 787 1436; x_wconf 89' lang='lat' dir='ltr'>recte</span> <span class='ocrx_word' id='word_1_98' title='bbox 816 1399 915 1436; x_wconf 84' lang='lat' dir='ltr'>infra</span> <span class='ocrx_word' id='word_1_99' title='bbox 943 1400 1008 1448; x_wconf 86' lang='lat' dir='ltr'>Vl,</span> 
     </span>
     <span class='ocr_line' id='line_1_20' title="bbox 343 1451 1011 1508; baseline 0.006 -16"><span class='ocrx_word' id='word_1_100' title='bbox 343 1459 400 1498; x_wconf 82' lang='lat'>37</span> <span class='ocrx_word' id='word_1_101' title='bbox 452 1457 495 1492; x_wconf 87' lang='lat' dir='ltr'>in</span> <span class='ocrx_word' id='word_1_102' title='bbox 545 1456 701 1506; x_wconf 80' lang='lat' dir='ltr'>vulgata</span> <span class='ocrx_word' id='word_1_103' title='bbox 758 1451 1011 1508; x_wconf 82' lang='grc' dir='ltr'><em>α’ποτειχίσας</em></span> 
     </span>
     <span class='ocr_line' id='line_1_21' title="bbox 344 1511 1010 1564; baseline 0.002 -14"><span class='ocrx_word' id='word_1_104' title='bbox 344 1525 479 1550; x_wconf 89' lang='lat' dir='ltr'>omnes</span> <span class='ocrx_word' id='word_1_105' title='bbox 511 1511 624 1550; x_wconf 87' lang='lat' dir='ltr'><strong>codd.</strong></span> <span class='ocrx_word' id='word_1_106' title='bbox 649 1514 881 1564; x_wconf 86' lang='lat' dir='ltr'>conspirant.</span> <span class='ocrx_word' id='word_1_107' title='bbox 921 1512 1010 1551; x_wconf 83' lang='lat' dir='ltr'>vid.</span> 
     </span>
     <span class='ocr_line' id='line_1_22' title="bbox 344 1569 1009 1608; baseline 0.003 -2"><span class='ocrx_word' id='word_1_108' title='bbox 344 1571 541 1607; x_wconf 84' lang='lat' dir='ltr'>annotatio</span> <span class='ocrx_word' id='word_1_109' title='bbox 551 1569 600 1606; x_wconf 88' lang='lat' dir='ltr'>ad</span> <span class='ocrx_word' id='word_1_110' title='bbox 611 1569 807 1607; x_wconf 81' lang='lat' dir='ltr'>Plutarch.</span> <span class='ocrx_word' id='word_1_111' title='bbox 819 1569 1009 1608; x_wconf 80' lang='lat' dir='ltr'>Alcibiad-</span> 
     </span>
     <span class='ocr_line' id='line_1_23' title="bbox 342 1626 1013 1679; baseline 0.001 -16"><span class='ocrx_word' id='word_1_112' title='bbox 342 1640 432 1679; x_wconf 77' lang='lat' dir='ltr'>pag,</span> <span class='ocrx_word' id='word_1_113' title='bbox 455 1626 550 1668; x_wconf 88' lang='lat'><strong>225.</strong></span> <span class='ocrx_word' id='word_1_114' title='bbox 581 1628 638 1663; x_wconf 89' lang='lat' dir='ltr'>De</span> <span class='ocrx_word' id='word_1_115' title='bbox 658 1628 740 1677; x_wconf 89' lang='lat' dir='ltr'>ipso</span> <span class='ocrx_word' id='word_1_116' title='bbox 759 1640 872 1664; x_wconf 85' lang='lat' dir='ltr'>muro</span> <span class='ocrx_word' id='word_1_117' title='bbox 886 1628 1013 1664; x_wconf 82' lang='lat' dir='ltr'>aMil-</span> 
     </span>
     <span class='ocr_line' id='line_1_24' title="bbox 341 1683 1012 1722; baseline 0.001 -2"><span class='ocrx_word' id='word_1_118' title='bbox 341 1684 445 1720; x_wconf 88' lang='lat' dir='ltr'>tiade</span> <span class='ocrx_word' id='word_1_119' title='bbox 477 1684 592 1720; x_wconf 85' lang='lat' dir='ltr'>ducto</span> <span class='ocrx_word' id='word_1_120' title='bbox 633 1684 736 1720; x_wconf 90' lang='lat' dir='ltr'>conf.</span> <span class='ocrx_word' id='word_1_121' title='bbox 778 1683 1012 1722; x_wconf 85' lang='lat' dir='ltr'>Tzschucke</span> 
     </span>
     <span class='ocr_line' id='line_1_25' title="bbox 341 1739 1011 1791; baseline 0.004 -15"><span class='ocrx_word' id='word_1_122' title='bbox 341 1743 383 1776; x_wconf 86' lang='lat' dir='ltr'>in</span> <span class='ocrx_word' id='word_1_123' title='bbox 414 1747 512 1778; x_wconf 87' lang='lat' dir='ltr'>nott.</span> <span class='ocrx_word' id='word_1_124' title='bbox 537 1747 701 1791; x_wconf 80' lang='lat' dir='ltr'>exegett.</span> <span class='ocrx_word' id='word_1_125' title='bbox 724 1739 773 1777; x_wconf 90' lang='lat' dir='ltr'>ad</span> <span class='ocrx_word' id='word_1_126' title='bbox 793 1742 883 1779; x_wconf 84' lang='lat' dir='ltr'>Mel.</span> <span class='ocrx_word' id='word_1_127' title='bbox 913 1742 962 1789; x_wconf 88' lang='grc' dir='ltr'>Π,</span> <span class='ocrx_word' id='word_1_128' title='bbox 984 1743 1011 1782; x_wconf 89' lang='grc'>2</span> 
     </span>
     <span class='ocr_line' id='line_1_26' title="bbox 344 1797 1009 1849; baseline 0.003 -15"><span class='ocrx_word' id='word_1_129' title='bbox 344 1799 382 1843; x_wconf 79' lang='lat'>§.</span> <span class='ocrx_word' id='word_1_130' title='bbox 404 1799 428 1837; x_wconf 91' lang='grc'>6</span> <span class='ocrx_word' id='word_1_131' title='bbox 460 1810 550 1849; x_wconf 84' lang='lat' dir='ltr'>pag.</span> <span class='ocrx_word' id='word_1_132' title='bbox 589 1800 668 1839; x_wconf 88' lang='lat'>108</span> <span class='ocrx_word' id='word_1_133' title='bbox 697 1797 783 1835; x_wconf 91' lang='lat' dir='ltr'>V&#39;ol.</span> <span class='ocrx_word' id='word_1_134' title='bbox 811 1800 866 1835; x_wconf 89' lang='lat'>111</span> <span class='ocrx_word' id='word_1_135' title='bbox 894 1800 939 1837; x_wconf 92' lang='lat' dir='ltr'>P.</span> <span class='ocrx_word' id='word_1_136' title='bbox 961 1799 1009 1836; x_wconf 91' lang='grc' dir='ltr'>Π.</span> 
     </span>
     <span class='ocr_line' id='line_1_27' title="bbox 343 1853 1010 1904; baseline 0.003 -14"><span class='ocrx_word' id='word_1_137' title='bbox 343 1876 399 1883; x_wconf 83' lang='lat'>--</span> <span class='ocrx_word' id='word_1_138' title='bbox 428 1855 487 1890; x_wconf 91' lang='lat' dir='ltr'>De</span> <span class='ocrx_word' id='word_1_139' title='bbox 509 1853 645 1892; x_wconf 79' lang='lat' dir='ltr'>Cardia</span> <span class='ocrx_word' id='word_1_140' title='bbox 662 1854 758 1891; x_wconf 87' lang='lat' dir='ltr'>urbe</span> <span class='ocrx_word' id='word_1_141' title='bbox 780 1854 859 1892; x_wconf 84' lang='lat' dir='ltr'><strong>dixi</strong></span> <span class='ocrx_word' id='word_1_142' title='bbox 877 1854 925 1892; x_wconf 82' lang='lat' dir='ltr'>ad</span> <span class='ocrx_word' id='word_1_143' title='bbox 944 1856 1010 1904; x_wconf 85' lang='lat' dir='ltr'>VI,</span> 
     </span>
     <span class='ocr_line' id='line_1_28' title="bbox 345 1910 1011 1962; baseline 0.005 -15"><span class='ocrx_word' id='word_1_144' title='bbox 345 1913 413 1951; x_wconf 79' lang='lat'>33.</span> <span class='ocrx_word' id='word_1_145' title='bbox 464 1910 606 1962; x_wconf 73' lang='lat' dir='ltr'>Paetya</span> <span class='ocrx_word' id='word_1_146' title='bbox 628 1912 720 1948; x_wconf 86' lang='lat' dir='ltr'>urbs</span> <span class='ocrx_word' id='word_1_147' title='bbox 730 1940 746 1957; x_wconf 58' lang='lat'>2</span> <span class='ocrx_word' id='word_1_148' title='bbox 777 1911 826 1950; x_wconf 88' lang='lat' dir='ltr'>ad</span> <span class='ocrx_word' id='word_1_149' title='bbox 846 1914 1011 1950; x_wconf 87' lang='lat' dir='ltr'>alterum</span> 
     </span>
     <span class='ocr_line' id='line_1_29' title="bbox 344 1968 1011 2020; baseline 0.006 -17"><span class='ocrx_word' id='word_1_150' title='bbox 344 1980 512 2020; x_wconf 88' lang='lat' dir='ltr'>eumque</span> <span class='ocrx_word' id='word_1_151' title='bbox 525 1968 751 2005; x_wconf 80' lang='lat' dir='ltr'>orientalem</span> <span class='ocrx_word' id='word_1_152' title='bbox 760 1971 863 2006; x_wconf 88' lang='lat' dir='ltr'>muri</span> <span class='ocrx_word' id='word_1_153' title='bbox 883 1983 905 2006; x_wconf 86' lang='lat' dir='ltr'>a</span> <span class='ocrx_word' id='word_1_154' title='bbox 918 1970 1011 2006; x_wconf 87' lang='lat' dir='ltr'>Mil-</span> 
     </span>
     <span class='ocr_line' id='line_1_30' title="bbox 343 2024 1010 2078; baseline 0.004 -17"><span class='ocrx_word' id='word_1_155' title='bbox 343 2024 446 2061; x_wconf 78' lang='lat' dir='ltr'>tlade</span> <span class='ocrx_word' id='word_1_156' title='bbox 488 2024 592 2062; x_wconf 87' lang='lat' dir='ltr'>ducti</span> <span class='ocrx_word' id='word_1_157' title='bbox 626 2024 745 2062; x_wconf 86' lang='lat' dir='ltr'>finem</span> <span class='ocrx_word' id='word_1_158' title='bbox 782 2028 851 2064; x_wconf 87' lang='lat' dir='ltr'>sita</span> <span class='ocrx_word' id='word_1_159' title='bbox 889 2040 1010 2078; x_wconf 84' lang='lat' dir='ltr'>prope</span> 
     </span>
     <span class='ocr_line' id='line_1_31' title="bbox 343 2094 1011 2129; baseline 0.006 -12"><span class='ocrx_word' id='word_1_160' title='bbox 343 2094 458 2118; x_wconf 78' lang='lat' dir='ltr'>mans</span> <span class='ocrx_word' id='word_1_161' title='bbox 479 2094 599 2129; x_wconf 83' lang='lat' dir='ltr'>oram,</span> <span class='ocrx_word' id='word_1_162' title='bbox 627 2095 746 2120; x_wconf 72' lang='lat' dir='ltr'>rarius</span> <span class='ocrx_word' id='word_1_163' title='bbox 767 2094 1011 2121; x_wconf 87' lang='lat' dir='ltr'>commemo—</span> 
     </span>
     <span class='ocr_line' id='line_1_32' title="bbox 345 2139 1011 2193; baseline 0.006 -19"><span class='ocrx_word' id='word_1_164' title='bbox 345 2145 450 2174; x_wconf 83' lang='lat' dir='ltr'>ratur</span> <span class='ocrx_word' id='word_1_165' title='bbox 469 2151 491 2174; x_wconf 92' lang='lat' dir='ltr'>a</span> <span class='ocrx_word' id='word_1_166' title='bbox 503 2139 715 2176; x_wconf 86' lang='lat' dir='ltr'>veteribus:</span> <span class='ocrx_word' id='word_1_167' title='bbox 748 2153 866 2192; x_wconf 84' lang='lat' dir='ltr'>quam</span> <span class='ocrx_word' id='word_1_168' title='bbox 887 2152 1011 2193; x_wconf 87' lang='lat' dir='ltr'>aeque</span> 
     </span>
     <span class='ocr_line' id='line_1_33' title="bbox 345 2193 1012 2249; baseline 0.006 -18"><span class='ocrx_word' id='word_1_169' title='bbox 345 2201 461 2246; x_wconf 85' lang='lat' dir='ltr'>atque</span> <span class='ocrx_word' id='word_1_170' title='bbox 500 2193 679 2231; x_wconf 80' lang='lat' dir='ltr'><strong>Cardiam</strong></span> <span class='ocrx_word' id='word_1_171' title='bbox 717 2196 803 2247; x_wconf 81' lang='lat' dir='ltr'>post</span> <span class='ocrx_word' id='word_1_172' title='bbox 831 2199 1012 2249; x_wconf 76' lang='lat' dir='ltr'>Lysima-</span> 
     </span>
     <span class='ocr_line' id='line_1_34' title="bbox 346 2251 1012 2305; baseline 0.006 -18"><span class='ocrx_word' id='word_1_173' title='bbox 346 2251 475 2288; x_wconf 83' lang='lat' dir='ltr'><strong>chiam</strong></span> <span class='ocrx_word' id='word_1_174' title='bbox 491 2251 685 2288; x_wconf 85' lang='lat' dir='ltr'>conditam</span> <span class='ocrx_word' id='word_1_175' title='bbox 698 2251 907 2291; x_wconf 74' lang='lat' dir='ltr'>decrevisse</span> <span class='ocrx_word' id='word_1_176' title='bbox 918 2266 1012 2305; x_wconf 86' lang='lat' dir='ltr'>pro-</span> 
     </span>
     <span class='ocr_line' id='line_1_35' title="bbox 345 2307 1012 2361; baseline 0.004 -17"><span class='ocrx_word' id='word_1_177' title='bbox 345 2309 472 2345; x_wconf 77' lang='lat' dir='ltr'>babile</span> <span class='ocrx_word' id='word_1_178' title='bbox 487 2314 541 2344; x_wconf 88' lang='lat' dir='ltr'>est</span> <span class='ocrx_word' id='word_1_179' title='bbox 559 2307 734 2361; x_wconf 82' lang='lat' dir='ltr'><strong>adeoque</strong></span> <span class='ocrx_word' id='word_1_180' title='bbox 753 2323 850 2347; x_wconf 87' lang='lat' dir='ltr'>mox</span> <span class='ocrx_word' id='word_1_181' title='bbox 858 2323 1012 2361; x_wconf 87' lang='lat' dir='ltr'>prorsus</span> 
     </span>
     <span class='ocr_line' id='line_1_36' title="bbox 346 2365 1011 2418; baseline 0.005 -17"><span class='ocrx_word' id='word_1_182' title='bbox 346 2365 555 2413; x_wconf 82' lang='lat' dir='ltr'>evanuisse,</span> <span class='ocrx_word' id='word_1_183' title='bbox 587 2378 824 2418; x_wconf 83' lang='lat' dir='ltr'>quamquam</span> <span class='ocrx_word' id='word_1_184' title='bbox 843 2367 1011 2418; x_wconf 73' lang='lat' dir='ltr'>Pactyae</span> 
     </span>
     <span class='ocr_line' id='line_1_37' title="bbox 346 2422 1013 2475; baseline 0.003 -17"><span class='ocrx_word' id='word_1_185' title='bbox 346 2423 484 2458; x_wconf 82' lang='lat' dir='ltr'>veteris</span> <span class='ocrx_word' id='word_1_186' title='bbox 516 2423 645 2460; x_wconf 85' lang='lat' dir='ltr'>ruinas</span> <span class='ocrx_word' id='word_1_187' title='bbox 688 2422 874 2475; x_wconf 82' lang='lat' dir='ltr'>quasdam</span> <span class='ocrx_word' id='word_1_188' title='bbox 906 2422 1013 2460; x_wconf 81' lang='lat' dir='ltr'>haud</span> 
     </span>
     <span class='ocr_line' id='line_1_38' title="bbox 345 2480 1011 2532; baseline 0.003 -17"><span class='ocrx_word' id='word_1_189' title='bbox 345 2480 478 2530; x_wconf 88' lang='lat' dir='ltr'>procul</span> <span class='ocrx_word' id='word_1_190' title='bbox 495 2480 542 2515; x_wconf 89' lang='lat' dir='ltr'>ab</span> <span class='ocrx_word' id='word_1_191' title='bbox 556 2480 683 2517; x_wconf 87' lang='lat' dir='ltr'><strong>Helles</strong></span> <span class='ocrx_word' id='word_1_192' title='bbox 695 2482 869 2532; x_wconf 86' lang='lat' dir='ltr'>sepulcro</span> <span class='ocrx_word' id='word_1_193' title='bbox 890 2492 1011 2532; x_wconf 87' lang='lat' dir='ltr'>prope</span> 
     </span>
     <span class='ocr_line' id='line_1_39' title="bbox 345 2537 1013 2587; baseline 0.003 -15"><span class='ocrx_word' id='word_1_194' title='bbox 345 2537 485 2587; x_wconf 78' lang='lat' dir='ltr'>Plagar</span> <span class='ocrx_word' id='word_1_195' title='bbox 497 2542 535 2573; x_wconf 87' lang='lat' dir='ltr'>et</span> <span class='ocrx_word' id='word_1_196' title='bbox 545 2537 749 2575; x_wconf 86' lang='lat' dir='ltr'>Hexamila</span> <span class='ocrx_word' id='word_1_197' title='bbox 769 2549 1013 2575; x_wconf 87' lang='lat' dir='ltr'>commemo-</span> 
     </span>
     <span class='ocr_line' id='line_1_40' title="bbox 346 2591 1014 2645; baseline 0.003 -16"><span class='ocrx_word' id='word_1_198' title='bbox 346 2595 420 2629; x_wconf 85' lang='lat' dir='ltr'>rari</span> <span class='ocrx_word' id='word_1_199' title='bbox 440 2591 553 2630; x_wconf 86' lang='lat' dir='ltr'>video</span> <span class='ocrx_word' id='word_1_200' title='bbox 582 2593 685 2645; x_wconf 90' lang='lat' dir='ltr'>apud</span> <span class='ocrx_word' id='word_1_201' title='bbox 710 2597 854 2632; x_wconf 87' lang='lat' dir='ltr'>Kruse:</span> <span class='ocrx_word' id='word_1_202' title='bbox 885 2595 1014 2631; x_wconf 87' lang='lat' dir='ltr'>Ueber</span> 
     </span>
     <span class='ocr_line' id='line_1_41' title="bbox 345 2648 1013 2704; baseline 0.003 -18"><span class='ocrx_word' id='word_1_203' title='bbox 345 2648 536 2688; x_wconf 87' lang='lat' dir='ltr'>Herodots</span> <span class='ocrx_word' id='word_1_204' title='bbox 547 2651 810 2704; x_wconf 78' lang='lat' dir='ltr'>Ausmessung</span> <span class='ocrx_word' id='word_1_205' title='bbox 830 2650 1013 2689; x_wconf 82' lang='lat' dir='ltr'>desPon-</span> 
     </span>
     <span class='ocr_line' id='line_1_42' title="bbox 346 2708 1013 2760; baseline 0.001 -17"><span class='ocrx_word' id='word_1_206' title='bbox 346 2714 406 2744; x_wconf 83' lang='lat' dir='ltr'>tus</span> <span class='ocrx_word' id='word_1_207' title='bbox 427 2714 499 2744; x_wconf 84' lang='lat' dir='ltr'>etc.</span> <span class='ocrx_word' id='word_1_208' title='bbox 516 2714 586 2745; x_wconf 89' lang='lat' dir='ltr'>etc.</span> <span class='ocrx_word' id='word_1_209' title='bbox 616 2721 705 2760; x_wconf 82' lang='lat' dir='ltr'>pag.</span> <span class='ocrx_word' id='word_1_210' title='bbox 726 2708 780 2750; x_wconf 86' lang='lat'>49</span> <span class='ocrx_word' id='word_1_211' title='bbox 801 2709 885 2747; x_wconf 89' lang='lat' dir='ltr'>coll.</span> <span class='ocrx_word' id='word_1_212' title='bbox 897 2709 1013 2745; x_wconf 88' lang='lat' dir='ltr'>Man-</span> 
     </span>
     <span class='ocr_line' id='line_1_43' title="bbox 347 2765 1013 2819; baseline 0.005 -19"><span class='ocrx_word' id='word_1_213' title='bbox 347 2772 444 2801; x_wconf 83' lang='lat' dir='ltr'>nert.</span> <span class='ocrx_word' id='word_1_214' title='bbox 477 2765 547 2801; x_wconf 77' lang='lat' dir='ltr'>Vll</span> <span class='ocrx_word' id='word_1_215' title='bbox 567 2777 655 2816; x_wconf 81' lang='lat' dir='ltr'>pag.</span> <span class='ocrx_word' id='word_1_216' title='bbox 681 2768 759 2807; x_wconf 88' lang='lat'>188</span> <span class='ocrx_word' id='word_1_217' title='bbox 788 2779 896 2819; x_wconf 84' lang='lat' dir='ltr'>seqq.</span> <span class='ocrx_word' id='word_1_218' title='bbox 925 2766 1013 2803; x_wconf 86' lang='lat' dir='ltr'>coll.</span> 
     </span>
     <span class='ocr_line' id='line_1_44' title="bbox 351 2821 1013 2867; baseline 0.002 -10"><span class='ocrx_word' id='word_1_219' title='bbox 351 2821 444 2867; x_wconf 85' lang='lat'>185,</span> <span class='ocrx_word' id='word_1_220' title='bbox 475 2822 541 2858; x_wconf 87' lang='lat' dir='ltr'>ubi</span> <span class='ocrx_word' id='word_1_221' title='bbox 556 2824 656 2858; x_wconf 88' lang='lat' dir='ltr'>muri</span> <span class='ocrx_word' id='word_1_222' title='bbox 678 2822 726 2860; x_wconf 85' lang='lat' dir='ltr'>ad</span> <span class='ocrx_word' id='word_1_223' title='bbox 754 2821 924 2860; x_wconf 86' lang='lat' dir='ltr'>hostium</span> <span class='ocrx_word' id='word_1_224' title='bbox 949 2823 1013 2859; x_wconf 89' lang='lat' dir='ltr'>in-</span> 
     </span>
     <span class='ocr_line' id='line_1_45' title="bbox 348 2878 1013 2918; baseline 0.006 -5"><span class='ocrx_word' id='word_1_225' title='bbox 348 2878 520 2915; x_wconf 86' lang='lat' dir='ltr'>vasiones</span> <span class='ocrx_word' id='word_1_226' title='bbox 542 2878 724 2917; x_wconf 77' lang='lat' dir='ltr'>arcendas</span> <span class='ocrx_word' id='word_1_227' title='bbox 747 2880 928 2918; x_wconf 82' lang='lat' dir='ltr'>exstructi</span> <span class='ocrx_word' id='word_1_228' title='bbox 953 2887 1013 2917; x_wconf 84' lang='lat' dir='ltr'>at-</span> 
     </span>
    </p>
   </div>
   <div class='ocr_carea' id='block_1_6' title="bbox 1065 887 1737 2121">
    <p class='ocr_par' dir='ltr' id='par_1_6' title="bbox 1065 887 1737 2121">
     <span class='ocr_line' id='line_1_46' title="bbox 1067 887 1734 941; baseline -0.001 -14"><span class='ocrx_word' id='word_1_229' title='bbox 1067 903 1142 941; x_wconf 86' lang='lat' dir='ltr'>que</span> <span class='ocrx_word' id='word_1_230' title='bbox 1153 891 1268 940; x_wconf 83' lang='lat' dir='ltr'>ipsius</span> <span class='ocrx_word' id='word_1_231' title='bbox 1281 888 1508 926; x_wconf 83' lang='lat' dir='ltr'>Chersonesi</span> <span class='ocrx_word' id='word_1_232' title='bbox 1521 887 1734 940; x_wconf 78' lang='lat' dir='ltr'>longitudi-</span> 
     </span>
     <span class='ocr_line' id='line_1_47' title="bbox 1065 945 1733 983; baseline 0.001 -1"><span class='ocrx_word' id='word_1_233' title='bbox 1065 959 1158 983; x_wconf 87' lang='lat' dir='ltr'>nem</span> <span class='ocrx_word' id='word_1_234' title='bbox 1179 947 1460 983; x_wconf 77' lang='lat' dir='ltr'>accuratissime</span> <span class='ocrx_word' id='word_1_235' title='bbox 1473 947 1521 983; x_wconf 91' lang='lat' dir='ltr'>ab</span> <span class='ocrx_word' id='word_1_236' title='bbox 1535 945 1733 983; x_wconf 88' lang='lat' dir='ltr'>Herodoto</span> 
     </span>
     <span class='ocr_line' id='line_1_48' title="bbox 1065 1002 1732 1055; baseline -0.001 -15"><span class='ocrx_word' id='word_1_237' title='bbox 1065 1002 1164 1040; x_wconf 86' lang='lat' dir='ltr'>tradi</span> <span class='ocrx_word' id='word_1_238' title='bbox 1173 1004 1313 1040; x_wconf 84' lang='lat' dir='ltr'>scribit.</span> <span class='ocrx_word' id='word_1_239' title='bbox 1344 1002 1462 1054; x_wconf 90' lang='lat' dir='ltr'><strong>Apud</strong></span> <span class='ocrx_word' id='word_1_240' title='bbox 1474 1003 1678 1055; x_wconf 84' lang='lat' dir='ltr'>Scylacem</span> <span class='ocrx_word' id='word_1_241' title='bbox 1693 1004 1732 1049; x_wconf 51' lang='grc' dir='ltr'>ᾗ.</span> 
     </span>
     <span class='ocr_line' id='line_1_49' title="bbox 1067 1058 1733 1111; baseline 0 -14"><span class='ocrx_word' id='word_1_242' title='bbox 1067 1062 1120 1101; x_wconf 86' lang='grc'>68</span> <span class='ocrx_word' id='word_1_243' title='bbox 1143 1072 1183 1111; x_wconf 89' lang='lat' dir='ltr'>p.</span> <span class='ocrx_word' id='word_1_244' title='bbox 1203 1062 1258 1101; x_wconf 86' lang='lat'>28</span> <span class='ocrx_word' id='word_1_245' title='bbox 1270 1058 1392 1099; x_wconf 80' lang='lat' dir='ltr'>Huds.</span> <span class='ocrx_word' id='word_1_246' title='bbox 1416 1067 1454 1096; x_wconf 90' lang='lat' dir='ltr'>et</span> <span class='ocrx_word' id='word_1_247' title='bbox 1466 1061 1733 1111; x_wconf 82' lang='lat' dir='ltr'>Strabon.Ep.</span> 
     </span>
     <span class='ocr_line' id='line_1_50' title="bbox 1065 1116 1734 1168; baseline -0.001 -15"><span class='ocrx_word' id='word_1_248' title='bbox 1065 1117 1135 1153; x_wconf 88' lang='lat' dir='ltr'>VH</span> <span class='ocrx_word' id='word_1_249' title='bbox 1154 1116 1221 1153; x_wconf 83' lang='lat' dir='ltr'>fin.</span> <span class='ocrx_word' id='word_1_250' title='bbox 1244 1119 1322 1157; x_wconf 80' lang='lat'>331</span> <span class='ocrx_word' id='word_1_251' title='bbox 1344 1131 1383 1167; x_wconf 90' lang='lat' dir='ltr'>p.</span> <span class='ocrx_word' id='word_1_252' title='bbox 1407 1117 1486 1158; x_wconf 87' lang='lat'>571</span> <span class='ocrx_word' id='word_1_253' title='bbox 1507 1117 1550 1153; x_wconf 85' lang='lat' dir='ltr'>C.</span> <span class='ocrx_word' id='word_1_254' title='bbox 1575 1118 1656 1168; x_wconf 81' lang='lat' dir='ltr'>iugi</span> <span class='ocrx_word' id='word_1_255' title='bbox 1674 1117 1734 1153; x_wconf 85' lang='lat' dir='ltr'>la-</span> 
     </span>
     <span class='ocr_line' id='line_1_51' title="bbox 1069 1172 1734 1224; baseline 0.002 -14"><span class='ocrx_word' id='word_1_256' title='bbox 1069 1172 1195 1210; x_wconf 86' lang='lat' dir='ltr'>titudo</span> <span class='ocrx_word' id='word_1_257' title='bbox 1217 1172 1398 1210; x_wconf 82' lang='lat' dir='ltr'>definitur</span> <span class='ocrx_word' id='word_1_258' title='bbox 1426 1173 1550 1214; x_wconf 87' lang='lat' dir='ltr'>stadd.</span> <span class='ocrx_word' id='word_1_259' title='bbox 1573 1174 1734 1224; x_wconf 81' lang='lat' dir='ltr'>quadra-</span> 
     </span>
     <span class='ocr_line' id='line_1_52' title="bbox 1068 1228 1735 1281; baseline 0 -14"><span class='ocrx_word' id='word_1_260' title='bbox 1068 1232 1186 1279; x_wconf 78' lang='lat' dir='ltr'>ginta,</span> <span class='ocrx_word' id='word_1_261' title='bbox 1218 1228 1321 1280; x_wconf 87' lang='lat' dir='ltr'>apud</span> <span class='ocrx_word' id='word_1_262' title='bbox 1341 1229 1646 1281; x_wconf 84' lang='lat' dir='ltr'>Xenophontem</span> <span class='ocrx_word' id='word_1_263' title='bbox 1665 1232 1735 1267; x_wconf 71' lang='lat' dir='ltr'>iri·</span> 
     </span>
     <span class='ocr_line' id='line_1_53' title="bbox 1067 1286 1736 1338; baseline 0.001 -15"><span class='ocrx_word' id='word_1_264' title='bbox 1067 1288 1173 1335; x_wconf 69' lang='lat' dir='ltr'>ginta</span> <span class='ocrx_word' id='word_1_265' title='bbox 1211 1290 1365 1336; x_wconf 77' lang='lat' dir='ltr'>septem,</span> <span class='ocrx_word' id='word_1_266' title='bbox 1409 1286 1612 1337; x_wconf 77' lang='lat' dir='ltr'>longitudo</span> <span class='ocrx_word' id='word_1_267' title='bbox 1643 1299 1736 1338; x_wconf 82' lang='lat' dir='ltr'>qua-</span> 
     </span>
     <span class='ocr_line' id='line_1_54' title="bbox 1066 1342 1736 1395; baseline 0 -15"><span class='ocrx_word' id='word_1_268' title='bbox 1066 1344 1332 1392; x_wconf 78' lang='lat' dir='ltr'>dringentorum</span> <span class='ocrx_word' id='word_1_269' title='bbox 1368 1342 1580 1380; x_wconf 74' lang='lat' dir='ltr'>stadiorum</span> <span class='ocrx_word' id='word_1_270' title='bbox 1593 1374 1602 1391; x_wconf 91' lang='lat'>‚</span> <span class='ocrx_word' id='word_1_271' title='bbox 1659 1343 1736 1395; x_wconf 70' lang='lat' dir='ltr'>qua</span> 
     </span>
     <span class='ocr_line' id='line_1_55' title="bbox 1065 1399 1737 1437; baseline 0.001 -1"><span class='ocrx_word' id='word_1_272' title='bbox 1065 1402 1238 1437; x_wconf 79' lang='lat' dir='ltr'>maxima</span> <span class='ocrx_word' id='word_1_273' title='bbox 1267 1406 1322 1436; x_wconf 84' lang='lat' dir='ltr'>est</span> <span class='ocrx_word' id='word_1_274' title='bbox 1353 1399 1611 1437; x_wconf 84' lang='lat' dir='ltr'>Chersonesus</span> <span class='ocrx_word' id='word_1_275' title='bbox 1640 1407 1737 1437; x_wconf 83' lang='lat' dir='ltr'>teste</span> 
     </span>
     <span class='ocr_line' id='line_1_56' title="bbox 1068 1456 1737 1508; baseline 0 -15"><span class='ocrx_word' id='word_1_276' title='bbox 1068 1456 1208 1493; x_wconf 86' lang='lat' dir='ltr'>eodem</span> <span class='ocrx_word' id='word_1_277' title='bbox 1231 1456 1392 1508; x_wconf 86' lang='lat' dir='ltr'>Scylace</span> <span class='ocrx_word' id='word_1_278' title='bbox 1403 1457 1467 1496; x_wconf 85' lang='lat' dir='ltr'>1.l.</span> <span class='ocrx_word' id='word_1_279' title='bbox 1499 1457 1625 1503; x_wconf 76' lang='lat' dir='ltr'>Quem</span> <span class='ocrx_word' id='word_1_280' title='bbox 1644 1468 1737 1494; x_wconf 87' lang='lat' dir='ltr'>mu-</span> 
     </span>
     <span class='ocr_line' id='line_1_57' title="bbox 1067 1512 1735 1565; baseline -0.001 -14"><span class='ocrx_word' id='word_1_281' title='bbox 1067 1527 1155 1551; x_wconf 89' lang='lat' dir='ltr'>rum</span> <span class='ocrx_word' id='word_1_282' title='bbox 1183 1515 1369 1565; x_wconf 88' lang='lat' dir='ltr'>temporis</span> <span class='ocrx_word' id='word_1_283' title='bbox 1391 1512 1555 1552; x_wconf 89' lang='lat' dir='ltr'>decursu</span> <span class='ocrx_word' id='word_1_284' title='bbox 1573 1512 1637 1551; x_wconf 84' lang='lat' dir='ltr'>hic</span> <span class='ocrx_word' id='word_1_285' title='bbox 1656 1514 1735 1551; x_wconf 89' lang='lat' dir='ltr'>illic</span> 
     </span>
     <span class='ocr_line' id='line_1_58' title="bbox 1069 1571 1735 1622; baseline 0 -14"><span class='ocrx_word' id='word_1_286' title='bbox 1069 1571 1284 1621; x_wconf 83' lang='lat' dir='ltr'>collapsum</span> <span class='ocrx_word' id='word_1_287' title='bbox 1305 1571 1353 1607; x_wconf 92' lang='lat' dir='ltr'>ab</span> <span class='ocrx_word' id='word_1_288' title='bbox 1373 1571 1584 1608; x_wconf 78' lang='lat' dir='ltr'>IusfinIano</span> <span class='ocrx_word' id='word_1_289' title='bbox 1603 1571 1735 1622; x_wconf 87' lang='lat' dir='ltr'>impe-</span> 
     </span>
     <span class='ocr_line' id='line_1_59' title="bbox 1066 1626 1735 1665; baseline 0 -1"><span class='ocrx_word' id='word_1_290' title='bbox 1066 1634 1192 1664; x_wconf 87' lang='lat' dir='ltr'>ratore</span> <span class='ocrx_word' id='word_1_291' title='bbox 1209 1634 1464 1665; x_wconf 89' lang='lat' dir='ltr'>restauratum</span> <span class='ocrx_word' id='word_1_292' title='bbox 1484 1629 1599 1665; x_wconf 81' lang='lat' dir='ltr'>fuisse</span> <span class='ocrx_word' id='word_1_293' title='bbox 1619 1626 1735 1665; x_wconf 86' lang='lat' dir='ltr'>tradit</span> 
     </span>
     <span class='ocr_line' id='line_1_60' title="bbox 1067 1683 1733 1735; baseline 0.002 -14"><span class='ocrx_word' id='word_1_294' title='bbox 1067 1686 1231 1735; x_wconf 90' lang='lat' dir='ltr'>Procop.</span> <span class='ocrx_word' id='word_1_295' title='bbox 1280 1686 1339 1720; x_wconf 92' lang='lat' dir='ltr'>De</span> <span class='ocrx_word' id='word_1_296' title='bbox 1367 1683 1482 1721; x_wconf 85' lang='lat' dir='ltr'>aedif.</span> <span class='ocrx_word' id='word_1_297' title='bbox 1513 1685 1648 1722; x_wconf 88' lang='lat' dir='ltr'>Iustin.</span> <span class='ocrx_word' id='word_1_298' title='bbox 1668 1683 1733 1732; x_wconf 88' lang='lat' dir='ltr'>IV,</span> 
     </span>
     <span class='ocr_line' id='line_1_61' title="bbox 1070 1739 1734 1793; baseline -0.008 -11"><span class='ocrx_word' id='word_1_299' title='bbox 1070 1743 1123 1782; x_wconf 86' lang='lat'>10</span> <span class='ocrx_word' id='word_1_300' title='bbox 1149 1753 1239 1792; x_wconf 76' lang='lat' dir='ltr'>pag.</span> <span class='ocrx_word' id='word_1_301' title='bbox 1270 1742 1340 1782; x_wconf 84' lang='lat'>89.</span> <span class='ocrx_word' id='word_1_302' title='bbox 1395 1742 1534 1793; x_wconf 80' lang='lat' dir='ltr'>Neque</span> <span class='ocrx_word' id='word_1_303' title='bbox 1555 1739 1634 1778; x_wconf 91' lang='lat' dir='ltr'>huc</span> <span class='ocrx_word' id='word_1_304' title='bbox 1653 1753 1734 1778; x_wconf 88' lang='lat' dir='ltr'>non</span> 
     </span>
     <span class='ocr_line' id='line_1_62' title="bbox 1067 1798 1735 1849; baseline 0.003 -16"><span class='ocrx_word' id='word_1_305' title='bbox 1067 1800 1264 1849; x_wconf 82' lang='lat' dir='ltr'>pertinent</span> <span class='ocrx_word' id='word_1_306' title='bbox 1283 1798 1428 1835; x_wconf 83' lang='lat' dir='ltr'>similes</span> <span class='ocrx_word' id='word_1_307' title='bbox 1443 1799 1558 1846; x_wconf 89' lang='lat' dir='ltr'>muri,</span> <span class='ocrx_word' id='word_1_308' title='bbox 1579 1798 1735 1835; x_wconf 85' lang='lat' dir='ltr'>maioris</span> 
     </span>
     <span class='ocr_line' id='line_1_63' title="bbox 1067 1855 1734 1908; baseline -0.001 -17"><span class='ocrx_word' id='word_1_309' title='bbox 1067 1856 1242 1908; x_wconf 80' lang='lat' dir='ltr'>quamvis</span> <span class='ocrx_word' id='word_1_310' title='bbox 1264 1855 1429 1891; x_wconf 85' lang='lat' dir='ltr'>ambitus</span> <span class='ocrx_word' id='word_1_311' title='bbox 1443 1884 1453 1902; x_wconf 84' lang='lat'>‚</span> <span class='ocrx_word' id='word_1_312' title='bbox 1473 1855 1517 1891; x_wconf 67' lang='lat' dir='ltr'>in</span> <span class='ocrx_word' id='word_1_313' title='bbox 1532 1855 1734 1892; x_wconf 81' lang='lat' dir='ltr'>Britannia</span> 
     </span>
     <span class='ocr_line' id='line_1_64' title="bbox 1068 1911 1735 1960; baseline 0 -11"><span class='ocrx_word' id='word_1_314' title='bbox 1068 1925 1090 1949; x_wconf 90' lang='lat' dir='ltr'>a</span> <span class='ocrx_word' id='word_1_315' title='bbox 1110 1912 1293 1949; x_wconf 84' lang='lat' dir='ltr'>Romanis</span> <span class='ocrx_word' id='word_1_316' title='bbox 1310 1942 1319 1960; x_wconf 86' lang='lat'>‚</span> <span class='ocrx_word' id='word_1_317' title='bbox 1350 1912 1392 1948; x_wconf 84' lang='lat' dir='ltr'>in</span> <span class='ocrx_word' id='word_1_318' title='bbox 1422 1911 1518 1949; x_wconf 84' lang='lat' dir='ltr'>Sina</span> <span class='ocrx_word' id='word_1_319' title='bbox 1547 1924 1571 1949; x_wconf 83' lang='lat' dir='ltr'>a</span> <span class='ocrx_word' id='word_1_320' title='bbox 1589 1912 1735 1949; x_wconf 81' lang='lat' dir='ltr'>sinen-</span> 
     </span>
     <span class='ocr_line' id='line_1_65' title="bbox 1067 1968 1736 2006; baseline -0.001 0"><span class='ocrx_word' id='word_1_321' title='bbox 1067 1969 1170 2006; x_wconf 83' lang='lat' dir='ltr'>sibus</span> <span class='ocrx_word' id='word_1_322' title='bbox 1191 1968 1240 2006; x_wconf 88' lang='lat' dir='ltr'>ad</span> <span class='ocrx_word' id='word_1_323' title='bbox 1255 1969 1438 2006; x_wconf 84' lang='lat' dir='ltr'>Tartaros</span> <span class='ocrx_word' id='word_1_324' title='bbox 1458 1970 1644 2006; x_wconf 82' lang='lat' dir='ltr'>arcendos</span> <span class='ocrx_word' id='word_1_325' title='bbox 1661 1979 1736 2006; x_wconf 80' lang='lat' dir='ltr'>ex—</span> 
     </span>
     <span class='ocr_line' id='line_1_66' title="bbox 1066 2022 1735 2078; baseline 0 -15"><span class='ocrx_word' id='word_1_326' title='bbox 1066 2027 1210 2074; x_wconf 80' lang='lat' dir='ltr'>structi,</span> <span class='ocrx_word' id='word_1_327' title='bbox 1233 2038 1403 2078; x_wconf 85' lang='lat' dir='ltr'>quorum</span> <span class='ocrx_word' id='word_1_328' title='bbox 1420 2025 1470 2063; x_wconf 86' lang='lat' dir='ltr'>ad</span> <span class='ocrx_word' id='word_1_329' title='bbox 1484 2024 1523 2064; x_wconf 91' lang='lat' dir='ltr'>h.</span> <span class='ocrx_word' id='word_1_330' title='bbox 1545 2027 1571 2063; x_wconf 92' lang='lat' dir='ltr'>l.</span> <span class='ocrx_word' id='word_1_331' title='bbox 1591 2022 1735 2063; x_wconf 55' lang='lat' dir='ltr'>memib</span> 
     </span>
     <span class='ocr_line' id='line_1_67' title="bbox 1066 2082 1365 2121; baseline 0 0"><span class='ocrx_word' id='word_1_332' title='bbox 1066 2085 1123 2121; x_wconf 89' lang='lat' dir='ltr'>nit</span> <span class='ocrx_word' id='word_1_333' title='bbox 1137 2082 1365 2121; x_wconf 83' lang='lat' dir='ltr'>Larcherus.</span> 
     </span>
    </p>
   </div>
   <div class='ocr_carea' id='block_1_7' title="bbox 1237 2185 1569 2237">
    <p class='ocr_par' dir='ltr' id='par_1_7' title="bbox 1237 2185 1569 2237">
     <span class='ocr_line' id='line_1_68' title="bbox 1237 2185 1569 2237; baseline -0.006 -14"><span class='ocrx_word' id='word_1_334' title='bbox 1237 2186 1332 2237; x_wconf 81' lang='lat' dir='ltr'>Cap.</span> <span class='ocrx_word' id='word_1_335' title='bbox 1361 2185 1569 2222; x_wconf 72' lang='lat' dir='ltr'><strong>XXXVII..</strong></span> 
     </span>
    </p>
   </div>
   <div class='ocr_carea' id='block_1_8' title="bbox 1067 2249 1739 2926">
    <p class='ocr_par' dir='ltr' id='par_1_8' title="bbox 1067 2249 1739 2926">
     <span class='ocr_line' id='line_1_69' title="bbox 1124 2249 1735 2305; baseline -0.008 -13"><span class='ocrx_word' id='word_1_336' title='bbox 1124 2251 1196 2294; x_wconf 73' lang='grc' dir='ltr'>τόν</span> <span class='ocrx_word' id='word_1_337' title='bbox 1219 2249 1395 2305; x_wconf 75' lang='grc' dir='ltr'><em>αὐχένα]</em></span> <span class='ocrx_word' id='word_1_338' title='bbox 1433 2252 1546 2290; x_wconf 79' lang='lat' dir='ltr'>Gonf.</span> <span class='ocrx_word' id='word_1_339' title='bbox 1565 2258 1664 2289; x_wconf 87' lang='lat' dir='ltr'>nott.</span> <span class='ocrx_word' id='word_1_340' title='bbox 1685 2250 1735 2289; x_wconf 83' lang='lat' dir='ltr'>ad</span> 
     </span>
     <span class='ocr_line' id='line_1_70' title="bbox 1067 2310 1735 2358; baseline -0.001 -12"><span class='ocrx_word' id='word_1_341' title='bbox 1067 2310 1131 2358; x_wconf 75' lang='lat' dir='ltr'>IV,</span> <span class='ocrx_word' id='word_1_342' title='bbox 1172 2310 1241 2352; x_wconf 88' lang='lat'>85.</span> <span class='ocrx_word' id='word_1_343' title='bbox 1297 2311 1393 2347; x_wconf 86' lang='lat' dir='ltr'>Mox</span> <span class='ocrx_word' id='word_1_344' title='bbox 1432 2323 1454 2346; x_wconf 82' lang='lat' dir='ltr'>e</span> <span class='ocrx_word' id='word_1_345' title='bbox 1492 2310 1735 2354; x_wconf 85' lang='lat' dir='ltr'>Florentino,</span> 
     </span>
     <span class='ocr_line' id='line_1_71' title="bbox 1069 2365 1738 2417; baseline -0.001 -14"><span class='ocrx_word' id='word_1_346' title='bbox 1069 2367 1163 2415; x_wconf 84' lang='lat' dir='ltr'>aliis,</span> <span class='ocrx_word' id='word_1_347' title='bbox 1185 2379 1275 2404; x_wconf 89' lang='lat' dir='ltr'>cum</span> <span class='ocrx_word' id='word_1_348' title='bbox 1303 2373 1462 2404; x_wconf 85' lang='lat' dir='ltr'>recentt.</span> <span class='ocrx_word' id='word_1_349' title='bbox 1499 2365 1586 2403; x_wconf 85' lang='lat' dir='ltr'>edd.</span> <span class='ocrx_word' id='word_1_350' title='bbox 1607 2365 1738 2417; x_wconf 72' lang='lat' dir='ltr'>recepi</span> 
     </span>
     <span class='ocr_line' id='line_1_72' title="bbox 1068 2419 1738 2479; baseline -0.006 -16"><span class='ocrx_word' id='word_1_351' title='bbox 1068 2419 1203 2477; x_wconf 81' lang='grc' dir='ltr'><em>τρόπῳ</em></span> <span class='ocrx_word' id='word_1_352' title='bbox 1225 2421 1391 2479; x_wconf 75' lang='grc' dir='ltr'><em>τοιούτῳ</em></span> <span class='ocrx_word' id='word_1_353' title='bbox 1411 2423 1484 2461; x_wconf 77' lang='lat' dir='ltr'>tali</span> <span class='ocrx_word' id='word_1_354' title='bbox 1501 2423 1612 2471; x_wconf 57' lang='lat' dir='ltr'>moda,</span> <span class='ocrx_word' id='word_1_355' title='bbox 1634 2422 1738 2474; x_wconf 72' lang='lat' dir='ltr'>quali</span> 
     </span>
     <span class='ocr_line' id='line_1_73' title="bbox 1070 2481 1734 2531; baseline -0.003 -13"><span class='ocrx_word' id='word_1_356' title='bbox 1070 2481 1206 2518; x_wconf 75' lang='lat' dir='ltr'>dictum</span> <span class='ocrx_word' id='word_1_357' title='bbox 1256 2485 1307 2519; x_wconf 81' lang='lat' dir='ltr'>est</span> <span class='ocrx_word' id='word_1_358' title='bbox 1322 2512 1332 2530; x_wconf 43' lang='lat'>1,</span> <span class='ocrx_word' id='word_1_359' title='bbox 1382 2488 1426 2518; x_wconf 90' lang='lat' dir='ltr'>ut</span> <span class='ocrx_word' id='word_1_360' title='bbox 1462 2481 1734 2531; x_wconf 77' lang='lat' dir='ltr'>interpretatur</span> 
     </span>
     <span class='ocr_line' id='line_1_74' title="bbox 1069 2536 1735 2590; baseline -0.005 -15"><span class='ocrx_word' id='word_1_361' title='bbox 1069 2536 1311 2588; x_wconf 58' lang='lat' dir='ltr'>Schweigh„</span> <span class='ocrx_word' id='word_1_362' title='bbox 1357 2550 1448 2575; x_wconf 88' lang='lat' dir='ltr'>cum</span> <span class='ocrx_word' id='word_1_363' title='bbox 1480 2536 1585 2590; x_wconf 90' lang='lat' dir='ltr'>quod</span> <span class='ocrx_word' id='word_1_364' title='bbox 1613 2537 1735 2588; x_wconf 82' lang='lat' dir='ltr'>vulgo</span> 
     </span>
     <span class='ocr_line' id='line_1_75' title="bbox 1070 2591 1730 2649; baseline -0.003 -18"><span class='ocrx_word' id='word_1_365' title='bbox 1070 2595 1265 2632; x_wconf 84' lang='lat' dir='ltr'>exstabat:</span> <span class='ocrx_word' id='word_1_366' title='bbox 1296 2591 1432 2649; x_wconf 81' lang='grc' dir='ltr'><em>τρόπῳ</em></span> <span class='ocrx_word' id='word_1_367' title='bbox 1452 2595 1593 2648; x_wconf 75' lang='grc' dir='ltr'><em>τοιῷδε</em></span> <span class='ocrx_word' id='word_1_368' title='bbox 1611 2599 1730 2630; x_wconf 83' lang='lat' dir='ltr'>esset:</span> 
     </span>
     <span class='ocr_line' id='line_1_76' title="bbox 1069 2650 1732 2704; baseline -0.002 -16"><span class='ocrx_word' id='word_1_369' title='bbox 1069 2651 1140 2689; x_wconf 80' lang='lat' dir='ltr'>tali</span> <span class='ocrx_word' id='word_1_370' title='bbox 1154 2652 1273 2700; x_wconf 72' lang='lat' dir='ltr'><strong>modo,</strong></span> <span class='ocrx_word' id='word_1_371' title='bbox 1294 2652 1396 2704; x_wconf 81' lang='lat' dir='ltr'>quali</span> <span class='ocrx_word' id='word_1_372' title='bbox 1415 2653 1581 2690; x_wconf 79' lang='lat' dir='ltr'>continuo</span> <span class='ocrx_word' id='word_1_373' title='bbox 1600 2650 1732 2688; x_wconf 85' lang='lat' dir='ltr'>dicam.</span> 
     </span>
     <span class='ocr_line' id='line_1_77' title="bbox 1068 2705 1732 2763; baseline -0.012 -12"><span class='ocrx_word' id='word_1_374' title='bbox 1068 2709 1121 2746; x_wconf 80' lang='lat' dir='ltr'>At</span> <span class='ocrx_word' id='word_1_375' title='bbox 1139 2709 1205 2758; x_wconf 77' lang='lat' dir='ltr'>VI,</span> <span class='ocrx_word' id='word_1_376' title='bbox 1216 2711 1268 2750; x_wconf 86' lang='lat'>39</span> <span class='ocrx_word' id='word_1_377' title='bbox 1289 2705 1420 2763; x_wconf 80' lang='grc' dir='ltr'><em>τρόπῳ</em></span> <span class='ocrx_word' id='word_1_378' title='bbox 1433 2708 1576 2763; x_wconf 78' lang='grc' dir='ltr'><em>τοιῷδε</em></span> <span class='ocrx_word' id='word_1_379' title='bbox 1591 2706 1641 2744; x_wconf 88' lang='lat' dir='ltr'>ad</span> <span class='ocrx_word' id='word_1_380' title='bbox 1662 2719 1732 2743; x_wconf 90' lang='lat' dir='ltr'>an-</span> 
     </span>
     <span class='ocr_line' id='line_1_78' title="bbox 1069 2765 1733 2818; baseline -0.005 -16"><span class='ocrx_word' id='word_1_381' title='bbox 1069 2765 1284 2803; x_wconf 85' lang='lat' dir='ltr'>tecedentia</span> <span class='ocrx_word' id='word_1_382' title='bbox 1325 2772 1471 2818; x_wconf 81' lang='lat' dir='ltr'>spectat</span> <span class='ocrx_word' id='word_1_383' title='bbox 1484 2793 1500 2810; x_wconf 85' lang='lat'><em>,</em></span> <span class='ocrx_word' id='word_1_384' title='bbox 1548 2771 1592 2801; x_wconf 83' lang='lat' dir='ltr'>ut</span> <span class='ocrx_word' id='word_1_385' title='bbox 1631 2769 1733 2800; x_wconf 85' lang='lat' dir='ltr'>recte</span> 
     </span>
     <span class='ocr_line' id='line_1_79' title="bbox 1069 2821 1731 2871; baseline -0.005 -12"><span class='ocrx_word' id='word_1_386' title='bbox 1069 2825 1220 2860; x_wconf 86' lang='lat' dir='ltr'>monuit</span> <span class='ocrx_word' id='word_1_387' title='bbox 1240 2823 1425 2860; x_wconf 85' lang='lat' dir='ltr'>Matthiae</span> <span class='ocrx_word' id='word_1_388' title='bbox 1458 2823 1525 2859; x_wconf 89' lang='lat' dir='ltr'>Gr.</span> <span class='ocrx_word' id='word_1_389' title='bbox 1556 2821 1622 2857; x_wconf 85' lang='lat' dir='ltr'>Gr.</span> <span class='ocrx_word' id='word_1_390' title='bbox 1643 2831 1731 2871; x_wconf 81' lang='lat' dir='ltr'>pag.</span> 
     </span>
     <span class='ocr_line' id='line_1_80' title="bbox 1070 2872 1739 2926; baseline -0.009 -7"><span class='ocrx_word' id='word_1_391' title='bbox 1070 2882 1165 2920; x_wconf 84' lang='lat'><strong>871.</strong></span> <span class='ocrx_word' id='word_1_392' title='bbox 1223 2882 1304 2918; x_wconf 89' lang='lat' dir='ltr'>Nec</span> <span class='ocrx_word' id='word_1_393' title='bbox 1320 2881 1428 2917; x_wconf 86' lang='lat' dir='ltr'>aliter</span> <span class='ocrx_word' id='word_1_394' title='bbox 1448 2872 1526 2918; x_wconf 65' lang='grc' dir='ltr'>ὦδε</span> <span class='ocrx_word' id='word_1_395' title='bbox 1544 2877 1590 2926; x_wconf 84' lang='lat' dir='ltr'>V,</span> <span class='ocrx_word' id='word_1_396' title='bbox 1612 2879 1653 2918; x_wconf 83' lang='grc'>2.</span> <span class='ocrx_word' id='word_1_397' title='bbox 1672 2877 1739 2913; x_wconf 75' lang='grc' dir='ltr'>Πο-</span> 
     </span>
    </p>
   </div>
  </div>
 </body>
</html>
