1815 3181
116 356 176 385 this
195 356 352 392 regressis.

116 392 146 417 in
163 392 201 418 im
208 391 321 425 perium
342 396 388 415 rc·

116 426 260 453 sumitur.

446 233 529 273 276

393 534 479 564 ante
495 537 593 561 anno
607 519 757 574 Scythis
767 518 1045 559 Chersonesum

391 581 669 627 invadentibus,
689 579 780 628 fuga
794 592 833 615 se
852 580 1045 629 proripere

392 645 541 676 coactus
571 643 670 684 erat,
711 642 749 671 et
774 636 814 671 in
843 636 957 682 exilio
986 636 1045 672 vi-

391 703 470 732 tam
492 694 641 744 agere.“
699 693 742 727 In
764 704 840 743 qua
858 693 1045 742 interpre-

391 753 533 789 tatione
553 750 660 800 plura
668 748 800 796 inesse,
812 749 946 799 quibus
959 761 1045 783 me-

391 810 464 844 rito
489 805 753 852 offendamur,
794 805 892 841 bene
931 805 1046 841 sensit

392 866 450 902 vir
479 864 731 900 nobilissimus
764 857 944 912 idemque
975 860 1047 897 do-

393 922 577 957 ctissimus
589 920 703 955 Liber
712 919 811 954 Baro
824 917 870 954 de
883 918 1048 954 Reizen-

391 979 487 1014 stein
501 1006 510 1024 ,
533 976 598 1027 qui
617 986 719 1011 nunc
730 975 769 1010 in
779 973 973 1010 Badarum
987 987 1049 1009 re-

391 1034 463 1070 bus
483 1031 661 1082 regundis
688 1044 883 1067 siunmum
902 1043 924 1066 a
943 1032 1051 1080 prin-

394 1092 478 1140 cipe
515 1091 596 1140 ipso
637 1089 873 1124 serenissimo
908 1088 1052 1123 obtinet

392 1146 537 1186 locum,
595 1146 629 1181 Is
642 1145 757 1181 verba
776 1141 824 1182 τοὶ
842 1141 1053 1194 κατέχοντα

393 1198 606 1254 πρήγματα
650 1213 728 1236 11011
759 1201 865 1236 aliter
896 1199 1053 1250 quidem

395 1272 440 1296 ac
469 1258 748 1306 Vv'esselingius
782 1263 819 1293 et
850 1254 1052 1305 Schweig-

394 1313 526 1353 haeus.
550 1315 669 1363 accipi
688 1313 780 1360 vult,
803 1311 870 1349 sed
888 1313 986 1348 bene
1008 1324 1053 1347 ea

396 1371 577 1420 distingui
595 1383 615 1406 a
635 1370 822 1420 prioribus
837 1369 947 1405 rebus
959 1398 968 1416 ,
1005 1369 1052 1404 ab

394 1429 440 1465 iis
460 1429 553 1474 scil„
594 1439 684 1478 quas
698 1456 708 1474 ,
737 1433 823 1476 post
841 1424 1053 1462 nomadum

394 1485 655 1521 incursionem
683 1482 809 1518 redux
829 1482 961 1529 factus,
991 1482 1054 1517 in-

396 1541 523 1588 venit,
553 1546 693 1576 terram
725 1537 809 1575 dico
837 1551 859 1575 a
889 1539 1055 1575 barbaris

396 1604 584 1634 vastatam
612 1609 654 1632 ac
685 1594 912 1643 desolatam,
957 1607 1055 1647 quae

397 1654 583 1691 revocatis
608 1653 793 1702 prioribus
833 1652 965 1688 incolis
995 1651 1057 1688 vel

398 1723 530 1749 recens
548 1708 710 1745 inductis
726 1709 867 1745 colonis
890 1707 938 1744 ad
954 1709 1057 1758 prio-

398 1779 483 1803 rem
530 1765 631 1802 floris
671 1772 811 1802 statum
844 1763 1057 1802 revocanda

400 1830 480 1860 erat
491 1835 501 1871 3
522 1835 619 1874 quae
629 1816 839 1873 sequuntur
848 1822 964 1859 verba
973 1836 1014 1872 ¹⁷9
1021 1821 1056 1858 ί-

402 1894 457 1933 τῳ
481 1876 553 1928 μὲν
575 1875 650 1930 γάρ
678 1877 753 1917 ἔτει
772 1894 808 1917 κ.
826 1893 860 1919 τ.
881 1881 915 1916 λ.
935 1890 1056 1929 usque

401 1935 450 1972 ad
474 1936 591 1971 tinem
618 1936 760 1985 capitis,
782 1936 978 1971 interiecta
997 1935 1058 1971 vi-

401 1991 540 2029 dentur
559 1990 607 2027 ad
628 2004 672 2026 ea
694 1989 922 2039 enarranda,
963 2003 1060 2042 quae

403 2049 452 2084 ob
472 2049 553 2084 illas
583 2049 680 2098 ipsas
709 2061 789 2094 res,
821 2061 918 2099 quae
951 2048 1061 2083 illum

404 2117 521 2156 quam
539 2106 707 2139 maxime
727 2106 938 2151 tenuerint,
960 2104 1061 2140 acci-

405 2161 543 2196 derint.
635 2159 874 2196 Adverbium
921 2158 1062 2199 ’νεωστὶ

402 2215 508 2253 idem
536 2215 595 2252 vir
625 2218 884 2265 sagacissimus
904 2217 1063 2251 minime

406 2271 454 2309 de
483 2270 605 2322 primo
638 2271 815 2308 Miltiadis
842 2271 1006 2309 adventu
1021 2273 1062 2306 in

407 2326 707 2374 Chersonesum,
739 2327 805 2364 sed
841 2328 888 2364 de
925 2327 1061 2374 reditu,

407 2385 583 2434 regressis
605 2382 769 2434 Scythis,
791 2385 950 2433 intelligi
969 2385 1062 2430 vult,

409 2454 499 2478 cum
519 2441 670 2476 initium
692 2453 773 2490 cap.
796 2439 850 2480 40
870 2447 970 2476 arcte
996 2453 1064 2476 co-

408 2496 566 2534 haereat
587 2496 647 2545 (ut
663 2495 854 2546 diximus)
886 2509 973 2532 cum
1003 2509 1061 2546 cp.

407 2556 461 2594 33
500 2553 566 2589 fin.
605 2554 681 2590 sive
721 2566 810 2589 cuin
851 2553 1064 2589 narratione

410 2608 458 2647 de
479 2608 700 2646 Chersonesi
718 2609 872 2645 urbibus
896 2607 1066 2644 Phoeni-

407 2679 497 2703 cum
518 2667 632 2703 classe
663 2666 908 2715 expugnatis,
939 2664 1064 2701 adhuc

409 2720 552 2772 (μὲχρι
570 2717 674 2771 τότε)
708 2720 884 2758 Miltiadis
904 2722 1063 2772 imperio

408 2777 590 2826 subditis,
618 2782 683 2830 qui
698 2791 776 2815 11011
797 2778 962 2814 multum
977 2785 1065 2814 ante

410 2833 651 2872 Phoenicum
667 2834 873 2873 adventum
887 2833 1064 2885 (νεωστὶ)

837 227 1295 265 HERODOTI

446 339 555 385 ἄλλα
582 341 671 383 τῶν
697 335 968 393 κατεχόντων
996 335 1260 393 πρηγμάτων
1287 337 1569 394 χαλεπώτερα.
1609 339 1696 393 τρί-

1102 534 1190 559 cum
1212 535 1255 559 eo
1276 520 1444 559 rediisset
1458 552 1467 570 ,
1488 522 1609 559 multa
1629 521 1755 559 offen-

1102 577 1157 615 dit
1177 576 1250 627 (τᾶ
1272 578 1482 629 κατέχοντα
1500 575 1753 630 πρήγματα),

1099 636 1139 671 in
1161 636 1296 686 quibus
1317 635 1489 671 curandis
1509 636 1570 672 vel
1583 637 1757 685 graviora

1100 687 1347 742 χαλεπώτερα
1397 691 1631 740 (adventum
1671 691 1757 728 dico

1101 749 1224 785 classis
1239 746 1402 795 hostilis,
1434 747 1509 799 (111st
1537 748 1669 797 fugam
1688 761 1758 798 pe-

1100 811 1180 841 tere
1209 811 1358 841 coactus
1379 806 1465 854 est)
1515 806 1759 854 supervenie-

1101 861 1207 899 bant.
1266 860 1377 897 Unde
1397 862 1591 912 sequitur,
1623 860 1760 897 eodem

1103 919 1184 956 viro
1210 924 1411 964 monente,
1449 916 1679 968 Scytharum
1697 919 1761 953 in-

1107 975 1324 1011 cursionem
1348 975 1456 1010 tertio
1478 980 1565 1010 ante
1583 973 1762 1010 Miltiadis

1105 1031 1240 1080 fugam
1260 1031 1415 1066 alteram
1432 1042 1532 1066 anno
1548 1037 1585 1067 et
1594 1029 1761 1067 secundo

1109 1095 1197 1123 ante
1228 1088 1403 1123 Miletum
1423 1094 1596 1138 captam,
1629 1093 1762 1124 octavo

1107 1144 1169 1180 vel
1192 1156 1295 1179 nono
1317 1142 1513 1180 decimove
1527 1145 1642 1193 igitur
1660 1155 1762 1179 anno

1107 1206 1193 1250 post
1215 1201 1319 1235 Darii
1349 1199 1632 1250 expeditionem
1663 1199 1765 1236 acci-

1109 1256 1217 1294 disse.
1278 1255 1388 1300 Quod
1417 1257 1446 1292 si
1470 1258 1668 1302 sumseris,
1702 1255 1765 1292 vel

1107 1313 1243 1348 melius
1277 1313 1442 1362 singulas
1470 1325 1527 1348 res
1562 1312 1766 1349 convenire

1111 1375 1226 1419 patet.
1271 1371 1405 1420 Itaque
1424 1367 1601 1405 Miltiadis
1620 1369 1766 1418 fugam,

1110 1439 1199 1461 cum
1229 1424 1395 1476 Scythae
1430 1426 1587 1475 ingressi
1631 1431 1766 1472 essent,

1110 1481 1216 1518 idem
1234 1483 1297 1518 ille
1318 1483 1424 1532 ponit
1442 1483 1552 1518 tertio
1569 1488 1767 1518 anteatino

1113 1551 1229 1590 quam
1248 1537 1417 1575 Athenas
1443 1537 1597 1574 redierit
1606 1554 1617 1586 5
1653 1544 1768 1589 atque

1113 1608 1234 1647 quum
1267 1594 1427 1646 Scythas
1460 1596 1501 1631 in
1535 1593 1770 1631 Chersoneso

1113 1652 1207 1688 duos
1228 1659 1327 1688 certe
1349 1664 1467 1687 anuos
1481 1652 1662 1688 mansisse
1676 1662 1770 1701 pro-

1111 1709 1235 1745 babile
1265 1709 1330 1756 sit,
1389 1709 1576 1759 tertioque
1611 1706 1770 1744 demum

1111 1764 1322 1801 Miltiadem
1334 1778 1355 1800 a
1364 1765 1542 1801 Doloncis
1555 1763 1768 1811 reductum,

1111 1823 1175 1858 ille
1208 1823 1353 1873 aliquot
1398 1820 1536 1857 abhinc
1577 1820 1771 1856 mensibus

1114 1879 1280 1928 (νεωστὶ
1297 1879 1423 1928 nuper)
1447 1877 1641 1915 advenisse
1659 1876 1771 1914 vide-

1110 1942 1186 1982 tur,
1208 1948 1328 1986 quum
1348 1935 1459 1971 rebus
1481 1947 1584 1971 nunc
1603 1939 1772 1970 tractan-

1117 1991 1171 2028 dis
1183 1992 1243 2027 vel
1258 1992 1458 2041 graviores,
1475 1992 1632 2027 classem
1641 1988 1772 2026 Phoe-

1115 2049 1247 2084 nicum
1297 2047 1381 2084 dico
1428 2048 1772 2099 supervenientem,

1116 2103 1347 2151 inciderent,
1379 2105 1514 2155 quibus
1542 2111 1584 2140 ut
1602 2100 1772 2140 Athenas

1118 2162 1353 2210 confugeret,
1374 2168 1523 2196 coactus
1545 2166 1612 2196 est.

1172 2218 1287 2268 τρίτῳ
1310 2216 1387 2254 ἔτεϊ
1399 2212 1576 2263 τούτων]
1620 2209 1772 2253 τούτων

1118 2271 1205 2308 dedi
1224 2284 1292 2321 pro
1313 2270 1558 2310 τουτέων.-
1576 2272 1684 2319 „Hoc
1704 2283 1772 2322 per

1117 2342 1156 2365 se
1173 2329 1360 2378 positum,
1392 2335 1539 2378 poterat
1564 2329 1668 2365 tertio
1691 2329 1773 2378 post

1118 2398 1211 2421 anno
1241 2385 1450 2434 significare
1479 2387 1575 2422 sicut
1606 2382 1773 2436 δευτέρῳ

1119 2439 1198 2478 ἔτεϊ
1214 2439 1364 2478 τούτων
1385 2454 1465 2492 cap.
1480 2441 1536 2481 46
1556 2440 1623 2477 sed
1643 2453 1691 2476 ex
1701 2439 1773 2489 ad-

1120 2497 1255 2532 iunctis
1274 2496 1314 2534 h.
1337 2498 1363 2534 l.
1387 2498 1496 2534 facile
1517 2503 1682 2548 apparet,
1704 2500 1775 2534 ter-

1121 2556 1169 2589 12'0
1205 2557 1287 2590 ante
1317 2567 1409 2590 anno
1441 2554 1619 2603 intelligi3
1668 2551 1773 2604 quod

1118 2610 1244 2660 ipsum
1265 2623 1418 2662 quoque
1432 2623 1523 2647 mox
1539 2611 1577 2645 in
1599 2610 1674 2645 fine
1697 2608 1774 2645 hu-

1120 2667 1176 2701 ius
1199 2679 1280 2716 cap.
1306 2666 1440 2703 diserte
1453 2666 1674 2713 declaratur,
1689 2665 1774 2714 τρί-

1120 2737 1173 2760 τω
1195 2721 1271 2761 ἔτεϊ
1296 2719 1488 2775 πρότερον
1512 2725 1592 2760 τῶν
1611 2718 1773 2771 τότεμιν

1121 2774 1371 2829 κατεχόντων.
1394 2781 1416 2799 “
1495 2778 1552 2816 Sc
1567 2778 1629 2815 law
1644 2777 1772 2826 eigh.

1121 2836 1281 2884 Probat,
1316 2837 1420 2874 cqus
1439 2833 1554 2873 modo
1585 2834 1773 2871 3111111111-
