<?xml version="1.0" encoding="UTF-8"?>
<!DOCTYPE html PUBLIC "-//W3C//DTD XHTML 1.0 Transitional//EN"
    "http://www.w3.org/TR/xhtml1/DTD/xhtml1-transitional.dtd">
<html xmlns="http://www.w3.org/1999/xhtml" xml:lang="en" lang="en">
 <head>
  <title>
</title>
<meta http-equiv="Content-Type" content="text/html;charset=utf-8" />
  <meta name='ocr-system' content='tesseract 3.04.00' />
  <meta name='ocr-capabilities' content='ocr_page ocr_carea ocr_par ocr_line ocrx_word'/>
</head>
<body>
  <div class='ocr_page' id='page_1' title='image "./musaeherodoto03hero_0707.png"; bbox 0 0 1789 3213; ppageno 0'>
   <div class='ocr_carea' id='block_1_1' title="bbox 446 148 1386 190">
    <p class='ocr_par' dir='ltr' id='par_1_1' title="bbox 446 148 1386 190">
     <span class='ocr_line' id='line_1_1' title="bbox 446 148 1386 190; baseline 0.006 -6"><span class='ocrx_word' id='word_1_1' title='bbox 446 148 906 186; x_wconf 88' lang='lat' dir='ltr'><strong>POLYMNIA</strong></span> <span class='ocrx_word' id='word_1_2' title='bbox 965 148 1063 186; x_wconf 86' lang='lat' dir='ltr'><strong>VII.</strong></span> <span class='ocrx_word' id='word_1_3' title='bbox 1309 152 1386 190; x_wconf 85' lang='lat'><strong><em>691</em></strong></span> 
     </span>
    </p>
   </div>
   <div class='ocr_carea' id='block_1_2' title="bbox 106 254 1694 654">
    <p class='ocr_par' dir='ltr' id='par_1_2' title="bbox 106 254 1396 586">
     <span class='ocr_line' id='line_1_2' title="bbox 134 254 1395 316; baseline 0.002 -17"><span class='ocrx_word' id='word_1_4' title='bbox 134 272 222 308; x_wconf 88' lang='grc' dir='ltr'><strong><em>τος,</em></strong></span> <span class='ocrx_word' id='word_1_5' title='bbox 249 255 300 300; x_wconf 85' lang='grc' dir='ltr'>τὸ</span> <span class='ocrx_word' id='word_1_6' title='bbox 329 254 467 300; x_wconf 78' lang='grc' dir='ltr'><strong><em>ἐθέλει</em></strong></span> <span class='ocrx_word' id='word_1_7' title='bbox 496 255 657 312; x_wconf 77' lang='grc' dir='ltr'><strong><em>λέγειν·</em></strong></span> <span class='ocrx_word' id='word_1_8' title='bbox 691 259 799 313; x_wconf 87' lang='grc' dir='ltr'><strong><em>δῆλα</em></strong></span> <span class='ocrx_word' id='word_1_9' title='bbox 827 256 912 314; x_wconf 72' lang='grc' dir='ltr'><strong><em>γάρ</em></strong></span> <span class='ocrx_word' id='word_1_10' title='bbox 945 257 1005 309; x_wconf 72' lang='grc' dir='ltr'><strong><em>ὥς</em></strong></span> <span class='ocrx_word' id='word_1_11' title='bbox 1031 257 1079 301; x_wconf 78' lang='grc' dir='ltr'><strong><em>ἐν</em></strong></span> <span class='ocrx_word' id='word_1_12' title='bbox 1106 260 1168 316; x_wconf 80' lang='grc' dir='ltr'><strong><em>τῷ</em></strong></span> <span class='ocrx_word' id='word_1_13' title='bbox 1208 255 1395 315; x_wconf 77' lang='grc' dir='ltr'><strong><em>ἐνιαυτῷ</em></strong></span> 
     </span>
     <span class='ocr_line' id='line_1_3' title="bbox 133 322 1396 382; baseline 0.002 -15"><span class='ocrx_word' id='word_1_14' title='bbox 133 323 222 368; x_wconf 78' lang='grc' dir='ltr'><strong><em>ἐστὶ</em></strong></span> <span class='ocrx_word' id='word_1_15' title='bbox 260 325 308 368; x_wconf 87' lang='grc' dir='ltr'><strong><em>τὸ</em></strong></span> <span class='ocrx_word' id='word_1_16' title='bbox 346 325 422 379; x_wconf 83' lang='grc' dir='ltr'><strong><em>ἔαρ</em></strong></span> <span class='ocrx_word' id='word_1_17' title='bbox 464 324 786 381; x_wconf 75' lang='grc' dir='ltr'><strong><em>δοκιμώτατον·</em></strong></span> <span class='ocrx_word' id='word_1_18' title='bbox 844 330 920 382; x_wconf 84' lang='grc' dir='ltr'><strong><em>τῆς</em></strong></span> <span class='ocrx_word' id='word_1_19' title='bbox 960 325 1006 370; x_wconf 82' lang='grc' dir='ltr'><strong><em>δὲ</em></strong></span> <span class='ocrx_word' id='word_1_20' title='bbox 1044 329 1134 370; x_wconf 75' lang='grc' dir='ltr'><strong><em>τῶν</em></strong></span> <span class='ocrx_word' id='word_1_21' title='bbox 1178 322 1396 382; x_wconf 85' lang='grc' dir='ltr'><strong><em>Ἑλλήνων</em></strong></span> 
     </span>
     <span class='ocr_line' id='line_1_4' title="bbox 106 388 1396 450; baseline 0.003 -18"><span class='ocrx_word' id='word_1_22' title='bbox 106 393 354 447; x_wconf 85' lang='grc' dir='ltr'><strong><em>4στρατιῆς,</em></strong></span> <span class='ocrx_word' id='word_1_23' title='bbox 386 392 466 449; x_wconf 77' lang='grc' dir='ltr'><strong><em>τήν</em></strong></span> <span class='ocrx_word' id='word_1_24' title='bbox 487 392 654 437; x_wconf 79' lang='grc' dir='ltr'><em>ἑωυτοῦ</em></span> <span class='ocrx_word' id='word_1_25' title='bbox 692 392 909 450; x_wconf 84' lang='grc' dir='ltr'><strong><em>στρατιήν.</em></strong></span> <span class='ocrx_word' id='word_1_26' title='bbox 967 393 1304 450; x_wconf 78' lang='grc' dir='ltr'><strong><em>στερισκομένην</em></strong></span> <span class='ocrx_word' id='word_1_27' title='bbox 1332 388 1396 438; x_wconf 74' lang='grc' dir='ltr'><strong><em>ὦν</em></strong></span> 
     </span>
     <span class='ocr_line' id='line_1_5' title="bbox 131 458 1394 517; baseline 0.004 -16"><span class='ocrx_word' id='word_1_28' title='bbox 131 458 212 515; x_wconf 78' lang='grc' dir='ltr'><strong><em>τὴν</em></strong></span> <span class='ocrx_word' id='word_1_29' title='bbox 234 458 415 504; x_wconf 80' lang='grc' dir='ltr'><strong><em>Ἑλλάδα</em></strong></span> <span class='ocrx_word' id='word_1_30' title='bbox 442 465 516 516; x_wconf 82' lang='grc' dir='ltr'><strong><em>τῆς</em></strong></span> <span class='ocrx_word' id='word_1_31' title='bbox 546 461 711 505; x_wconf 78' lang='grc' dir='ltr'><strong><em>ἑωυτοῦ</em></strong></span> <span class='ocrx_word' id='word_1_32' title='bbox 741 463 993 517; x_wconf 76' lang='grc' dir='ltr'><em>συμμαχίης,</em></span> <span class='ocrx_word' id='word_1_33' title='bbox 1024 463 1162 515; x_wconf 77' lang='grc' dir='ltr'><strong><em>εἴκαζε</em></strong></span> <span class='ocrx_word' id='word_1_34' title='bbox 1193 460 1249 514; x_wconf 78' lang='grc' dir='ltr'><strong><em>ὡς</em></strong></span> <span class='ocrx_word' id='word_1_35' title='bbox 1279 463 1316 505; x_wconf 85' lang='grc' dir='ltr'><strong><em>εἰ</em></strong></span> <span class='ocrx_word' id='word_1_36' title='bbox 1343 461 1394 506; x_wconf 76' lang='grc' dir='ltr'><strong><em>τὸ</em></strong></span> 
     </span>
     <span class='ocr_line' id='line_1_6' title="bbox 130 527 1100 586; baseline 0.001 -16"><span class='ocrx_word' id='word_1_37' title='bbox 130 527 207 581; x_wconf 74' lang='grc' dir='ltr'><strong><em>ἔαρ</em></strong></span> <span class='ocrx_word' id='word_1_38' title='bbox 236 527 283 571; x_wconf 78' lang='grc' dir='ltr'><strong><em>ἐκ</em></strong></span> <span class='ocrx_word' id='word_1_39' title='bbox 311 532 394 572; x_wconf 87' lang='grc' dir='ltr'><strong><em>τοῦ</em></strong></span> <span class='ocrx_word' id='word_1_40' title='bbox 424 530 628 572; x_wconf 81' lang='grc' dir='ltr'><strong><em>ἐνιαυτοῦ</em></strong></span> <span class='ocrx_word' id='word_1_41' title='bbox 653 530 992 585; x_wconf 76' lang='grc' dir='ltr'><strong><em>ἐξαραιρημένον</em></strong></span> <span class='ocrx_word' id='word_1_42' title='bbox 1023 531 1100 586; x_wconf 82' lang='grc' dir='ltr'><strong><em>εἴη.</em></strong></span> 
     </span>
    </p>

    <p class='ocr_par' dir='ltr' id='par_1_3' title="bbox 215 595 1694 654">
     <span class='ocr_line' id='line_1_7' title="bbox 215 595 1694 654; baseline -0.001 -15"><span class='ocrx_word' id='word_1_43' title='bbox 215 598 270 639; x_wconf 83' lang='grc' dir='ltr'><strong><em>Οἱ</em></strong></span> <span class='ocrx_word' id='word_1_44' title='bbox 306 597 386 653; x_wconf 82' lang='grc' dir='ltr'><strong><em>μὲν</em></strong></span> <span class='ocrx_word' id='word_1_45' title='bbox 425 597 476 653; x_wconf 80' lang='grc' dir='ltr'><strong><em>δὴ</em></strong></span> <span class='ocrx_word' id='word_1_46' title='bbox 514 601 603 640; x_wconf 75' lang='grc' dir='ltr'><strong><em>τῶν</em></strong></span> <span class='ocrx_word' id='word_1_47' title='bbox 630 595 843 654; x_wconf 88' lang='grc' dir='ltr'><strong><em>Ἑλλήνων</em></strong></span> <span class='ocrx_word' id='word_1_48' title='bbox 885 599 1079 654; x_wconf 73' lang='grc' dir='ltr'><strong><em>ἄγγελοι,</em></strong></span> <span class='ocrx_word' id='word_1_49' title='bbox 1112 598 1304 640; x_wconf 88' lang='grc' dir='ltr'><strong><em>τοσαῦτα</em></strong></span> <span class='ocrx_word' id='word_1_50' title='bbox 1331 600 1394 654; x_wconf 79' lang='grc' dir='ltr'><strong><em>τῷ</em></strong></span> <span class='ocrx_word' id='word_1_51' title='bbox 1452 603 1608 636; x_wconf 80' lang='lat' dir='ltr'><strong>Quomodo</strong></span> <span class='ocrx_word' id='word_1_52' title='bbox 1627 608 1694 638; x_wconf 76' lang='lat' dir='ltr'><strong>post</strong></span> 
     </span>
    </p>
   </div>
   <div class='ocr_carea' id='block_1_3' title="bbox 127 638 1726 721">
    <p class='ocr_par' dir='ltr' id='par_1_4' title="bbox 127 638 1726 721">
     <span class='ocr_line' id='line_1_8' title="bbox 127 638 1726 721; baseline -0.001 -14"><span class='ocrx_word' id='word_1_53' title='bbox 127 662 294 708; x_wconf 85' lang='grc' dir='ltr'><strong><em>Γέλωνι</em></strong></span> <span class='ocrx_word' id='word_1_54' title='bbox 322 665 708 721; x_wconf 79' lang='grc' dir='ltr'><strong><em>χρηματισάμενοι,</em></strong></span> <span class='ocrx_word' id='word_1_55' title='bbox 740 666 967 709; x_wconf 78' lang='grc' dir='ltr'><strong><em>α’πέπλεον.</em></strong></span> <span class='ocrx_word' id='word_1_56' title='bbox 1027 665 1176 709; x_wconf 87' lang='grc' dir='ltr'><strong><em>Γέλων</em></strong></span> <span class='ocrx_word' id='word_1_57' title='bbox 1205 663 1250 708; x_wconf 79' lang='grc' dir='ltr'><strong><em>δὲ</em></strong></span> <span class='ocrx_word' id='word_1_58' title='bbox 1280 664 1391 719; x_wconf 86' lang='grc' dir='ltr'><strong><em>πρὸς</em></strong></span> <span class='ocrx_word' id='word_1_59' title='bbox 1448 638 1657 699; x_wconf 54' lang='lat' dir='ltr'><strong><em>ffifflf’agfflg</em></strong></span> <span class='ocrx_word' id='word_1_60' title='bbox 1679 647 1726 699; x_wconf 57' lang='lat' dir='ltr'><strong>iri-</strong></span> 
     </span>
    </p>
   </div>
   <div class='ocr_carea' id='block_1_4' title="bbox 0 705 1705 1402">
    <p class='ocr_par' dir='ltr' id='par_1_5' title="bbox 0 705 1705 1402">
     <span class='ocr_line' id='line_1_9' title="bbox 125 705 1705 790; baseline 0 -15"><span class='ocrx_word' id='word_1_61' title='bbox 125 736 273 785; x_wconf 85' lang='grc' dir='ltr'><strong><em>ταῦτα,</em></strong></span> <span class='ocrx_word' id='word_1_62' title='bbox 306 734 450 783; x_wconf 83' lang='grc' dir='ltr'><strong><em>δείσας</em></strong></span> <span class='ocrx_word' id='word_1_63' title='bbox 478 734 556 787; x_wconf 77' lang='grc' dir='ltr'><strong><em>μὲν</em></strong></span> <span class='ocrx_word' id='word_1_64' title='bbox 585 735 683 787; x_wconf 88' lang='grc' dir='ltr'><strong><em>περὶ</em></strong></span> <span class='ocrx_word' id='word_1_65' title='bbox 712 739 826 777; x_wconf 89' lang='grc' dir='ltr'><strong><em>τοῖσι</em></strong></span> <span class='ocrx_word' id='word_1_66' title='bbox 842 734 1018 790; x_wconf 78' lang='grc' dir='ltr'><strong><em>“Ελλησι</em></strong></span> <span class='ocrx_word' id='word_1_67' title='bbox 1048 734 1105 790; x_wconf 87' lang='grc' dir='ltr'><strong><em>μὴ</em></strong></span> <span class='ocrx_word' id='word_1_68' title='bbox 1130 731 1184 777; x_wconf 85' lang='grc' dir='ltr'><strong><em>οὐ</em></strong></span> <span class='ocrx_word' id='word_1_69' title='bbox 1206 732 1392 776; x_wconf 81' lang='grc' dir='ltr'><strong><em>δυνέων·</em></strong></span> <span class='ocrx_word' id='word_1_70' title='bbox 1450 705 1705 768; x_wconf 55' lang='lat' dir='ltr'><strong><em>gfflit‘gassefissfffl</em></strong></span> 
     </span>
     <span class='ocr_line' id='line_1_10' title="bbox 11 778 1527 857; baseline 0.001 -14"><span class='ocrx_word' id='word_1_71' title='bbox 11 842 13 844; x_wconf 87' lang='grc'><strong><em>,</em></strong></span> <span class='ocrx_word' id='word_1_72' title='bbox 126 817 196 844; x_wconf 88' lang='grc' dir='ltr'><strong><em>ται</em></strong></span> <span class='ocrx_word' id='word_1_73' title='bbox 227 799 305 844; x_wconf 79' lang='grc' dir='ltr'><strong><em>τόν</em></strong></span> <span class='ocrx_word' id='word_1_74' title='bbox 335 800 563 857; x_wconf 77' lang='grc' dir='ltr'><strong><em>βάρβαρον</em></strong></span> <span class='ocrx_word' id='word_1_75' title='bbox 591 801 930 857; x_wconf 80' lang='grc' dir='ltr'><strong><em>ὑπερβαλέσθαι,</em></strong></span> <span class='ocrx_word' id='word_1_76' title='bbox 964 801 1111 847; x_wconf 80' lang='grc' dir='ltr'><strong><em>δεινόν</em></strong></span> <span class='ocrx_word' id='word_1_77' title='bbox 1142 801 1188 845; x_wconf 79' lang='grc' dir='ltr'><strong><em>δὲ</em></strong></span> <span class='ocrx_word' id='word_1_78' title='bbox 1216 801 1288 844; x_wconf 84' lang='grc' dir='ltr'><strong><em>καὶ</em></strong></span> <span class='ocrx_word' id='word_1_79' title='bbox 1311 798 1394 844; x_wconf 83' lang='grc' dir='ltr'><strong><em>οὐκ</em></strong></span> <span class='ocrx_word' id='word_1_80' title='bbox 1451 778 1527 820; x_wconf 73' lang='grc'><strong><em>581</em></strong></span> 
     </span>
     <span class='ocr_line' id='line_1_11' title="bbox 0 857 1420 933; baseline -0.002 -21"><span class='ocrx_word' id='word_1_81' title='bbox 0 857 26 933; x_wconf 59' lang='grc' dir='ltr'>β</span> <span class='ocrx_word' id='word_1_82' title='bbox 126 867 365 924; x_wconf 79' lang='grc' dir='ltr'><strong><em>ἀνασχετὸν</em></strong></span> <span class='ocrx_word' id='word_1_83' title='bbox 394 868 686 925; x_wconf 82' lang='grc' dir='ltr'><strong><em>ποιησάμενος</em></strong></span> <span class='ocrx_word' id='word_1_84' title='bbox 717 870 861 914; x_wconf 78' lang='grc' dir='ltr'><strong><em>ἐλθών</em></strong></span> <span class='ocrx_word' id='word_1_85' title='bbox 889 869 932 921; x_wconf 79' lang='grc' dir='ltr'><strong><em>ἐς</em></strong></span> <span class='ocrx_word' id='word_1_86' title='bbox 953 868 1295 924; x_wconf 83' lang='grc' dir='ltr'><strong><em>Πελοπόννησον</em></strong></span> <span class='ocrx_word' id='word_1_87' title='bbox 1319 868 1420 924; x_wconf 83' lang='grc' dir='ltr'><strong><em>ἅρ-1</em></strong></span> 
     </span>
     <span class='ocr_line' id='line_1_12' title="bbox 123 935 1394 994; baseline 0 -15"><span class='ocrx_word' id='word_1_88' title='bbox 123 942 275 992; x_wconf 79' lang='grc' dir='ltr'><strong><em>χεσθαι</em></strong></span> <span class='ocrx_word' id='word_1_89' title='bbox 304 936 390 981; x_wconf 73' lang='grc' dir='ltr'><strong><em>’ὑπὸ</em></strong></span> <span class='ocrx_word' id='word_1_90' title='bbox 424 940 786 994; x_wconf 81' lang='grc' dir='ltr'><strong><em>Λακεδαιμονίων</em></strong></span> <span class='ocrx_word' id='word_1_91' title='bbox 816 937 901 982; x_wconf 83' lang='grc' dir='ltr'><strong><em>έών</em></strong></span> <span class='ocrx_word' id='word_1_92' title='bbox 931 939 1132 993; x_wconf 85' lang='grc' dir='ltr'><strong><em>Σικελίης</em></strong></span> <span class='ocrx_word' id='word_1_93' title='bbox 1162 935 1394 992; x_wconf 80' lang='grc' dir='ltr'><strong><em>τύραννος,</em></strong></span> 
     </span>
     <span class='ocr_line' id='line_1_13' title="bbox 94 1003 1393 1063; baseline -0.001 -16"><span class='ocrx_word' id='word_1_94' title='bbox 94 1004 287 1060; x_wconf 74' lang='grc' dir='ltr'><strong><em>2,ταύτην</em></strong></span> <span class='ocrx_word' id='word_1_95' title='bbox 324 1006 404 1060; x_wconf 80' lang='grc' dir='ltr'><strong><em>μὲν</em></strong></span> <span class='ocrx_word' id='word_1_96' title='bbox 439 1006 516 1061; x_wconf 80' lang='grc' dir='ltr'><strong><em>τὴν</em></strong></span> <span class='ocrx_word' id='word_1_97' title='bbox 555 1003 662 1050; x_wconf 90' lang='grc' dir='ltr'><strong><em>ὁδὸν</em></strong></span> <span class='ocrx_word' id='word_1_98' title='bbox 691 1005 896 1063; x_wconf 88' lang='grc' dir='ltr'><strong><em>η’μέλησε,</em></strong></span> <span class='ocrx_word' id='word_1_99' title='bbox 938 1004 961 1050; x_wconf 88' lang='grc' dir='ltr'>ὁ</span> <span class='ocrx_word' id='word_1_100' title='bbox 999 1006 1046 1049; x_wconf 79' lang='grc' dir='ltr'><strong><em>δὲ</em></strong></span> <span class='ocrx_word' id='word_1_101' title='bbox 1087 1005 1219 1060; x_wconf 79' lang='grc' dir='ltr'><strong><em>ἄλλης</em></strong></span> <span class='ocrx_word' id='word_1_102' title='bbox 1243 1005 1393 1060; x_wconf 76' lang='grc' dir='ltr'><strong><em>εἴχετο.</em></strong></span> 
     </span>
     <span class='ocr_line' id='line_1_14' title="bbox 117 1069 1393 1129; baseline 0 -15"><span class='ocrx_word' id='word_1_103' title='bbox 117 1069 233 1114; x_wconf 88' lang='grc' dir='ltr'><strong><em>Ἐπεί</em></strong></span> <span class='ocrx_word' id='word_1_104' title='bbox 261 1088 305 1115; x_wconf 87' lang='grc' dir='ltr'><strong><em>τε</em></strong></span> <span class='ocrx_word' id='word_1_105' title='bbox 333 1073 414 1128; x_wconf 82' lang='grc' dir='ltr'><strong><em>γὰρ</em></strong></span> <span class='ocrx_word' id='word_1_106' title='bbox 445 1073 623 1129; x_wconf 83' lang='grc' dir='ltr'><strong><em>τάχιστα</em></strong></span> <span class='ocrx_word' id='word_1_107' title='bbox 658 1073 841 1118; x_wconf 76' lang='grc' dir='ltr'><strong><em>ἐπύθετο</em></strong></span> <span class='ocrx_word' id='word_1_108' title='bbox 876 1073 954 1117; x_wconf 80' lang='grc' dir='ltr'><strong><em>τόν</em></strong></span> <span class='ocrx_word' id='word_1_109' title='bbox 986 1073 1163 1129; x_wconf 84' lang='grc' dir='ltr'><strong><em>Πέρσην</em></strong></span> <span class='ocrx_word' id='word_1_110' title='bbox 1195 1073 1393 1128; x_wconf 84' lang='grc' dir='ltr'><strong><em>διαβεβη-</em></strong></span> 
     </span>
     <span class='ocr_line' id='line_1_15' title="bbox 120 1139 1394 1198; baseline -0.002 -14"><span class='ocrx_word' id='word_1_111' title='bbox 120 1139 228 1184; x_wconf 81' lang='grc' dir='ltr'><strong><em>κότα</em></strong></span> <span class='ocrx_word' id='word_1_112' title='bbox 257 1139 335 1183; x_wconf 79' lang='grc' dir='ltr'><strong><em>τόν</em></strong></span> <span class='ocrx_word' id='word_1_113' title='bbox 357 1139 690 1197; x_wconf 81' lang='grc' dir='ltr'><strong><em>Ἑλλήσποντον,</em></strong></span> <span class='ocrx_word' id='word_1_114' title='bbox 721 1140 875 1195; x_wconf 88' lang='grc' dir='ltr'><strong><em>πέμπει</em></strong></span> <span class='ocrx_word' id='word_1_115' title='bbox 901 1141 1285 1198; x_wconf 86' lang='grc' dir='ltr'><strong><em>πεντηκοντέροισι</em></strong></span> <span class='ocrx_word' id='word_1_116' title='bbox 1305 1156 1394 1194; x_wconf 87' lang='grc' dir='ltr'><strong><em>τρι-</em></strong></span> 
     </span>
     <span class='ocr_line' id='line_1_16' title="bbox 49 1206 1422 1264; baseline -0.003 -12"><span class='ocrx_word' id='word_1_117' title='bbox 49 1245 56 1251; x_wconf 76' lang='grc'><strong><em>,</em></strong></span> <span class='ocrx_word' id='word_1_118' title='bbox 120 1208 163 1252; x_wconf 86' lang='grc' dir='ltr'><strong><em>σὶ</em></strong></span> <span class='ocrx_word' id='word_1_119' title='bbox 192 1208 377 1264; x_wconf 80' lang='grc' dir='ltr'><strong><em>Κάδμον</em></strong></span> <span class='ocrx_word' id='word_1_120' title='bbox 403 1208 483 1252; x_wconf 78' lang='grc' dir='ltr'><strong><em>τόν</em></strong></span> <span class='ocrx_word' id='word_1_121' title='bbox 512 1208 725 1261; x_wconf 81' lang='grc' dir='ltr'><strong><em>Σκύθεω,</em></strong></span> <span class='ocrx_word' id='word_1_122' title='bbox 755 1207 897 1264; x_wconf 79' lang='grc' dir='ltr'><strong><em>ἄνδρα</em></strong></span> <span class='ocrx_word' id='word_1_123' title='bbox 920 1212 1067 1261; x_wconf 73' lang='grc' dir='ltr'><strong><em>Κῶον,</em></strong></span> <span class='ocrx_word' id='word_1_124' title='bbox 1100 1209 1142 1260; x_wconf 81' lang='grc' dir='ltr'><strong><em>ές</em></strong></span> <span class='ocrx_word' id='word_1_125' title='bbox 1168 1206 1422 1261; x_wconf 76' lang='grc' dir='ltr'><strong><em>Δελφούς,5</em></strong></span> 
     </span>
     <span class='ocr_line' id='line_1_17' title="bbox 121 1276 1391 1334; baseline -0.001 -15"><span class='ocrx_word' id='word_1_126' title='bbox 121 1276 273 1332; x_wconf 77' lang='grc' dir='ltr'><strong><em>ἔχοντα</em></strong></span> <span class='ocrx_word' id='word_1_127' title='bbox 299 1276 496 1333; x_wconf 83' lang='grc' dir='ltr'><strong><em>χρήματα</em></strong></span> <span class='ocrx_word' id='word_1_128' title='bbox 524 1278 664 1321; x_wconf 82' lang='grc' dir='ltr'><strong><em>πολλὰ</em></strong></span> <span class='ocrx_word' id='word_1_129' title='bbox 689 1278 762 1321; x_wconf 87' lang='grc' dir='ltr'><strong><em>καὶ</em></strong></span> <span class='ocrx_word' id='word_1_130' title='bbox 791 1279 969 1333; x_wconf 85' lang='grc' dir='ltr'><strong><em>φιλίους</em></strong></span> <span class='ocrx_word' id='word_1_131' title='bbox 997 1276 1167 1334; x_wconf 80' lang='grc' dir='ltr'><strong><em>λόγους,</em></strong></span> <span class='ocrx_word' id='word_1_132' title='bbox 1203 1277 1391 1330; x_wconf 83' lang='grc' dir='ltr'><strong><em>καραδο-</em></strong></span> 
     </span>
     <span class='ocr_line' id='line_1_18' title="bbox 0 1340 1393 1402; baseline -0.001 -13"><span class='ocrx_word' id='word_1_133' title='bbox 0 1362 14 1402; x_wconf 62' lang='lat'>3</span> <span class='ocrx_word' id='word_1_134' title='bbox 119 1344 313 1401; x_wconf 86' lang='grc' dir='ltr'><strong><em>κήσοντα</em></strong></span> <span class='ocrx_word' id='word_1_135' title='bbox 342 1345 420 1401; x_wconf 80' lang='grc' dir='ltr'><strong><em>τήν</em></strong></span> <span class='ocrx_word' id='word_1_136' title='bbox 448 1344 602 1401; x_wconf 80' lang='grc' dir='ltr'><strong><em>μάχην,</em></strong></span> <span class='ocrx_word' id='word_1_137' title='bbox 631 1340 660 1402; x_wconf 78' lang='grc' dir='ltr'><em>ᾗ</em></span> <span class='ocrx_word' id='word_1_138' title='bbox 689 1345 907 1390; x_wconf 86' lang='grc' dir='ltr'><strong><em>πεσέεται·</em></strong></span> <span class='ocrx_word' id='word_1_139' title='bbox 940 1345 1015 1391; x_wconf 87' lang='grc' dir='ltr'><strong><em>καὶ</em></strong></span> <span class='ocrx_word' id='word_1_140' title='bbox 1045 1344 1102 1402; x_wconf 77' lang='grc' dir='ltr'><strong><em>ἦν</em></strong></span> <span class='ocrx_word' id='word_1_141' title='bbox 1120 1342 1202 1402; x_wconf 77' lang='grc' dir='ltr'><strong><em>μὲν</em></strong></span> <span class='ocrx_word' id='word_1_142' title='bbox 1230 1343 1256 1388; x_wconf 92' lang='grc' dir='ltr'>ὁ</span> <span class='ocrx_word' id='word_1_143' title='bbox 1285 1342 1393 1401; x_wconf 80' lang='grc' dir='ltr'><strong><em>βάρ-</em></strong></span> 
     </span>
    </p>
   </div>
   <div class='ocr_carea' id='block_1_5' title="bbox 0 506 63 646">
    <p class='ocr_par' dir='ltr' id='par_1_6' title="bbox 0 506 63 646">
     <span class='ocr_line' id='line_1_19' title="bbox 0 506 42 573; baseline 0 0"><span class='ocrx_word' id='word_1_144' title='bbox 0 506 42 573; x_wconf 58' lang='lat' dir='ltr'><strong>ff</strong></span> 
     </span>
     <span class='ocr_line' id='line_1_20' title="bbox 0 599 63 646; baseline -0.032 0"><span class='ocrx_word' id='word_1_145' title='bbox 0 599 63 646; x_wconf 73' lang='lat'><strong><em>63</em></strong></span> 
     </span>
    </p>
   </div>
   <div class='ocr_carea' id='block_1_6' title="bbox 1405 537 1450 572">
    <p class='ocr_par' dir='ltr' id='par_1_7' title="bbox 1405 537 1450 572">
     <span class='ocr_line' id='line_1_21' title="bbox 1405 537 1450 572; baseline 0.044 -2"><span class='ocrx_word' id='word_1_146' title='bbox 1405 537 1450 572; x_wconf 84' lang='lat'><strong><em>95</em></strong></span> 
     </span>
    </p>
   </div>
   <div class='ocr_carea' id='block_1_7' title="bbox 66 1456 311 1464">
    <p class='ocr_par' dir='ltr' id='par_1_8' title="bbox 66 1456 311 1464">
     <span class='ocr_line' id='line_1_22' title="bbox 66 1456 311 1464; baseline 0 0"><span class='ocrx_word' id='word_1_147' title='bbox 66 1456 311 1464; x_wconf 95' lang='lat' dir='ltr'><strong><em> </em></strong></span> 
     </span>
    </p>
   </div>
   <div class='ocr_carea' id='block_1_8' title="bbox 58 1519 725 1915">
    <p class='ocr_par' dir='ltr' id='par_1_9' title="bbox 58 1519 725 1915">
     <span class='ocr_line' id='line_1_23' title="bbox 62 1519 725 1571; baseline -0.008 -11"><span class='ocrx_word' id='word_1_148' title='bbox 62 1521 131 1560; x_wconf 82' lang='lat' dir='ltr'><strong><em>vix</em></strong></span> <span class='ocrx_word' id='word_1_149' title='bbox 169 1523 217 1559; x_wconf 88' lang='lat' dir='ltr'><strong>ab</strong></span> <span class='ocrx_word' id='word_1_150' title='bbox 265 1519 463 1559; x_wconf 85' lang='lat' dir='ltr'><strong>Herodoto</strong></span> <span class='ocrx_word' id='word_1_151' title='bbox 513 1520 725 1571; x_wconf 83' lang='lat' dir='ltr'><strong>exspectari</strong></span> 
     </span>
     <span class='ocr_line' id='line_1_24' title="bbox 61 1578 723 1631; baseline -0.006 -15"><span class='ocrx_word' id='word_1_152' title='bbox 61 1580 192 1630; x_wconf 82' lang='lat' dir='ltr'><strong>possit.</strong></span> <span class='ocrx_word' id='word_1_153' title='bbox 232 1581 368 1631; x_wconf 88' lang='lat' dir='ltr'><strong>Neque</strong></span> <span class='ocrx_word' id='word_1_154' title='bbox 389 1586 520 1615; x_wconf 82' lang='lat' dir='ltr'><strong>tamen</strong></span> <span class='ocrx_word' id='word_1_155' title='bbox 541 1578 723 1614; x_wconf 79' lang='lat' dir='ltr'><strong>continuo</strong></span> 
     </span>
     <span class='ocr_line' id='line_1_25' title="bbox 60 1634 724 1684; baseline -0.008 -10"><span class='ocrx_word' id='word_1_156' title='bbox 60 1637 130 1674; x_wconf 83' lang='lat' dir='ltr'><strong>ista</strong></span> <span class='ocrx_word' id='word_1_157' title='bbox 170 1637 348 1673; x_wconf 85' lang='lat' dir='ltr'><strong>eiecerim</strong></span> <span class='ocrx_word' id='word_1_158' title='bbox 388 1649 409 1672; x_wconf 92' lang='lat' dir='ltr'><strong>e</strong></span> <span class='ocrx_word' id='word_1_159' title='bbox 449 1641 570 1682; x_wconf 79' lang='lat' dir='ltr'><strong>textu,</strong></span> <span class='ocrx_word' id='word_1_160' title='bbox 607 1634 724 1684; x_wconf 87' lang='lat' dir='ltr'><strong>probe</strong></span> 
     </span>
     <span class='ocr_line' id='line_1_26' title="bbox 62 1692 724 1744; baseline -0.006 -14"><span class='ocrx_word' id='word_1_161' title='bbox 62 1694 206 1740; x_wconf 88' lang='lat' dir='ltr'><strong>sciens,</strong></span> <span class='ocrx_word' id='word_1_162' title='bbox 247 1692 354 1730; x_wconf 85' lang='lat' dir='ltr'><strong>haud</strong></span> <span class='ocrx_word' id='word_1_163' title='bbox 382 1704 504 1744; x_wconf 87' lang='lat' dir='ltr'><strong>pauca</strong></span> <span class='ocrx_word' id='word_1_164' title='bbox 536 1692 578 1727; x_wconf 89' lang='lat' dir='ltr'><strong><em>in</em></strong></span> <span class='ocrx_word' id='word_1_165' title='bbox 599 1693 724 1727; x_wconf 84' lang='lat' dir='ltr'><strong>Hero-</strong></span> 
     </span>
     <span class='ocr_line' id='line_1_27' title="bbox 63 1748 724 1799; baseline -0.008 -12"><span class='ocrx_word' id='word_1_166' title='bbox 63 1749 145 1787; x_wconf 84' lang='lat' dir='ltr'><strong>doti</strong></span> <span class='ocrx_word' id='word_1_167' title='bbox 164 1748 266 1788; x_wconf 84' lang='lat' dir='ltr'><strong>libris</strong></span> <span class='ocrx_word' id='word_1_168' title='bbox 278 1757 425 1787; x_wconf 83' lang='lat' dir='ltr'><strong>exstare</strong></span> <span class='ocrx_word' id='word_1_169' title='bbox 437 1749 610 1796; x_wconf 70' lang='lat' dir='ltr'><strong>vulnera,</strong></span> <span class='ocrx_word' id='word_1_170' title='bbox 625 1760 724 1799; x_wconf 85' lang='lat' dir='ltr'><strong>quae</strong></span> 
     </span>
     <span class='ocr_line' id='line_1_28' title="bbox 59 1806 723 1858; baseline -0.006 -15"><span class='ocrx_word' id='word_1_171' title='bbox 59 1807 176 1844; x_wconf 85' lang='lat' dir='ltr'><strong>libros</strong></span> <span class='ocrx_word' id='word_1_172' title='bbox 215 1808 400 1858; x_wconf 82' lang='lat' dir='ltr'><strong>scriptos,</strong></span> <span class='ocrx_word' id='word_1_173' title='bbox 441 1806 570 1857; x_wconf 88' lang='lat' dir='ltr'><strong>quales</strong></span> <span class='ocrx_word' id='word_1_174' title='bbox 620 1817 723 1840; x_wconf 87' lang='lat' dir='ltr'><strong>nuuc</strong></span> 
     </span>
     <span class='ocr_line' id='line_1_29' title="bbox 58 1860 721 1915; baseline -0.006 -14"><span class='ocrx_word' id='word_1_175' title='bbox 58 1862 312 1915; x_wconf 84' lang='lat' dir='ltr'><strong>possidemus,</strong></span> <span class='ocrx_word' id='word_1_176' title='bbox 339 1864 455 1913; x_wconf 84' lang='lat' dir='ltr'><strong>longe</strong></span> <span class='ocrx_word' id='word_1_177' title='bbox 477 1860 721 1898; x_wconf 80' lang='lat' dir='ltr'><strong>antecedant.</strong></span> 
     </span>
    </p>
   </div>
   <div class='ocr_carea' id='block_1_9' title="bbox 251 1952 536 2004">
    <p class='ocr_par' dir='ltr' id='par_1_10' title="bbox 251 1952 536 2004">
     <span class='ocr_line' id='line_1_30' title="bbox 251 1952 536 2004; baseline 0.004 -14"><span class='ocrx_word' id='word_1_178' title='bbox 251 1953 344 2004; x_wconf 77' lang='lat' dir='ltr'><strong>Cap.</strong></span> <span class='ocrx_word' id='word_1_179' title='bbox 367 1952 536 1991; x_wconf 82' lang='lat' dir='ltr'><strong><em>chm.</em></strong></span> 
     </span>
    </p>
   </div>
   <div class='ocr_carea' id='block_1_10' title="bbox 59 2029 723 2817">
    <p class='ocr_par' dir='ltr' id='par_1_11' title="bbox 59 2029 723 2652">
     <span class='ocr_line' id='line_1_31' title="bbox 119 2029 719 2084; baseline -0.005 -12"><span class='ocrx_word' id='word_1_180' title='bbox 119 2029 477 2084; x_wconf 76' lang='grc' dir='ltr'><strong><em>χρηματισάμενοι]</em></strong></span> <span class='ocrx_word' id='word_1_181' title='bbox 502 2030 606 2068; x_wconf 84' lang='lat' dir='ltr'><strong>Conf</strong></span> <span class='ocrx_word' id='word_1_182' title='bbox 620 2037 719 2069; x_wconf 86' lang='lat' dir='ltr'><strong>nott.</strong></span> 
     </span>
     <span class='ocr_line' id='line_1_32' title="bbox 63 2085 722 2139; baseline -0.003 -14"><span class='ocrx_word' id='word_1_183' title='bbox 63 2086 113 2125; x_wconf 88' lang='lat' dir='ltr'><strong>ad</strong></span> <span class='ocrx_word' id='word_1_184' title='bbox 134 2091 200 2137; x_wconf 90' lang='lat'>111,</span> <span class='ocrx_word' id='word_1_185' title='bbox 241 2093 333 2131; x_wconf 83' lang='lat'><strong><em>118.</em></strong></span> <span class='ocrx_word' id='word_1_186' title='bbox 363 2111 420 2116; x_wconf 92' lang='lat'><strong><em>-—</em></strong></span> <span class='ocrx_word' id='word_1_187' title='bbox 458 2090 503 2124; x_wconf 90' lang='lat' dir='ltr'><strong><em>In</em></strong></span> <span class='ocrx_word' id='word_1_188' title='bbox 542 2101 635 2139; x_wconf 84' lang='lat' dir='ltr'><strong>seqq</strong></span> <span class='ocrx_word' id='word_1_189' title='bbox 674 2085 722 2124; x_wconf 86' lang='lat' dir='ltr'><strong>ad</strong></span> 
     </span>
     <span class='ocr_line' id='line_1_33' title="bbox 61 2143 723 2196; baseline 0.002 -14"><span class='ocrx_word' id='word_1_190' title='bbox 61 2152 291 2183; x_wconf 81' lang='lat' dir='ltr'><strong>structuram</strong></span> <span class='ocrx_word' id='word_1_191' title='bbox 302 2147 408 2184; x_wconf 82' lang='lat' dir='ltr'><strong>verbi</strong></span> <span class='ocrx_word' id='word_1_192' title='bbox 421 2143 723 2196; x_wconf 74' lang='grc' dir='ltr'><strong><em>’ὑπερβαλέσθαι</em></strong></span> 
     </span>
     <span class='ocr_line' id='line_1_34' title="bbox 61 2200 718 2242; baseline -0.002 -3"><span class='ocrx_word' id='word_1_193' title='bbox 61 2216 154 2239; x_wconf 88' lang='lat' dir='ltr'><strong><em>cum</em></strong></span> <span class='ocrx_word' id='word_1_194' title='bbox 188 2204 402 2242; x_wconf 75' lang='lat' dir='ltr'><strong>accusativo</strong></span> <span class='ocrx_word' id='word_1_195' title='bbox 444 2202 545 2239; x_wconf 86' lang='lat' dir='ltr'><strong>conf.</strong></span> <span class='ocrx_word' id='word_1_196' title='bbox 580 2200 718 2239; x_wconf 76' lang='lat' dir='ltr'><strong>Matth.</strong></span> 
     </span>
     <span class='ocr_line' id='line_1_35' title="bbox 59 2260 719 2309; baseline 0.003 -13"><span class='ocrx_word' id='word_1_197' title='bbox 59 2260 130 2296; x_wconf 88' lang='lat' dir='ltr'><strong><em>Gr.</em></strong></span> <span class='ocrx_word' id='word_1_198' title='bbox 151 2260 218 2297; x_wconf 86' lang='lat' dir='ltr'><strong><em>Gr.</em></strong></span> <span class='ocrx_word' id='word_1_199' title='bbox 238 2261 276 2306; x_wconf 62' lang='grc' dir='ltr'><strong><em>ξ.</em></strong></span> <span class='ocrx_word' id='word_1_200' title='bbox 309 2261 389 2302; x_wconf 78' lang='lat'><strong><em>358</em></strong></span> <span class='ocrx_word' id='word_1_201' title='bbox 417 2266 497 2298; x_wconf 86' lang='lat' dir='ltr'><strong>not.</strong></span> <span class='ocrx_word' id='word_1_202' title='bbox 530 2271 618 2309; x_wconf 85' lang='lat' dir='ltr'><strong>pag.</strong></span> <span class='ocrx_word' id='word_1_203' title='bbox 641 2260 719 2298; x_wconf 80' lang='lat'><strong><em>673</em></strong></span> 
     </span>
     <span class='ocr_line' id='line_1_36' title="bbox 62 2314 722 2368; baseline -0.006 -13"><span class='ocrx_word' id='word_1_204' title='bbox 62 2314 286 2355; x_wconf 82' lang='grc' dir='ltr'><strong><em>δυνὲωνται</em></strong></span> <span class='ocrx_word' id='word_1_205' title='bbox 318 2317 411 2366; x_wconf 85' lang='lat' dir='ltr'><strong>(ubi</strong></span> <span class='ocrx_word' id='word_1_206' title='bbox 442 2323 605 2368; x_wconf 88' lang='lat' dir='ltr'><strong>quatuor</strong></span> <span class='ocrx_word' id='word_1_207' title='bbox 636 2316 722 2352; x_wconf 83' lang='lat' dir='ltr'><strong>libri</strong></span> 
     </span>
     <span class='ocr_line' id='line_1_37' title="bbox 63 2368 720 2423; baseline -0.006 -11"><span class='ocrx_word' id='word_1_208' title='bbox 63 2368 293 2423; x_wconf 82' lang='grc' dir='ltr'><strong><em>δύνωνται)</em></strong></span> <span class='ocrx_word' id='word_1_209' title='bbox 323 2380 471 2410; x_wconf 87' lang='lat' dir='ltr'><strong>mutare</strong></span> <span class='ocrx_word' id='word_1_210' title='bbox 491 2374 610 2411; x_wconf 83' lang='lat' dir='ltr'><strong>nolui,</strong></span> <span class='ocrx_word' id='word_1_211' title='bbox 662 2372 720 2409; x_wconf 83' lang='lat' dir='ltr'><strong><em>Cf.</em></strong></span> 
     </span>
     <span class='ocr_line' id='line_1_38' title="bbox 63 2427 721 2478; baseline 0.003 -11"><span class='ocrx_word' id='word_1_212' title='bbox 63 2430 128 2478; x_wconf 87' lang='lat' dir='ltr'><strong><em>IV,</em></strong></span> <span class='ocrx_word' id='word_1_213' title='bbox 160 2432 214 2470; x_wconf 87' lang='lat'><strong><em>97</em></strong></span> <span class='ocrx_word' id='word_1_214' title='bbox 234 2437 272 2466; x_wconf 81' lang='lat' dir='ltr'><strong>et</strong></span> <span class='ocrx_word' id='word_1_215' title='bbox 293 2430 402 2467; x_wconf 86' lang='lat' dir='ltr'><strong>Suid.</strong></span> <span class='ocrx_word' id='word_1_216' title='bbox 432 2444 462 2467; x_wconf 91' lang='lat' dir='ltr'><strong>s.</strong></span> <span class='ocrx_word' id='word_1_217' title='bbox 494 2443 529 2469; x_wconf 81' lang='lat' dir='ltr'><strong><em>v.</em></strong></span> <span class='ocrx_word' id='word_1_218' title='bbox 562 2427 721 2469; x_wconf 83' lang='grc' dir='ltr'><strong><em>δείσαν-</em></strong></span> 
     </span>
     <span class='ocr_line' id='line_1_39' title="bbox 62 2486 720 2537; baseline -0.005 -12"><span class='ocrx_word' id='word_1_219' title='bbox 62 2501 126 2533; x_wconf 87' lang='grc' dir='ltr'><strong><em>τες</em></strong></span> <span class='ocrx_word' id='word_1_220' title='bbox 144 2488 163 2522; x_wconf 97' lang='grc' dir='ltr'>Ι</span> <span class='ocrx_word' id='word_1_221' title='bbox 183 2499 271 2537; x_wconf 86' lang='lat' dir='ltr'><strong>pag.</strong></span> <span class='ocrx_word' id='word_1_222' title='bbox 295 2486 390 2527; x_wconf 81' lang='lat'><strong>534.</strong></span> <span class='ocrx_word' id='word_1_223' title='bbox 430 2486 493 2523; x_wconf 88' lang='lat' dir='ltr'><strong><em>Ad</em></strong></span> <span class='ocrx_word' id='word_1_224' title='bbox 511 2500 623 2524; x_wconf 88' lang='lat' dir='ltr'><strong>usum</strong></span> <span class='ocrx_word' id='word_1_225' title='bbox 636 2499 720 2537; x_wconf 87' lang='lat' dir='ltr'><strong>par-</strong></span> 
     </span>
     <span class='ocr_line' id='line_1_40' title="bbox 65 2540 721 2582; baseline 0.002 -1"><span class='ocrx_word' id='word_1_226' title='bbox 65 2544 204 2581; x_wconf 88' lang='lat' dir='ltr'><strong>ticulae</strong></span> <span class='ocrx_word' id='word_1_227' title='bbox 234 2540 275 2582; x_wconf 83' lang='grc' dir='ltr'><strong><em>δὲ</em></strong></span> <span class='ocrx_word' id='word_1_228' title='bbox 306 2545 346 2579; x_wconf 90' lang='lat' dir='ltr'><strong><em>iu</em></strong></span> <span class='ocrx_word' id='word_1_229' title='bbox 374 2544 496 2580; x_wconf 85' lang='lat' dir='ltr'><strong>verbis</strong></span> <span class='ocrx_word' id='word_1_230' title='bbox 527 2542 550 2582; x_wconf 84' lang='grc' dir='ltr'>ὁ</span> <span class='ocrx_word' id='word_1_231' title='bbox 574 2543 622 2582; x_wconf 85' lang='grc' dir='ltr'><strong><em>δὲ</em></strong></span> <span class='ocrx_word' id='word_1_232' title='bbox 649 2540 721 2582; x_wconf 73' lang='grc' dir='ltr'><strong><em>ἅλ-</em></strong></span> 
     </span>
     <span class='ocr_line' id='line_1_41' title="bbox 66 2598 719 2652; baseline -0.005 -12"><span class='ocrx_word' id='word_1_233' title='bbox 66 2603 138 2651; x_wconf 83' lang='grc' dir='ltr'><strong><em>λης</em></strong></span> <span class='ocrx_word' id='word_1_234' title='bbox 171 2600 293 2652; x_wconf 81' lang='grc' dir='ltr'><strong><em>εἴχετο</em></strong></span> <span class='ocrx_word' id='word_1_235' title='bbox 328 2599 429 2639; x_wconf 86' lang='lat' dir='ltr'><strong>conf.</strong></span> <span class='ocrx_word' id='word_1_236' title='bbox 459 2606 553 2639; x_wconf 87' lang='lat' dir='ltr'><strong>nott.</strong></span> <span class='ocrx_word' id='word_1_237' title='bbox 590 2598 639 2636; x_wconf 88' lang='lat' dir='ltr'><strong>ad</strong></span> <span class='ocrx_word' id='word_1_238' title='bbox 674 2600 719 2647; x_wconf 89' lang='lat' dir='ltr'><strong><em>V,</em></strong></span> 
     </span>
    </p>

    <p class='ocr_par' dir='ltr' id='par_1_12' title="bbox 59 2709 720 2817">
     <span class='ocr_line' id='line_1_42' title="bbox 120 2709 720 2764; baseline -0.012 -11"><span class='ocrx_word' id='word_1_239' title='bbox 120 2713 280 2764; x_wconf 87' lang='grc' dir='ltr'><strong><em>φιλίους</em></strong></span> <span class='ocrx_word' id='word_1_240' title='bbox 302 2709 470 2764; x_wconf 82' lang='grc' dir='ltr'><strong><em>λόγους]</em></strong></span> <span class='ocrx_word' id='word_1_241' title='bbox 502 2711 659 2758; x_wconf 58' lang='lat' dir='ltr'><strong>Quibus,</strong></span> <span class='ocrx_word' id='word_1_242' title='bbox 689 2711 720 2747; x_wconf 87' lang='lat' dir='ltr'><strong><em>si</em></strong></span> 
     </span>
     <span class='ocr_line' id='line_1_43' title="bbox 59 2769 720 2817; baseline -0.002 -12"><span class='ocrx_word' id='word_1_243' title='bbox 59 2769 114 2807; x_wconf 82' lang='lat' dir='ltr'><strong><em>ita</em></strong></span> <span class='ocrx_word' id='word_1_244' title='bbox 134 2783 192 2808; x_wconf 86' lang='lat' dir='ltr'><strong><em>res</em></strong></span> <span class='ocrx_word' id='word_1_245' title='bbox 212 2770 337 2817; x_wconf 88' lang='lat' dir='ltr'><strong>ferret,</strong></span> <span class='ocrx_word' id='word_1_246' title='bbox 359 2771 516 2806; x_wconf 87' lang='lat' dir='ltr'><strong>Persam</strong></span> <span class='ocrx_word' id='word_1_247' title='bbox 535 2780 650 2816; x_wconf 78' lang='lat' dir='ltr'><strong>regem</strong></span> <span class='ocrx_word' id='word_1_248' title='bbox 660 2780 720 2804; x_wconf 87' lang='lat' dir='ltr'><strong>co-</strong></span> 
     </span>
    </p>
   </div>
   <div class='ocr_carea' id='block_1_11' title="bbox 776 1520 1446 2862">
    <p class='ocr_par' dir='ltr' id='par_1_13' title="bbox 777 1520 1446 2079">
     <span class='ocr_line' id='line_1_44' title="bbox 780 1520 1445 1571; baseline -0.002 -15"><span class='ocrx_word' id='word_1_249' title='bbox 780 1522 883 1557; x_wconf 81' lang='lat' dir='ltr'><strong>miter</strong></span> <span class='ocrx_word' id='word_1_250' title='bbox 935 1520 1174 1571; x_wconf 70' lang='lat' dir='ltr'><strong>alloqueretur</strong></span> <span class='ocrx_word' id='word_1_251' title='bbox 1225 1520 1445 1571; x_wconf 86' lang='lat' dir='ltr'><strong>Gelouique</strong></span> 
     </span>
     <span class='ocr_line' id='line_1_45' title="bbox 782 1577 1444 1623; baseline 0.006 -11"><span class='ocrx_word' id='word_1_252' title='bbox 782 1577 1012 1614; x_wconf 83' lang='lat' dir='ltr'><strong>conciliaret.</strong></span> <span class='ocrx_word' id='word_1_253' title='bbox 1083 1578 1149 1615; x_wconf 89' lang='lat' dir='ltr'><strong><em>Sic</em></strong></span> <span class='ocrx_word' id='word_1_254' title='bbox 1198 1577 1299 1623; x_wconf 84' lang='lat' dir='ltr'><strong>VIII,</strong></span> <span class='ocrx_word' id='word_1_255' title='bbox 1343 1578 1444 1616; x_wconf 87' lang='lat'>106:</span> 
     </span>
     <span class='ocr_line' id='line_1_46' title="bbox 782 1629 1446 1684; baseline -0.003 -11"><span class='ocrx_word' id='word_1_256' title='bbox 782 1632 888 1684; x_wconf 76' lang='grc' dir='ltr'><strong><em>ἔλεγε</em></strong></span> <span class='ocrx_word' id='word_1_257' title='bbox 909 1630 1011 1684; x_wconf 74' lang='grc' dir='ltr'><strong><em>πρὸς</em></strong></span> <span class='ocrx_word' id='word_1_258' title='bbox 1040 1630 1168 1674; x_wconf 71' lang='grc' dir='ltr'><strong><em>αὐτὸν</em></strong></span> <span class='ocrx_word' id='word_1_259' title='bbox 1185 1629 1358 1678; x_wconf 69' lang='grc' dir='ltr'><strong><em>πολλούς</em></strong></span> <span class='ocrx_word' id='word_1_260' title='bbox 1377 1631 1446 1672; x_wconf 82' lang='grc' dir='ltr'><strong><em>καὶ</em></strong></span> 
     </span>
     <span class='ocr_line' id='line_1_47' title="bbox 782 1685 1446 1742; baseline 0 -14"><span class='ocrx_word' id='word_1_261' title='bbox 782 1690 944 1739; x_wconf 80' lang='grc' dir='ltr'><strong><em>φιλίους</em></strong></span> <span class='ocrx_word' id='word_1_262' title='bbox 968 1685 1127 1742; x_wconf 81' lang='grc' dir='ltr'><strong><em>λόγους.</em></strong></span> <span class='ocrx_word' id='word_1_263' title='bbox 1187 1692 1364 1741; x_wconf 85' lang='lat' dir='ltr'><strong>Namque</strong></span> <span class='ocrx_word' id='word_1_264' title='bbox 1385 1689 1446 1728; x_wconf 86' lang='grc' dir='ltr'><strong><em>δι-</em></strong></span> 
     </span>
     <span class='ocr_line' id='line_1_48' title="bbox 782 1743 1444 1800; baseline -0.003 -15"><span class='ocrx_word' id='word_1_265' title='bbox 782 1748 956 1795; x_wconf 84' lang='grc' dir='ltr'><strong><em>φασίους</em></strong></span> <span class='ocrx_word' id='word_1_266' title='bbox 969 1743 1113 1800; x_wconf 81' lang='grc' dir='ltr'><strong><em>λόγους</em></strong></span> <span class='ocrx_word' id='word_1_267' title='bbox 1134 1747 1286 1797; x_wconf 85' lang='lat' dir='ltr'><strong>corrigi,</strong></span> <span class='ocrx_word' id='word_1_268' title='bbox 1307 1759 1444 1783; x_wconf 82' lang='lat' dir='ltr'><strong>neces-</strong></span> 
     </span>
     <span class='ocr_line' id='line_1_49' title="bbox 779 1801 1444 1854; baseline -0.003 -14"><span class='ocrx_word' id='word_1_269' title='bbox 779 1816 868 1840; x_wconf 88' lang='lat' dir='ltr'><strong>sum</strong></span> <span class='ocrx_word' id='word_1_270' title='bbox 896 1801 1001 1839; x_wconf 86' lang='lat' dir='ltr'><strong>haud</strong></span> <span class='ocrx_word' id='word_1_271' title='bbox 1022 1805 1196 1852; x_wconf 84' lang='lat' dir='ltr'><strong>arbitror,</strong></span> <span class='ocrx_word' id='word_1_272' title='bbox 1232 1805 1264 1840; x_wconf 87' lang='lat' dir='ltr'><strong><em>si</em></strong></span> <span class='ocrx_word' id='word_1_273' title='bbox 1285 1801 1444 1854; x_wconf 84' lang='lat' dir='ltr'><strong>quidem</strong></span> 
     </span>
     <span class='ocr_line' id='line_1_50' title="bbox 780 1859 1444 1897; baseline 0 -1"><span class='ocrx_word' id='word_1_274' title='bbox 780 1859 830 1896; x_wconf 89' lang='lat' dir='ltr'><strong>ad</strong></span> <span class='ocrx_word' id='word_1_275' title='bbox 851 1860 1040 1896; x_wconf 85' lang='lat' dir='ltr'><strong>amicitiae</strong></span> <span class='ocrx_word' id='word_1_276' title='bbox 1070 1861 1178 1896; x_wconf 85' lang='lat' dir='ltr'><strong>illam</strong></span> <span class='ocrx_word' id='word_1_277' title='bbox 1206 1859 1444 1897; x_wconf 82' lang='lat' dir='ltr'><strong>testificatio-</strong></span> 
     </span>
     <span class='ocr_line' id='line_1_51' title="bbox 777 1912 1443 1969; baseline 0.003 -17"><span class='ocrx_word' id='word_1_278' title='bbox 777 1929 870 1954; x_wconf 82' lang='lat' dir='ltr'><strong>nem</strong></span> <span class='ocrx_word' id='word_1_279' title='bbox 891 1913 1050 1956; x_wconf 77' lang='grc' dir='ltr'><strong><em>διδόναι</em></strong></span> <span class='ocrx_word' id='word_1_280' title='bbox 1073 1919 1151 1969; x_wconf 80' lang='grc' dir='ltr'><strong><em>γῆν</em></strong></span> <span class='ocrx_word' id='word_1_281' title='bbox 1175 1932 1217 1956; x_wconf 85' lang='grc' dir='ltr'><strong><em>τε</em></strong></span> <span class='ocrx_word' id='word_1_282' title='bbox 1238 1915 1306 1956; x_wconf 81' lang='grc' dir='ltr'><strong><em>καὶ</em></strong></span> <span class='ocrx_word' id='word_1_283' title='bbox 1331 1912 1443 1968; x_wconf 75' lang='grc' dir='ltr'><strong><em>ὕδωρ</em></strong></span> 
     </span>
     <span class='ocr_line' id='line_1_52' title="bbox 778 1973 1444 2025; baseline 0.002 -16"><span class='ocrx_word' id='word_1_284' title='bbox 778 1973 980 2010; x_wconf 85' lang='lat' dir='ltr'><strong>manifesto</strong></span> <span class='ocrx_word' id='word_1_285' title='bbox 1019 1974 1206 2025; x_wconf 80' lang='lat' dir='ltr'><strong>spectat‚“</strong></span> <span class='ocrx_word' id='word_1_286' title='bbox 1258 1973 1444 2011; x_wconf 72' lang='lat' dir='ltr'><strong>Wesse-</strong></span> 
     </span>
     <span class='ocr_line' id='line_1_53' title="bbox 779 2029 901 2079; baseline -0.008 -12"><span class='ocrx_word' id='word_1_287' title='bbox 779 2029 792 2067; x_wconf 87' lang='lat' dir='ltr'><em>l</em></span> <span class='ocrx_word' id='word_1_288' title='bbox 806 2031 821 2066; x_wconf 80' lang='lat' dir='ltr'><strong><em>i</em></strong></span> <span class='ocrx_word' id='word_1_289' title='bbox 829 2044 853 2067; x_wconf 86' lang='lat' dir='ltr'><em>n</em></span> <span class='ocrx_word' id='word_1_290' title='bbox 863 2043 901 2079; x_wconf 85' lang='lat' dir='ltr'><strong><em>g.</em></strong></span> 
     </span>
    </p>

    <p class='ocr_par' dir='ltr' id='par_1_14' title="bbox 776 2079 1442 2816">
     <span class='ocr_line' id='line_1_54' title="bbox 792 2079 1442 2143; baseline -0.005 -18"><span class='ocrx_word' id='word_1_291' title='bbox 792 2136 808 2143; x_wconf 85' lang='lat'><strong><em>..</em></strong></span> <span class='ocrx_word' id='word_1_292' title='bbox 838 2082 1168 2138; x_wconf 73' lang='grc' dir='ltr'><strong><em>καραδοκήσοντα</em></strong></span> <span class='ocrx_word' id='word_1_293' title='bbox 1189 2082 1264 2137; x_wconf 80' lang='grc' dir='ltr'><strong><em>τήν</em></strong></span> <span class='ocrx_word' id='word_1_294' title='bbox 1294 2079 1442 2135; x_wconf 69' lang='grc' dir='ltr'><strong><em>μάχην,</em></strong></span> 
     </span>
     <span class='ocr_line' id='line_1_55' title="bbox 779 2140 1440 2197; baseline -0.008 -15"><span class='ocrx_word' id='word_1_295' title='bbox 779 2144 805 2197; x_wconf 81' lang='grc' dir='ltr'>ᾑ</span> <span class='ocrx_word' id='word_1_296' title='bbox 827 2142 1032 2194; x_wconf 87' lang='grc' dir='ltr'><strong><em>πεσέεται]</em></strong></span> <span class='ocrx_word' id='word_1_297' title='bbox 1069 2144 1207 2193; x_wconf 82' lang='lat' dir='ltr'><strong>Attigit</strong></span> <span class='ocrx_word' id='word_1_298' title='bbox 1238 2140 1378 2179; x_wconf 82' lang='lat' dir='ltr'><strong>Suidas</strong></span> <span class='ocrx_word' id='word_1_299' title='bbox 1411 2155 1440 2178; x_wconf 90' lang='lat' dir='ltr'><strong>s.</strong></span> 
     </span>
     <span class='ocr_line' id='line_1_56' title="bbox 779 2197 1440 2251; baseline -0.003 -14"><span class='ocrx_word' id='word_1_300' title='bbox 779 2213 817 2238; x_wconf 84' lang='lat' dir='ltr'><strong><em>v.</em></strong></span> <span class='ocrx_word' id='word_1_301' title='bbox 840 2201 875 2236; x_wconf 88' lang='grc' dir='ltr'><strong><em>ΙΙ</em></strong></span> <span class='ocrx_word' id='word_1_302' title='bbox 892 2213 976 2251; x_wconf 84' lang='lat' dir='ltr'><strong>pag.</strong></span> <span class='ocrx_word' id='word_1_303' title='bbox 997 2199 1093 2241; x_wconf 81' lang='lat'><strong>241.</strong></span> <span class='ocrx_word' id='word_1_304' title='bbox 1134 2202 1264 2251; x_wconf 84' lang='lat' dir='ltr'><strong>Atque</strong></span> <span class='ocrx_word' id='word_1_305' title='bbox 1286 2197 1361 2235; x_wconf 87' lang='lat' dir='ltr'><strong><em>huc</em></strong></span> <span class='ocrx_word' id='word_1_306' title='bbox 1380 2205 1440 2235; x_wconf 85' lang='lat' dir='ltr'><strong><em>et-</em></strong></span> 
     </span>
     <span class='ocr_line' id='line_1_57' title="bbox 779 2256 1440 2308; baseline -0.003 -15"><span class='ocrx_word' id='word_1_307' title='bbox 779 2256 857 2293; x_wconf 88' lang='lat' dir='ltr'><strong><em>iam</em></strong></span> <span class='ocrx_word' id='word_1_308' title='bbox 877 2264 1048 2308; x_wconf 83' lang='lat' dir='ltr'><strong>spectare</strong></span> <span class='ocrx_word' id='word_1_309' title='bbox 1076 2257 1232 2295; x_wconf 87' lang='lat' dir='ltr'><strong>Timaei</strong></span> <span class='ocrx_word' id='word_1_310' title='bbox 1272 2256 1440 2305; x_wconf 82' lang='lat' dir='ltr'><strong>glossam</strong></span> 
     </span>
     <span class='ocr_line' id='line_1_58' title="bbox 778 2311 1440 2365; baseline -0.003 -14"><span class='ocrx_word' id='word_1_311' title='bbox 778 2315 818 2350; x_wconf 87' lang='lat' dir='ltr'><strong><em>in</em></strong></span> <span class='ocrx_word' id='word_1_312' title='bbox 839 2315 933 2351; x_wconf 86' lang='lat' dir='ltr'><strong>Lex.</strong></span> <span class='ocrx_word' id='word_1_313' title='bbox 958 2315 1058 2351; x_wconf 86' lang='lat' dir='ltr'><strong>Plat.</strong></span> <span class='ocrx_word' id='word_1_314' title='bbox 1082 2328 1120 2365; x_wconf 89' lang='lat' dir='ltr'><strong><em>p.</em></strong></span> <span class='ocrx_word' id='word_1_315' title='bbox 1155 2314 1235 2354; x_wconf 79' lang='lat'><strong><em>152</em></strong></span> <span class='ocrx_word' id='word_1_316' title='bbox 1267 2311 1440 2363; x_wconf 83' lang='grc' dir='ltr'><strong><em>καραδο-</em></strong></span> 
     </span>
     <span class='ocr_line' id='line_1_59' title="bbox 777 2363 1439 2423; baseline -0.006 -13"><span class='ocrx_word' id='word_1_317' title='bbox 777 2374 884 2410; x_wconf 82' lang='grc' dir='ltr'><strong><em>κεῖν·</em></strong></span> <span class='ocrx_word' id='word_1_318' title='bbox 915 2367 960 2410; x_wconf 78' lang='grc' dir='ltr'><em>τό</em></span> <span class='ocrx_word' id='word_1_319' title='bbox 981 2373 1052 2410; x_wconf 87' lang='grc' dir='ltr'><strong><em>τοῦ</em></strong></span> <span class='ocrx_word' id='word_1_320' title='bbox 1064 2368 1295 2423; x_wconf 75' lang='grc' dir='ltr'><strong><em>πράγματος</em></strong></span> <span class='ocrx_word' id='word_1_321' title='bbox 1313 2363 1439 2417; x_wconf 74' lang='grc' dir='ltr'><strong><em>κεφά-</em></strong></span> 
     </span>
     <span class='ocr_line' id='line_1_60' title="bbox 777 2424 1438 2478; baseline -0.008 -11"><span class='ocrx_word' id='word_1_322' title='bbox 777 2430 892 2468; x_wconf 86' lang='grc' dir='ltr'><strong><em>λαιον</em></strong></span> <span class='ocrx_word' id='word_1_323' title='bbox 909 2427 1102 2478; x_wconf 79' lang='grc' dir='ltr'><strong><em>ἐπιζητεῖν</em></strong></span> <span class='ocrx_word' id='word_1_324' title='bbox 1124 2425 1190 2465; x_wconf 85' lang='grc' dir='ltr'><strong><em>καὶ</em></strong></span> <span class='ocrx_word' id='word_1_325' title='bbox 1208 2424 1438 2466; x_wconf 77' lang='grc' dir='ltr'><strong><em>ἐπισκοπεῖν</em></strong></span> 
     </span>
     <span class='ocr_line' id='line_1_61' title="bbox 777 2480 1436 2538; baseline -0.011 -14"><span class='ocrx_word' id='word_1_326' title='bbox 777 2480 855 2538; x_wconf 69' lang='grc' dir='ltr'><strong><em>ὅπῃ</em></strong></span> <span class='ocrx_word' id='word_1_327' title='bbox 877 2481 1041 2537; x_wconf 78' lang='grc' dir='ltr'><strong><em>χωρήσῃ</em></strong></span> <span class='ocrx_word' id='word_1_328' title='bbox 1073 2490 1201 2521; x_wconf 88' lang='lat' dir='ltr'><strong>censet</strong></span> <span class='ocrx_word' id='word_1_329' title='bbox 1229 2480 1436 2519; x_wconf 81' lang='lat' dir='ltr'><strong>Ruhnken.</strong></span> 
     </span>
     <span class='ocr_line' id='line_1_62' title="bbox 777 2538 1436 2579; baseline -0.005 0"><span class='ocrx_word' id='word_1_330' title='bbox 777 2541 878 2579; x_wconf 89' lang='lat' dir='ltr'><strong>Add.</strong></span> <span class='ocrx_word' id='word_1_331' title='bbox 908 2542 1039 2578; x_wconf 81' lang='lat' dir='ltr'><strong>Iacobs</strong></span> <span class='ocrx_word' id='word_1_332' title='bbox 1068 2540 1116 2578; x_wconf 79' lang='lat' dir='ltr'><strong>ad</strong></span> <span class='ocrx_word' id='word_1_333' title='bbox 1148 2539 1295 2576; x_wconf 73' lang='lat' dir='ltr'><strong>Aelian.</strong></span> <span class='ocrx_word' id='word_1_334' title='bbox 1318 2539 1364 2574; x_wconf 92' lang='lat' dir='ltr'><strong><em>N.</em></strong></span> <span class='ocrx_word' id='word_1_335' title='bbox 1386 2538 1436 2576; x_wconf 82' lang='lat' dir='ltr'><strong><em>A.</em></strong></span> 
     </span>
     <span class='ocr_line' id='line_1_63' title="bbox 776 2590 1436 2651; baseline -0.009 -16"><span class='ocrx_word' id='word_1_336' title='bbox 776 2600 914 2646; x_wconf 85' lang='lat'><strong>111‚16.</strong></span> <span class='ocrx_word' id='word_1_337' title='bbox 932 2596 1043 2643; x_wconf 76' lang='lat' dir='ltr'><strong>Quod</strong></span> <span class='ocrx_word' id='word_1_338' title='bbox 1054 2609 1144 2634; x_wconf 85' lang='lat' dir='ltr'><strong>vero</strong></span> <span class='ocrx_word' id='word_1_339' title='bbox 1156 2590 1183 2651; x_wconf 72' lang='grc' dir='ltr'><em>ᾗ</em></span> <span class='ocrx_word' id='word_1_340' title='bbox 1194 2595 1255 2632; x_wconf 87' lang='lat' dir='ltr'><strong>vel</strong></span> <span class='ocrx_word' id='word_1_341' title='bbox 1266 2595 1304 2631; x_wconf 87' lang='lat' dir='ltr'><strong><em>in</em></strong></span> <span class='ocrx_word' id='word_1_342' title='bbox 1315 2595 1363 2643; x_wconf 80' lang='grc' dir='ltr'><strong><em>τῆ</em></strong></span> <span class='ocrx_word' id='word_1_343' title='bbox 1374 2593 1436 2629; x_wconf 76' lang='lat' dir='ltr'><strong><em>vel</em></strong></span> 
     </span>
     <span class='ocr_line' id='line_1_64' title="bbox 776 2651 1435 2708; baseline -0.009 -17"><span class='ocrx_word' id='word_1_344' title='bbox 776 2656 815 2692; x_wconf 85' lang='lat' dir='ltr'><strong><em>iu</em></strong></span> <span class='ocrx_word' id='word_1_345' title='bbox 829 2657 881 2708; x_wconf 80' lang='grc' dir='ltr'><strong><em>κῇ</em></strong></span> <span class='ocrx_word' id='word_1_346' title='bbox 894 2652 1125 2692; x_wconf 82' lang='lat' dir='ltr'><strong>mutandum</strong></span> <span class='ocrx_word' id='word_1_347' title='bbox 1138 2651 1284 2689; x_wconf 85' lang='lat' dir='ltr'><strong>censuit</strong></span> <span class='ocrx_word' id='word_1_348' title='bbox 1296 2651 1435 2687; x_wconf 86' lang='lat' dir='ltr'><strong>Struve</strong></span> 
     </span>
     <span class='ocr_line' id='line_1_65' title="bbox 778 2706 1434 2762; baseline -0.009 -14"><span class='ocrx_word' id='word_1_349' title='bbox 778 2712 890 2762; x_wconf 84' lang='lat' dir='ltr'><strong>Spec.</strong></span> <span class='ocrx_word' id='word_1_350' title='bbox 913 2713 930 2747; x_wconf 89' lang='grc' dir='ltr'>Ι</span> <span class='ocrx_word' id='word_1_351' title='bbox 958 2722 1046 2761; x_wconf 83' lang='lat' dir='ltr'><strong>pag.</strong></span> <span class='ocrx_word' id='word_1_352' title='bbox 1069 2713 1134 2750; x_wconf 79' lang='lat'><strong><em>31.</em></strong></span> <span class='ocrx_word' id='word_1_353' title='bbox 1158 2711 1224 2754; x_wconf 81' lang='lat'><strong><em>32,</em></strong></span> <span class='ocrx_word' id='word_1_354' title='bbox 1253 2706 1434 2758; x_wconf 86' lang='lat' dir='ltr'><strong>idemque</strong></span> 
     </span>
     <span class='ocr_line' id='line_1_66' title="bbox 777 2762 1434 2816; baseline -0.008 -12"><span class='ocrx_word' id='word_1_355' title='bbox 777 2768 857 2804; x_wconf 79' lang='lat' dir='ltr'><strong>fieri</strong></span> <span class='ocrx_word' id='word_1_356' title='bbox 876 2767 958 2805; x_wconf 84' lang='lat' dir='ltr'><strong>vult</strong></span> <span class='ocrx_word' id='word_1_357' title='bbox 977 2767 1059 2814; x_wconf 90' lang='lat' dir='ltr'>VII,</span> <span class='ocrx_word' id='word_1_358' title='bbox 1076 2767 1165 2811; x_wconf 80' lang='lat'><strong>168,</strong></span> <span class='ocrx_word' id='word_1_359' title='bbox 1189 2762 1370 2816; x_wconf 80' lang='lat' dir='ltr'><strong>equidem</strong></span> <span class='ocrx_word' id='word_1_360' title='bbox 1389 2763 1434 2801; x_wconf 83' lang='lat' dir='ltr'><strong><em>li-</em></strong></span> 
     </span>
    </p>

    <p class='ocr_par' dir='ltr' id='par_1_15' title="bbox 1055 2817 1157 2862">
     <span class='ocr_line' id='line_1_67' title="bbox 1055 2817 1157 2862; baseline -0.01 0"><span class='ocrx_word' id='word_1_361' title='bbox 1055 2821 1108 2862; x_wconf 82' lang='lat'><strong><em>44</em></strong></span> <span class='ocrx_word' id='word_1_362' title='bbox 1132 2817 1157 2841; x_wconf 42' lang='grc' dir='ltr'>ᾗ</span> 
     </span>
    </p>
   </div>
  </div>
 </body>
</html>
