1789 3258
391 233 872 273 POLYMNIA.
930 236 1026 273 VII.

71 343 202 400 λόγος
228 342 316 387 ἐστὶ
335 340 383 385 τό
413 342 604 386 παλαιόν
636 340 748 387 εἶναι
771 345 940 401 λίμνην,
972 344 1080 388 ὥστε
1109 360 1157 401 γε
1181 357 1329 402 συγκε-

1252 240 1336 280 62ῒ

42 411 335 468 Ξκληϊσμένην
370 410 592 455 πάντοθεν
637 410 906 467 ὑπερμήκεσι
946 412 1108 466 οὔρεσι.
1167 415 1220 458 τὰ
1257 415 1338 471 μὲν

68 480 153 535 γὰρ
183 476 315 534 αὐτῆς
352 478 463 533 πρός
499 478 578 535 τὴν
616 478 682 535 ἠῶ
712 480 864 535 ἔχοντα
893 480 944 524 τό
981 497 1026 525 τε
1058 480 1230 538 Πήλιον
1260 478 1335 527 οὗ-

69 563 147 602 ρος
176 547 249 590 καὶ
278 544 305 602 ἡ
332 545 479 591 ’Όσσα
511 547 743 606 ἀποκλῄει,
782 551 1081 605 συμμίσγοντα
1109 549 1187 601 τοὶς
1216 549 1336 594 ὑπω-

9 758 150 808 colligit
169 755 402 794 Dahlmann.
422 756 462 792 in
484 756 669 796 Herodot.

11 827 99 866 pag.
112 814 164 854 59
185 815 272 851 coll.
288 814 448 851 Rennel.
467 827 554 864 pag.
576 816 669 862 298,

8 869 248 908 Herodotum
270 872 396 922 ipsum
426 871 669 921 perlustrasse

9 926 248 965 Thessaliam
278 929 480 979 ipsumque
500 926 567 964 has
583 927 670 964 fau-

9 998 70 1022 ces
100 986 323 1036 inspexisse.
389 986 447 1020 De
481 984 671 1022 Thessalici

8 1042 116 1093 plura
145 1043 334 1093 congessit
369 1040 600 1078 Tzschucke
621 1040 670 1078 ad

7 1099 97 1139 Mel.
131 1100 179 1146 ΙΙ,
201 1102 226 1139 3
250 1101 285 1145 ξ.
308 1097 334 1138 4
353 1111 442 1149 pag.
473 1101 549 1138 191
573 1105 668 1135 nott.

7 1168 145 1205 exegg.
203 1156 326 1192 Verba
358 1168 464 1207 seqq.
496 1151 595 1193 ὥστε
625 1169 668 1206 γε

8 1211 374 1267 σνγκεκλῃϊσμένην
406 1227 443 1251 κ.
464 1227 496 1250 τ,
521 1215 553 1250 λ.
578 1213 669 1248 atti-

6 1270 62 1320 git
90 1268 222 1306 Schol.
250 1270 433 1320 Apollon.
454 1267 580 1306 Rhod.
600 1270 666 1318 III,

10 1324 132 1367 1085.
443 1374 459 1381 „

60 1379 107 1421 τό
143 1396 184 1420 τε
215 1377 374 1432 Πήλιον
407 1382 530 1431 οὖρος
550 1379 618 1420 καὶ
640 1380 669 1432 η’

0 1434 153 1487 ”Οσσα]
177 1439 268 1475 Ossa
288 1451 399 1475 mons
420 1439 585 1489 Olympo
606 1452 669 1475 re-

3 1494 166 1546 spondet
194 1507 216 1531 a
244 1494 417 1543 meridie,
440 1496 570 1531 Peneo
591 1495 667 1532 flu—

3 1553 65 1589 vio
85 1553 345 1589 interiacente.
384 1553 419 1588 A
436 1565 512 1604 quo
532 1560 667 1589 monte

3 1610 71 1662 qui
88 1608 289 1646 meridiem
308 1622 437 1647 versus
455 1608 606 1646 modice
618 1608 667 1646 ad

3 1667 190 1704 orientem
217 1665 307 1702 flexi
334 1665 498 1703 tendunt
516 1673 667 1704 montes

4 1721 53 1760 ad
83 1724 323 1774 Pegasaeum
351 1723 478 1759 sinum
498 1723 538 1759 in
558 1736 666 1760 mare

2 1786 283 1830 procurrentes,
299 1779 395 1817 Pelii
402 1781 560 1816 nomine
573 1781 666 1817 olim

3 1835 270 1874 indicabantur
298 1844 334 1874 et
372 1838 445 1887 ipsi
481 1838 664 1886 altissimi,

2 1905 105 1930 nunc
144 1894 287 1943 cogniti
315 1894 473 1930 nomine
495 1894 664 1942 Zagora.

2 1948 89 1988 Vid.
136 1948 360 1986 Dicaearch.
406 1950 446 1985 in
486 1950 664 1986 Creuzeri

1 2006 149 2042 Melett.
171 2007 225 2041 111
244 2019 281 2056 p.
306 2007 383 2045 199
404 2019 483 2058 seq.
505 2007 603 2043 Gail.
623 2008 662 2042 in

3 2063 146 2112 Geogr.
177 2063 242 2100 Gr.
273 2062 394 2099 minu.
415 2063 451 2098 II
470 2075 559 2113 pag.
584 2061 663 2103 140

2 2117 224 2156 Tzschuck.
258 2117 306 2155 ad
340 2119 430 2157 Mel.
460 2120 506 2165 ΙΙ,
530 2122 553 2159 3
577 2119 614 2164 §.
637 2122 665 2160 2

2 2188 90 2226 pag.
114 2178 193 2216 173
211 2188 294 2226 seq.
320 2175 510 2213 Mannert.
535 2176 604 2211 VII
624 2189 663 2226 p.

4 2231 99 2273 593.
156 2231 273 2283 Apud
320 2231 508 2269 Dodwell.
552 2232 663 2269 Reise

4 2285 42 2325 d.
62 2287 216 2326 Griech.
235 2290 283 2336 11,
308 2291 326 2328 1
353 2302 413 2338 cp.
439 2291 489 2330 19
518 2302 557 2339 p.
583 2292 661 2329 173

4 2357 99 2383 vers.
137 2358 289 2383 vernae.
328 2358 504 2392 mvemo,
557 2358 662 2382 nunc

4 2409 175 2439 montem
194 2401 322 2439 vocari
340 2401 498 2450 Plesnz'd,
519 2409 584 2438 aut
605 2409 664 2439 et-

4 2458 81 2495 iam
116 2465 290 2495 montem
335 2457 465 2496 Sancti
501 2459 661 2506 Georgii.

7 2512 99 2552 Ossa
125 2527 237 2552 mons
262 2527 365 2550 nuuc
397 2522 557 2552 vocatur
576 2515 663 2552 Kis-

5 2583 81 2608 εουο
101 2569 146 2619 (ό
168 2571 402 2620 Κίσσαβος).
449 2570 535 2610 Vid.
557 2572 663 2608 Vau-

7 2624 203 2665 «toncourt.
232 2627 257 2665 l.
288 2627 313 2664 l.
343 2639 428 2677 pag.
452 2630 534 2668 300
553 2641 659 2680 seqq.

7 2683 98 2724 309.
128 2685 210 2725 338
242 2682 348 2731 (coll.
379 2681 566 2720 Dodwell.
587 2685 660 2721 l.1.

6 2749 42 2788 P·
74 2741 166 2781 188.
195 2740 312 2787 192),
343 2739 410 2775 ubi
438 2738 662 2790 adspectum

7 2796 184 2844 praebere
205 2795 342 2833 dicitur
368 2796 431 2832 ille
450 2808 562 2833 mons
580 2796 663 2834 lae-

6 2849 201 2902 tissimum,
222 2853 376 2905 qualem
385 2852 582 2890 Helvetiae
591 2853 664 2890 Al-

727 770 793 807 pes
812 757 1008 807 praebent,
1059 756 1200 795 Pindus
1235 761 1390 811 proprie

727 814 757 850 is
774 813 911 850 dicitur
925 827 1051 861 mons,
1072 816 1139 866 qui
1152 815 1392 855 Thessaliam

728 871 774 906 ab
797 870 994 907 occidente
1015 872 1184 922 cingens,
1209 886 1389 912 occasum

726 941 855 964 versus
876 929 1013 965 emittit
1036 928 1225 966 Ceraunios
1240 939 1390 971 montes

727 983 774 1020 ad
796 986 957 1035 Epirum
985 998 1106 1037 usque
1140 993 1178 1023 et
1207 1000 1314 1025 oram
1334 989 1389 1025 Il-

727 1041 909 1092 lyricam,
945 1043 1132 1079 orientem
1156 1057 1285 1082 versus
1315 1059 1387 1082 au-

725 1105 804 1134 tem
836 1112 898 1135 eos
919 1106 1089 1147 montes,
1120 1102 1186 1152 qui
1205 1101 1390 1140 Macedo-

726 1156 833 1191 niam
872 1169 893 1191 a
934 1156 1132 1194 Thessalia
1172 1167 1387 1209 separantes

729 1212 877 1262 Olympi
887 1214 1141 1263 appellatione
1153 1217 1269 1266 vulgo
1281 1230 1392 1253 com-

726 1267 1017 1319 prehenduntur
1036 1299 1045 1317 ,
1106 1283 1222 1322 quem
1275 1274 1392 1323 igitur

724 1326 851 1375 ipsum
894 1334 1069 1363 montem
1109 1335 1210 1364 recte
1251 1328 1391 1368 dixeris

725 1381 840 1419 Pindi
871 1391 1032 1433 partem.
1090 1385 1202 1422 Nunc
1232 1393 1391 1424 vocatur

725 1439 915 1490 Agrapha.
981 1441 1046 1478 Tu
1084 1440 1162 1478 vid.
1197 1443 1389 1482 Mannert.

725 1496 795 1532 VII
809 1510 848 1546 p.
871 1496 953 1538 574
981 1510 1088 1550 seqq.
1119 1499 1241 1536 Kruse
1258 1501 1388 1539 Hellas

722 1553 740 1588 I
771 1565 859 1603 pag.
880 1556 957 1595 281
991 1568 1071 1607 seq.
1101 1554 1389 1598 Vandoncourt.

723 1610 746 1646 l.
767 1611 793 1648 l.
816 1622 904 1660 pag.
933 1612 1041 1651 338..
1064 1611 1254 1650 Dodwell.
1285 1615 1386 1655 Reis,

724 1665 760 1703 d.
792 1664 944 1705 Griech.
973 1669 1021 1715 ΙΙ,
1046 1670 1065 1708 1
1091 1682 1152 1719 cp.
1176 1671 1225 1710 18
1246 1684 1284 1721 p.
1307 1669 1387 1713 145

722 1736 817 1761 vers.
829 1736 995 1772 vernac.,
1019 1725 1084 1776 qui
1099 1725 1268 1763 Pindum
1283 1741 1388 1765 nunc

724 1778 798 1816 dici
817 1781 945 1817 scribit
957 1778 1162 1832 Μειζόβου
1175 1782 1222 1821 τοὶ
1242 1784 1386 1835 βοῦνα.

724 1836 859 1887 Othrys
896 1850 1008 1874 mons
1039 1851 1060 1873 e
1087 1838 1212 1876 Pindo
1242 1846 1279 1876 et
1304 1841 1386 1891 ipse

722 1906 900 1940 exorsus,
959 1896 1133 1944 quamvis
1174 1895 1300 1933 Pindo
1347 1904 1385 1934 et

722 1949 886 2000 Olympo
906 1950 1062 1987 inferior
1091 1951 1312 2001 altitudine,
1335 1952 1384 1991 ad

720 2006 956 2056 Magnesiam
994 2019 1137 2058 usque,
1187 2010 1254 2045 ubi
1292 2023 1383 2048 cum

722 2063 828 2098 Pelio
876 2064 1146 2113 coniungitur,
1186 2073 1382 2116 porrectus

721 2117 983 2156 Phthiotidem
994 2122 1203 2171 regionem,
1222 2124 1282 2160 cui
1295 2124 1382 2161 vul·

720 2188 769 2225 go
786 2183 1020 2225 accensetur,
1033 2186 1181 2229 separat
1193 2192 1213 2215 a
1234 2181 1382 2232 reliqua

720 2231 930 2280 Thessalia,
960 2246 1078 2285 quam
1097 2248 1118 2272 a
1139 2236 1298 2274 meridie
1318 2238 1381 2274 in-

719 2288 852 2326 cludit.
908 2292 1019 2327 Nunc
1050 2304 1071 2328 a
1105 2293 1189 2330 vico
1211 2292 1381 2345 quodam

721 2345 918 2383 adiacente
940 2355 1099 2385 vocatur
1128 2350 1242 2390 Gara.
1292 2350 1380 2389 Vid.

718 2404 905 2444 Mannert,
918 2405 987 2440 VII
997 2418 1022 2455 p
1049 2404 1143 2446 580.
1156 2407 1380 2445 KruseHel-

719 2460 772 2497 las
791 2461 809 2496 I
825 2474 862 2510 p.
884 2459 979 2501 284.

776 2515 1048 2569 συμμίσγοντα
1076 2514 1146 2565 τοὶς
1175 2517 1378 2572 ’ὑπωρείας

719 2567 948 2622 ἀλλήλοισι]
981 2570 1050 2620 wig
1081 2572 1284 2626 ὑπωρείας
1311 2590 1378 2614 ra·

719 2629 812 2666 dices
828 2637 938 2667 vocat
958 2632 1161 2679 montium,
1181 2639 1223 2668 ut
1236 2634 1266 2678 Ι,
1284 2634 1377 2679 110,

717 2686 783 2723 ubi
803 2686 880 2728 vid.
902 2693 999 2724 nott.
1042 2709 1099 2716 —-
1127 2689 1171 2724 In
1192 2701 1298 2739 seqq.
1327 2689 1377 2724 li-

717 2742 803 2779 bros
843 2743 999 2794 scriptos
1039 2750 1188 2780 secutus
1219 2743 1377 2781 exhibui

707 2794 925 2848 ”Ολ,υμπος,
936 2800 1002 2835 ubi
1013 2799 1129 2848 vulgo
1143 2796 1373 2850 Οὕλυμπος,

719 2854 824 2906 quod
855 2855 1027 2908 quamvis
1051 2868 1131 2892 non
1150 2856 1373 2908 improban-

994 2907 1096 2950 40*

1396 346 1460 376 eius
1479 348 1551 378 olim
1577 351 1666 388 aquis

1393 390 1502 410 mersa.
