1851 3181
101 583 225 610 Refecti
238 587 354 618 pontes.

100 617 217 679 {psum
235 620 372 645 constru-

433 273 518 313 496

834 269 1298 309 HERODOTI

406 386 427 420 5
440 379 650 436 ,,ἇλμυρῳ
691 381 916 435 ποταμῴ.“
980 376 1075 434 Τήν
1114 395 1158 422 τε
1196 377 1249 434 δὴ
1286 377 1516 423 θάλασσαν
1545 379 1704 424 ἐνετέλ-

435 452 530 490 λετο
552 445 747 489 τούτοισι
771 449 966 502 ζημιοῦν,
998 447 1070 490 καὶ
1099 450 1189 490 τῶν
1215 447 1487 491 ἐπεστεώτων
1516 452 1569 506 τῇ
1588 450 1729 500 ζεύξι1

307 520 373 564 36
432 518 516 558 τοῦ
537 512 862 570 Ἑλλησπόντου
893 513 1133 571 ἀποταμεῖν
1165 513 1243 565 τοὶς
1282 515 1492 571 κεφαλάς.
1551 517 1637 559 Καὶ
1661 517 1705 559 οἱ

429 581 509 637 μὲν
547 584 686 624 ταῦτα
716 581 888 625 ἐποίεον
916 587 1029 626 τοῖσι
1067 582 1322 639 προσεκέετο
1357 583 1467 639 αὕτη
1496 581 1523 639 ἡ
1554 583 1706 639 ἄχαρις
1761 604 1838 646 527

409 647 560 704 Ξτιμή.
593 649 669 699 τοὶς
700 649 746 718 6}
777 648 902 693 ἄλλοι
925 649 1224 706 ἀρχιτέκτονες
1262 650 1544 707 ἐζεύγνυσαν·
1587 651 1733 704 {geo-5

432 727 604 773 γνυσαν
634 717 679 760 δὲ
703 718 800 762 ὦδε.
843 718 1229 775 Πεντηκοντέρους
1259 721 1335 763 καὶ
1363 719 1565 776 τριήρεας
1596 730 1706 762 συν-

377 892 554 931 Eustath.
576 892 624 930 acl
645 894 802 931 Homer.
824 893 867 931 Il.
889 907 926 945 p.
948 894 1043 942 359,

377 953 404 992 9
419 965 449 990 s.
467 954 543 992 271
567 950 635 989 fin.

436 1003 656 1059 ἀποταμεῖν
667 1003 945 1055 τοέςκεφαλᾶς]
959 1008 1043 1044 Hoc

378 1065 419 1101 in
459 1063 736 1102 honestioribus
772 1063 876 1115 apud
909 1065 1043 1100 Persas

378 1123 570 1172 suppliciis
608 1120 783 1157 habitum
826 1133 928 1168 esse,
965 1133 1042 1172 quo

382 1179 452 1216 viri
487 1179 690 1215 nobiliores
727 1178 955 1229 plerumque
998 1190 1041 1214 ac

380 1234 565 1285 dignitate
595 1233 762 1286 quadam
789 1233 950 1284 praediti
983 1234 1043 1269 af-

379 1291 626 1338 ficiebantur,
648 1292 757 1341 plura
777 1289 917 1327 docent
934 1291 1044 1327 testi-

379 1350 513 1385 monia
542 1349 759 1399 ipsumque,
799 1348 948 1398 opinor,
971 1360 1044 1384 vo—

381 1406 563 1442 cabulum
599 1401 697 1455 τιμή
735 1403 782 1440 de
822 1403 1045 1440 carnificum

379 1461 506 1499 officio
533 1473 628 1498 mox
656 1459 884 1497 adhibitum.
934 1461 1046 1498 Conf-

378 1525 475 1557 nott.
499 1517 547 1555 ad
577 1518 723 1554 Ctesiae
752 1517 932 1567 sragmm.
954 1530 1043 1568 pag.

384 1577 476 1615 102.
504 1577 599 1616 208.
658 1572 769 1610 Unde
798 1586 878 1610 non
899 1587 1046 1622 omnes,

381 1632 447 1683 qui
458 1632 565 1682 ponti
575 1630 755 1668 struendo
768 1631 912 1681 operati
924 1638 1041 1679 erant,

379 1687 448 1725 sed
488 1689 609 1739 operis
648 1687 857 1738 praefectos
893 1694 1044 1724 tantum

381 1745 525 1782 occisos
545 1758 624 1781 esse
645 1743 814 1781 credam.
870 1744 921 1781 Et
940 1745 1044 1782 conf.

381 1814 536 1855 quoque
557 1802 658 1851 VIII,
682 1802 749 1842 90.
775 1802 868 1842 118·

569 1925 662 1977 cap.
683 1924 867 1962 XXXVI.

438 2024 469 2078 ἦ
500 2023 638 2078 ὅῖχαρις
672 2022 796 2078 τιμὴ]
836 2026 864 2063 i.
886 2039 921 2063 e.
942 2027 1044 2064 triste

381 2097 529 2130 munus,
570 2083 739 2134 officium.
810 2082 919 2120 Conf.
956 2083 1040 2131 VH,

385 2143 465 2181 190
508 2137 647 2192 ἄχαρις
675 2136 864 2190 συμφορὴ
894 2140 982 2177 coll.
1013 2141 1045 2189 I,

383 2194 450 2236 41.
472 2196 536 2244 Vl,
557 2199 582 2236 9
605 2197 735 2247 ibique
759 2203 857 2234 nott.

439 2250 510 2299 τοὶς
538 2249 581 2290 δὲ
618 2249 730 2291 ἄλλοι
776 2247 1045 2304 ἀρχιτέκτονες

382 2304 646 2361 ἐζεύγνυσαν]
678 2309 758 2346 scil.
779 2306 978 2359 γεφύρας,
1002 2315 1043 2344 ut

382 2366 463 2413 Vll,
477 2364 550 2406 34:
576 2378 691 2416 quem
710 2365 839 2400 locum
859 2363 934 2400 huc
945 2363 1044 2401 trahi

381 2435 490 2474 posse
514 2434 658 2472 negans
691 2419 1044 2471 Schweighaeuser.

383 2478 584 2530 (quamvis
623 2472 834 2529 ζευγνύναι
863 2473 1045 2528 γεφύρην

382 2536 553 2573 invenias
583 2535 647 2582 IV,
668 2532 734 2574 85.
757 2535 825 2573 88.
855 2535 922 2574 97·
946 2534 1044 2580 118)

382 2593 594 2643 speciosam
642 2589 763 2628 videri
803 2590 854 2626 ait
905 2589 1048 2626 Reiskii

381 2649 622 2695 sententiam,
644 2647 710 2699 qui
728 2658 863 2684 vocem
876 2644 968 2692 νέας
985 2648 1047 2684 vel

383 2701 507 2752 οἷκτοές
540 2705 602 2743 vel
643 2700 821 2755 γεφύρας
861 2702 1044 2740 excidisse

380 2763 603 2813 susp10atur‚
633 2773 704 2796 nec
723 2766 851 2796 tamen
874 2772 952 2796 esse
972 2773 1045 2795 ne·-

381 2819 603 2867 cessariam‚
627 2818 658 2854 si
678 2815 847 2868 quidem,
868 2823 910 2852 ut
929 2817 1043 2866 paulo

383 2881 494 2926 ante,
525 2875 591 2913 ubi
612 2875 661 2930 τῇ
679 2868 782 2923 ζεύξι
802 2871 897 2910 dixit
916 2874 1041 2912 Hero-

1100 891 1223 941 dotus,
1263 894 1421 945 quilibet
1455 895 1506 949 τῇ
1545 890 1647 941 ζεύξι
1681 895 1762 933 τῶν

1098 948 1306 1003 γεφυρέων
1335 951 1582 999 intellexerit,
1621 951 1673 987 sic
1702 957 1761 986 et-
1828 968 1833 976 «

1098 1008 1178 1042 iam
1196 1006 1260 1043 hic
1279 1007 1436 1044 sortasse
1464 1006 1568 1044 haud
1593 1008 1646 1043 ita
1674 1020 1762 1043 ma—

1099 1076 1177 1113 gno
1219 1063 1467 1101 incommodo
1514 1064 1763 1115 praetermitti

1098 1133 1242 1157 nomen
1263 1116 1442 1171 γεφύρας
1471 1121 1656 1171 potuerit,
1698 1127 1763 1157 ut-

1098 1184 1188 1228 pote
1207 1178 1418 1228 legentium
1430 1179 1565 1214 animis
1585 1190 1763 1227 praesens

1099 1240 1138 1270 et
1158 1246 1179 1269 a
1202 1235 1371 1286 quolibet
1400 1235 1499 1271 ultro
1528 1232 1763 1271 subaudien-

1100 1288 1208 1327 dum.
1264 1291 1316 1327 At
1346 1304 1547 1341 perperam
1573 1291 1764 1338 nonnulli,

1100 1360 1200 1399 quae
1230 1346 1463 1384 antecedunt
1489 1347 1627 1384 verba:
1682 1345 1765 1385 Καὶ

1102 1403 1144 1442 οἷ
1165 1401 1239 1454 μὲν
1257 1406 1380 1442 ταῦτα
1402 1403 1572 1451 ἐποίεον,
1594 1402 1642 1440 ad
1663 1404 1765 1454 prio-

1101 1473 1189 1496 rum
1217 1462 1395 1510 pontium
1423 1459 1648 1497 architectos
1684 1461 1765 1496 iam

1102 1515 1332 1567 decapitatos
1372 1518 1561 1565 referunt,
1619 1518 1671 1554 ita
1718 1523 1763 1554 ut

1102 1576 1227 1612 ταῦτα
1257 1573 1304 1610 de
1334 1575 1521 1625 prioribus
1548 1574 1764 1623 intelligant

1101 1631 1280 1680 pontibus
1303 1638 1340 1667 et
1366 1628 1437 1678 τοὶς
1463 1630 1506 1670 δὲ
1525 1632 1566 1667 in
1587 1643 1691 1682 seqq.
1713 1629 1763 1666 de·

1100 1687 1181 1723 aliis
1224 1688 1402 1737 pontibus
1446 1689 1524 1723 iam
1562 1685 1764 1724 struendis.

1100 1743 1200 1781 Sunt
1232 1744 1335 1780 enim
1363 1745 1426 1780 illa
1448 1743 1632 1780 Herodoti
1647 1743 1764 1781 verba

1097 1800 1232 1851 procul
1253 1799 1368 1837 dubio
1389 1799 1437 1837 de
1460 1802 1504 1838 iis
1531 1798 1764 1851 accipienda,-

1076 1869 1245 1907 *quorum
1274 1870 1402 1894 munus
1424 1856 1504 1907 fuit
1533 1869 1638 1894 saeva
1666 1859 1763 1905 regis

1101 1914 1272 1951 mandata
1297 1916 1451 1964 exsequi.
1508 1913 1572 1950 Ad
1598 1914 1764 1950 locutio-

1099 1983 1192 2006 nem
1210 1971 1334 2020 ipsam
1355 1971 1455 2010 couf.
1475 1972 1506 2018 1,
1530 1972 1609 2011 119
1632 1971 1764 2022 ibique

1097 2033 1196 2064 nott.
1224 2028 1306 2075 VII,
1328 2029 1397 2068 39.
1417 2028 1513 2067 238.

1156 2082 1506 2135 Πεντηκοντέρους
1543 2080 1611 2121 καὶ
1650 2077 1763 2132 τριή-

1103 2153 1195 2191 ρεας
1212 2139 1427 2186 συνθέντες
1451 2155 1489 2178 κ.
1516 2153 1547 2177 τ.
1573 2138 1630 2188 L]
1661 2139 1761 2176 Sen-

1100 2209 1162 2233 sus
1201 2197 1277 2233 loci
1320 2198 1387 2235 vix
1424 2197 1626 2236 obscurus;
1684 2193 1762 2233 duo

1101 2253 1205 2288 enim
1256 2251 1319 2289 hic
1365 2251 1581 2289 indicantur
1613 2258 1762 2301 pontes,

1100 2322 1265 2360 quorum
1294 2309 1412 2357 alteri,
1435 2310 1499 2360 qui
1524 2309 1650 2344 Ponto
1678 2309 1764 2344 Eu-

1099 2366 1192 2402 xino
1205 2366 1383 2403 obversus
1400 2372 1490 2412 erat,
1513 2365 1679 2401 CCCLX
1689 2377 1762 2401 na-

1101 2435 1166 2459 ves
1188 2423 1417 2470 substratae3
1462 2422 1580 2469 alteri⁷
1602 2422 1668 2472 qui
1682 2422 1762 2457 Ae-

1102 2491 1242 2528 gaeum
1254 2492 1358 2515 mare
1367 2477 1762 2530 spectabat‚CCCXIV

1102 2543 1282 2583 naves‚ut
1302 2536 1399 2572 bene
1420 2534 1515 2573 vidit
1525 2535 1760 2584 Wesseling.

1103 2593 1237 2642 Itaque
1267 2591 1316 2629 ad
1354 2589 1436 2631 ύπό
1459 2589 1533 2642 μὲν
1563 2587 1637 2641 τήν
1656 2597 1693 2627 et
1712 2588 1762 2628 ad

1103 2645 1186 2688 ύπό
1208 2646 1251 2688 δὲ
1269 2646 1343 2699 τήν
1363 2646 1499 2700 ἑτέρην
1527 2660 1648 2699 aeque
1667 2646 1761 2683 sub-

1101 2705 1263 2755 intellig.
1302 2702 1505 2758 γεφύρην;
1559 2702 1608 2740 ad
1646 2714 1759 2740 voces

1102 2758 1295 2812 ἑξήκοντα
1313 2759 1356 2801 δὲ
1375 2760 1443 2800 καὶ
1477 2758 1703 2812 τριηκοσίας
1720 2764 1758 2795 et

1100 2817 1150 2854 ad
1179 2818 1521 2870 τεσσερεσκαίδεκα
1549 2813 1616 2854 καὶ
1644 2828 1756 2865 τριη-

1097 2873 1236 2923 κοσίας
1262 2875 1387 2926 suppl.
1415 2871 1508 2920 νέας
1529 2868 1756 2918 συνθέντες.
