1834 3258
0 610 91 656 1⁰9

565 220 868 258 ERATO.
926 222 1004 258 VI.

1337 223 1419 263 381

157 328 411 385 ἐποιήσαντο
442 321 583 382 οὖρον
615 330 848 385 Θηβαίοισι
877 329 988 384 πρὸς
1024 329 1268 382 Πλαταιέας
1308 329 1420 374 εἶναι
1432 338 1476 371 95

131 399 253 441 1οκαὶ
288 394 444 448 Ὑσιάς.
491 396 684 440 ’Έδοσαν
722 398 801 452 μὲν
838 397 890 453 δὴ
930 400 973 442 οἱ
1012 397 1246 449 Πλαταιέες
1288 398 1424 455 σφέας

158 464 318 515 αὐτούς
353 462 622 521 Ἀθηναίοισι
657 465 807 522 τρόπῳ
845 469 908 521 τῷ
948 467 1176 524 εἰρημένῳ·
1225 462 1336 523 ἧκον
1374 468 1420 511 δὲ

155 533 249 577 τότε
279 533 322 584 ἐς
349 536 616 587 Μαραθῶνα
645 533 920 590 βοηθέοντες.

246 604 369 644 Τοῖσι
407 601 453 645 δὲ
487 599 737 657 Ἀθηναίων
780 605 1059 657 στρατηγοῖσι
1100 600 1295 656 ἐγίνοντο
1325 604 1424 659 δίχα

157 671 203 713 αἱ
227 673 424 726 γνῶμαι·
456 673 544 712 τῶν
565 669 657 726 μὲν,
688 667 770 713 οὐκ
789 668 962 712 ἐώντων
991 668 1273 726 συμβάλλειν·
1306 670 1418 722 ,,ὄλί-
1474 681 1649 709 Psafflfflffi-
1677 684 1750 711 ‘1¹¹⁰-

1473 716 1539 735 rum
1558 709 1610 735 alii
1622 718 1751 744 pugnam

151 754 284 794 „yovg
311 738 394 793 γὰρ
425 736 559 789 εἶναι,
599 741 779 795 στρατιῇ
807 741 862 794 τῇ
892 736 1065 791 Μήδων
1102 739 1748 794 συμβαλέειν·“1εἰὶἓ··’3·19“ιῐ’ἢ1ῑί,

1474 781 1616 812 interque
1641 785 1692 804 cos

122 808 244 848 Ξτῶν
275 805 320 848 δὲ
348 806 422 849 καὶ
451 806 702 850 Μιλτιάδεω
739 805 1016 849 κελευόντων.
1071 804 1129 857 ὥς
1170 806 1215 850 δὲ
1245 808 1342 863 δίχα
1370 824 1414 851 τε

151 872 370 929 ἐγίνοντο,
400 875 474 917 καὶ
504 874 625 918 ἐνίκα
654 873 681 930 ἡ
710 875 864 930 χείρων
885 877 975 916 τῶν
1002 874 1230 929 γνωμέων,
1261 874 1417 918 ἐνθαῦ-

151 958 227 993 τα,
264 935 320 998 ἦν
359 941 443 997 γάρ
480 942 708 993 ἑνδέκατος
745 941 1059 998 ψηφιδοφόρος
1098 941 1121 984 ὁ
1163 945 1225 1000 τῷ
1261 941 1418 1000 κυάμῳ

1471 809 1641 841 Miltiadvc,

1473 844 1554 870 dent.

1480 606 1635 634 Discordia
1653 607 1733 635 inter

1480 641 1708 669 Atheniensium

1659 819 1729 837 sua-

1601 845 1657 878 Qui
1683 853 1749 871 cum

1476 878 1695 905 Callimachum

1473 912 1698 946 polemarchum
1711 911 1749 939 ad

1476 954 1562 973 suam
1576 951 1699 973 senten-

1475 980 1549 1007 tiam
1564 980 1700 1008 traduxis

151 1008 296 1065 λαχών
338 1007 580 1066 Ἀθηναίων
624 1010 951 1067 πολεμαρχέειν·
1011 1009 1061 1054 τὸ
1106 1010 1295 1055 παλαιὸν
1330 1011 1443 1068 γάρό
1473 1017 1532 1048 Set»

93 1194 368 1246 potentioribus
400 1195 612 1232 civitatibus
631 1195 754 1232 tribu-

93 1259 177 1289 tum
197 1250 436 1303 penderent,
473 1253 694 1289 societatem
713 1253 754 1290 in

92 1309 201 1346 bellis
221 1309 459 1360 praeberent,
480 1322 565 1357 nec,
587 1316 630 1346 ut
642 1308 753 1347 vide-

35 1376 41 1380 ‘
94 1372 168 1413 tur,
180 1367 340 1403 concilio
359 1368 556 1403 communi
566 1365 752 1403 adessent.

93 1422 181 1460 Vid.
202 1423 245 1459 C.
267 1423 312 1460 Ο.
340 1423 489 1461 ΜῦΗεΓ.
520 1422 751 1461 Orchomen-

92 1492 182 1531 pag.
212 1478 292 1520 403
315 1480 402 1517 coll.
423 1482 516 1520 211.
554 1481 623 1518 Cr.
646 1480 694 1517 ad
713 1479 754 1518 h.

93 1536 119 1573 l.
132 1542 327 1587 praeterea
339 1535 598 1577 citatBoeckh.
607 1537 756 1575 Staats-

92 1591 281 1629 haushalt.
299 1592 336 1630 d.
352 1592 495 1630 Athen.
508 1596 642 1645 Hpag.
657 1597 752 1635 370.

91 1651 276 1687 Kortiim:
307 1651 486 1701 Beitrage
514 1665 583 1688 zur
613 1650 751 1688 Gesch.

92 1707 241 1745 Hellen.
265 1706 542 1745 Staatsverfass.
563 1721 650 1759 pag.
682 1707 751 1749 85.

90 1761 364 1801 Wachsmuth.
377 1765 440 1801 Ius
460 1766 634 1815 gentium
649 1764 752 1816 apud

91 1822 249 1857 Graeco.
262 1827 333 1857 etc.
349 1834 388 1871 p.
400 1823 453 1862 68
473 1829 553 1859 not.
565 1822 604 1862 4.
614 1821 753 1859 Incidit

93 1890 183 1914 vero
203 1875 278 1913 hoc
297 1878 338 1912 in
361 1877 514 1929 Olymp.
534 1879 653 1926 LXV,
677 1881 697 1918 1
722 1892 751 1915 s.

96 1934 176 1974 519
197 1945 219 1969 a
249 1931 338 1970 Chr.
358 1947 397 1969 11.

151 1985 391 2039 ἐποιήσαντο
403 2013 454 2017 ——
470 1985 572 2029 εἶναι
603 1988 670 2028 καὶ
687 1987 754 2027 ‘T-

95 2042 208 2094 σιοῖς]
231 2047 402 2083 Verbum
414 2043 517 2085 εἶναι
536 2048 650 2084 simili
665 2059 753 2083 mo-

94 2102 144 2139 do
164 2102 359 2151 additum,
403 2116 480 2155 quo
501 2104 547 2151 V,
568 2103 636 2145 25.
693 2105 753 2139 De

92 2160 217 2210 Hysiis
236 2158 313 2197 vid.
334 2166 429 2196 nott.
443 2159 491 2196 ad
503 2161 547 2208 V,
560 2160 626 2200 74.
650 2159 751 2199 Add.

94 2216 253 2253 Siebelis
285 2215 334 2253 ad
362 2217 525 2255 Pausan.
557 2218 604 2264 ΙΙ,
626 2215 692 2265 24,
716 2218 752 2263 ᾗ.

94 2275 133 2320 8,
156 2286 232 2325 quo
253 2280 406 2310 auctore
424 2273 669 2311 scribendum
689 2272 755 2312 ‘T—

95 2331 176 2370 σιαί
194 2342 273 2367 non
291 2329 432 2370 Ὑσίαι.

315 2420 408 2472 cap.
431 2421 532 2458 CIX.

152 2497 241 2547 δίχα
262 2498 307 2537 αἴ
324 2501 507 2550 γνῶμαι]
539 2500 595 2538 Cf.
617 2498 750 2537 Matth.

91 2555 157 2592 Gr.
181 2555 248 2591 Gr.
269 2567 358 2606 pag.
381 2559 474 2603 612,
505 2558 570 2609 qui
589 2556 692 2593 idem
711 2571 751 2608 p.

92 2611 173 2651 842
202 2611 425 2649 consulend.
456 2611 503 2649 ad
530 2614 645 2650 verba
674 2610 753 2653 ὀλί-

91 2682 187 2719 γους
205 2690 261 2695 -—
283 2665 535 2719 συμβάλλειν.
602 2669 750 2706 Eadem

91 2730 277 2762 structura
297 2726 378 2772 Vll,
396 2728 478 2765 207
490 2724 557 2763 fin.
586 2727 644 2762 De
663 2740 752 2763 ver—

96 2780 145 2817 bo
167 2784 284 2821 νικᾶν
305 2782 407 2819 conf.
427 2782 490 2829 VI,
516 2785 590 2823 101
620 2783 751 2835 ibique

95 2843 191 2874 nott.

869 1192 960 1248 ὁτῷ
976 1189 1118 1247 κυάμῳ
1141 1191 1333 1246 λαχῶν-
1354 1198 1473 1236 πολε-

812 1251 1023 1302 μαρχέειν]
1057 1252 1157 1289 Satis
1187 1253 1368 1289 novimus
1407 1254 1472 1290 in-

810 1315 868 1345 ter
904 1321 1050 1346 novem
1087 1307 1288 1347 archontes
1324 1311 1470 1348 Atticos

809 1378 935 1401 unum
964 1366 1079 1403 fuisse
1109 1365 1378 1418 πολέμαρχον,
1407 1369 1473 1419 qui

809 1423 1018 1473 peregrinis
1039 1423 1096 1459 ins
1123 1422 1266 1460 diceret
1287 1430 1323 1460 et
1351 1437 1472 1475 quae-

812 1493 965 1532 cunque
985 1479 1033 1516 ad
1044 1480 1275 1516 familiarum
1285 1481 1367 1516 iura
1382 1495 1472 1532 per-

812 1537 997 1584 tinerent,
1039 1543 1209 1584 curaret,
1240 1538 1312 1573 alia
1333 1536 1373 1573 id
1401 1551 1473 1588 ge-

809 1606 895 1630 nus.
928 1593 1015 1630 Vid.
1027 1594 1159 1630 Meier.
1171 1601 1207 1630 et
1221 1592 1472 1633 Schomann.:

809 1651 888 1687 Der
914 1649 1086 1688 Attische
1114 1652 1284 1690 Process.
1306 1664 1394 1702 pag.
1417 1651 1470 1692 50

807 1720 914 1759 seqq.
973 1708 1045 1744 Cui
1065 1707 1192 1744 eidem
1219 1721 1348 1744 rerum
1368 1709 1472 1744 mili—

807 1766 948 1801 tarium
977 1777 1108 1801 curam
1127 1766 1243 1815 priori
1274 1772 1375 1801 certe
1404 1778 1472 1800 ae—

808 1827 885 1857 tate
925 1820 1198 1858 demandatam
1245 1821 1358 1858 fuisse
1407 1822 1470 1858 vel

808 1879 935 1928 ipsum
963 1891 1107 1914 nomen
1139 1877 1306 1914 declarat
1324 1879 1471 1914 Nostri-

810 1947 886 1985 que
916 1935 1022 1971 locus
1051 1935 1293 1985 comprobat,
1333 1947 1473 1986 quam-

812 2003 928 2042 quam
940 1990 1030 2027 inde
1043 1991 1089 2027 ab
1102 1990 1287 2027 Herodoti
1299 1998 1472 2042 tempore

810 2048 916 2083 nulla
936 2046 1171 2098 polemarchi
1182 2049 1327 2085 mentio
1347 2049 1386 2084 in
1408 2062 1471 2085 re—

810 2117 899 2140 rum
919 2105 1140 2140 militarium
1162 2117 1270 2151 cura,
1303 2118 1400 2156 quae
1422 2105 1471 2142 ad
1508 2141 1511 2145 t

812 2159 946 2197 decem
968 2158 1210 2213 στρατηγούς
1228 2160 1319 2198 inde
1345 2169 1471 2199 trans-

809 2218 908 2254 latae
947 2225 1047 2255 sunt.
1107 2219 1164 2257 Cf.
1195 2217 1470 2256 Wachsmuth.

809 2275 960 2311 Hellen.
988 2274 1267 2312 Alterthumsk.
1302 2277 1351 2324 ΙΙ,
1384 2279 1401 2316 1
1430 2290 1469 2327 p,

810 2330 1003 2373 308.408.
1017 2333 1058 2369 C.
1069 2334 1110 2373 F.
1124 2334 1335 2370 Hermann.
1345 2331 1470 2369 Lehr-

810 2386 926 2424 buch.
956 2395 1027 2426 etc.
1058 2390 1095 2435 ξ.
1136 2391 1213 2429 138
1247 2396 1328 2426 not.
1359 2392 1396 2430 8.
1427 2392 1466 2430 9·

809 2445 937 2496 Atque
962 2459 1031 2496 per
1061 2447 1151 2482 alias
1172 2458 1326 2498 quoque
1347 2447 1469 2482 Grae—

809 2502 888 2537 ciae
910 2503 1077 2540 civitates
1105 2503 1216 2539 rebus
1245 2504 1469 2540 militaribus

808 2571 959 2595 summo
980 2559 1064 2596 loco
1084 2559 1288 2610 praefuisse
1318 2560 1471 2595 inveni-

810 2627 896 2651 mus
927 2615 1216 2666 polemarchos,
1254 2616 1319 2667 qui
1348 2614 1469 2652 iidem

808 2671 910 2722 apud
949 2674 1136 2720 Boeotos,
1187 2678 1229 2708 ut
1268 2671 1343 2708 hoc
1383 2679 1467 2708 utar

808 2730 1007 2779 exemplo,
1037 2741 1227 2766 summam
1256 2729 1310 2764 rei
1339 2729 1468 2778 publi-

808 2797 874 2821 cae
912 2783 1232 2822 administrandae
1278 2782 1469 2822 habebant

809 2853 940 2878 curam
971 2841 1049 2891 (de
1077 2855 1152 2894 qua
1183 2842 1328 2879 consul.
1358 2841 1398 2882 C.
1420 2841 1465 2879 Ο.
