1834 3258
0 600 56 647 [⁵2

434 211 908 252 POLYMNIA.
966 210 1072 247 VII.

1300 208 1384 249 585

95 330 139 378 4,
143 325 411 377 ,πυθέσθαι.“
464 321 514 366 Ὅ
543 321 622 377 μὲν
651 322 787 364 ταῦτα
816 318 983 374 εἰρώτα.
1016 317 1039 363 ὁ
1071 317 1116 361 δὲ
1145 315 1384 372 ὑπολαβὼν

126 394 233 450 ἔφη·
274 394 504 445 ,,Βασιλεῦ,
535 387 693 444 κότερα
723 387 911 445 ἀληθηΐῃ
937 388 1155 444 χρήσομαι
1182 384 1291 442 πρὸς
1322 385 1383 437 σε,

125 461 178 517 ,,ἢ
205 459 378 517 ἡδονῇ,·“
383 463 394 483 ⁴
435 458 484 503 ‘O
513 458 559 503 δέ
598 474 673 512 μιν
706 455 894 513 α’ληθηῖῃ
931 455 1179 513 χρήσασθαι
1209 451 1442 506 ἐκέλευε,90

125 529 212 584 φας
239 527 380 572 οὐδέν
419 528 462 571 οῖ
501 524 761 582 ἀηδέστερον
799 523 975 567 ἔσεσθαι
1015 523 1040 580 ἢ
1069 523 1287 577 πρότερον
1315 516 1384 578 ἦν.

121 594 199 649 Ὡς
218 596 264 641 δὲ
294 598 430 640 ταῦτα
464 591 625 651 ἢκουσε
665 591 939 648 Δημάρητος,
969 591 1083 648 ἔλεγε
1112 591 1234 635 τάδε·
1272 592 1386 642 „Boc-

123 668 298 720 ,,σιλεῦ,
341 661 486 719 ἐπειδὴ
524 660 715 717 ἀληθηΐῃ
758 659 1077 715 διαχρήσασθαι
1125 674 1298 710 παντως
1335 673 1387 714 με

123 732 361 786 ,,κελεύειςῖ,
391 734 528 774 ταῦτα
565 728 748 784 λέγοντα
776 726 829 771 τοὶ
860 727 918 784 μή
948 725 1220 783 ψευδόμενός
1248 743 1312 778 τις
1340 724 1387 769 ὕ-

125 813 305 859 ,,στερον
341 797 426 843 ὑπὸ
468 801 545 843 σεῦ
587 794 821 850 ἁλώσεται·
855 799 907 852 τῇ
940 793 1112 839 Ἑλλάδι
1151 795 1276 852 πενίη
1307 794 1388 851 μὲν

70 993 126 1064 [ιη’
155 994 350 1047 adscripsit
368 993 579 1036 Bekkerus.
648 997 724 1034 Pro

69 1049 222 1092 αὐτέων
243 1052 331 1089 dedi
352 1047 498 1091 αυτῶν.

123 1117 266 1172 κότερα
312 1116 491 1174 ἅληθηΐη
530 1115 728 1172 χρήσομαι

67 1192 169 1228 προς
180 1190 222 1217 σε
239 1173 269 1229 ἧ
285 1175 417 1232 ἡδονῇ
429 1178 512 1225 ;]‚
516 1177 661 1223 ‚Utrum
680 1177 727 1215 ad

45 1235 246 1273 ‘veritatem
270 1234 395 1285 loquar
418 1247 465 1271 an
491 1235 539 1272 ad
565 1235 728 1272 volunta-

51 2448 121 2472 xac
157 2438 188 2474 si
221 2439 466 2478 scriberettu:

68 1294 134 1329 tem
146 1291 191 1329 .?“
266 1293 324 1329 Ita
367 1290 551 1329 Valcken.
570 1290 730 1330 laudans

69 1348 189 1387 Cicer.
210 1349 267 1384 De
297 1348 438 1385 amicit.
458 1347 526 1389 25.
554 1347 728 1400 Euripid-

67 1404 249 1455 t'ragmm.
274 1404 376 1456 apud
399 1404 507 1442 Stob.
534 1407 628 1443 XIII
646 1407 730 1443 init.

71 1461 142 1510 (T.
161 1464 180 1498 Ι
204 1476 243 1513 p.
264 1465 345 1503 320
368 1459 514 1515 Gaisf.)
544 1469 582 1500 et
610 1461 658 1500 de
677 1463 730 1500 si-

68 1519 151 1555 mili
188 1519 382 1555 locutione
418 1519 518 1571 πρὸς
544 1515 664 1572 χάριν
699 1533 730 1557 s.

67 1572 168 1627 πρός
183 1572 361 1627 ἡδονήν,
384 1574 431 1611 de
453 1575 607 1628 qustnos
629 1576 732 1613 dixi-

69 1645 155 1669 mus
187 1631 235 1669 ad
264 1631 460 1672 Plutarch.
481 1633 670 1671 Alcibiad.
691 1647 730 1684 p.

69 1691 137 1737 79,
150 1688 372 1726 admonens.
383 1688 584 1728 Bekkerus
603 1690 649 1728 de
660 1703 730 1728 suo

71 1744 189 1784 edidit
215 1741 289 1801 χρή
301 1758 324 1786 σ
334 1761 364 1786 ω
381 1761 463 1799 μαι.

309 1872 400 1923 Cap.
423 1873 502 1910 CII.

130 1968 458 2024 διαχρήσασθαι]
538 1976 594 2010 Ita
643 1987 732 2011 cum

74 2027 316 2080 Schweigh.,
349 2031 466 2069 Gaisf.
496 2037 533 2068 et
551 2029 635 2067 Bel
638 2029 732 2068 kero

75 2084 160 2122 ded1
169 2099 237 2137 pro
228 2058 340 2137 ovulg
344 2082 605 2139 ,χρήσασθαι-
617 2087 734 2139 Apud

73 2142 298 2191 stobaeum,
316 2117 394 2181 c'ubi
413 2143 508 2182 haec
525 2143 736 2182 afferuntur

73 2200 154 2248 vn,
187 2200 241 2241 58
273 2174 344 2247 (Τ.
373 2203 392 2238 1
412 2215 447 2253 p.
470 2204 549 2243 213
583 2202 733 2253 σώσω),

75 2263 196 2294 exstat
217 2254 266 2308 δή
287 2253 528 2310 χρήσασθαι.

130 2327 253 2364 ταῦτα
273 2324 517 2377 λέγοντα],
523 2327 734 2375 ‚Sententia

77 2387 266 2418 contracta
286 2384 336 2419 sic
356 2382 508 2421 videtur
531 2385 733 2436 explenda,

519 2438 657 2493 ἐπειδή
687 2458 734 2494 με

78 2495 199 2531 ταῦτα
233 2493 394 2561 λέγοντα
433 2494 606 2545 κελεύεις
637 2495 735 2550 οἷλη-

78 2550 179 2603 θηῖη
215 2547 462 2603 χρήσασθαι,
504 2553 656 2619 (λέξω)
687 2573 735 2596 τα

80 2606 243 2657 (λέξας)
305 2623 357 2657 μη
391 2606 635 2661 ψευδόμενός
681 2629 740 2660 τις

79 2659 246 2712 ὓστερον
288 2660 366 2703 ιῗπὸ
423 2668 492 2704 σεῦ
534 2665 739 2719 αλω’σεται,

81 2720 358 2771 quandoquidem
379 2721 433 2758 his
452 2722 494 2759 de
520 2723 616 2761 rebus
636 2727 739 2764 verba

76 2775 268 2825 facientem
301 2790 351 2815 me
370 2779 464 2816 iubes
486 2779 534 2816 ad
557 2782 739 2820 verztatem

83 2831 188 2883 loqui,
218 2845 260 2872 ea
280 2833 416 2883 dicam,
448 2848 536 2886 quae
560 2839 622 2886 qui
638 2838 739 2876 ‹lixe-

781 996 850 1044 rit,
894 1007 917 1032 α
948 998 980 1032 tc
1008 997 1129 1046 postea
1163 1007 1230 1032 non
1272 996 1445 1044 arguetur

782 1052 967 1090 mendacii.
980 1052 1004 1072 “
1062 1051 1268 1090 Valcken.
1359 1052 1446 1102 Ipsa

782 1110 990 1147 verborum
1018 1114 1205 1146 structura
1234 1109 1287 1145 sic
1324 1120 1446 1159 expe-

784 1165 944 1213 dIenda,
965 1171 1008 1202 ut
1027 1165 1202 1216 apodosis
1229 1163 1448 1202 exordiatur

786 1235 807 1259 a
836 1223 959 1261 verbis
989 1223 1040 1276 τῇ
1053 1218 1211 1262 Ἑλλάδι
1238 1221 1354 1273 πενίη
1374 1218 1447 1273 μὲν

784 1295 821 1318 κ.
852 1294 882 1317 τ.
919 1281 972 1326 λ.;
1021 1291 1275 1331 quaecunque
1318 1285 1447 1316 autem

786 1335 1016 1374 antecedunt
1032 1365 1041 1383 ‚
1072 1335 1121 1373 ad
1140 1337 1307 1388 protasin
1329 1336 1449 1387 perti-

784 1406 877 1430 nere
906 1399 1088 1444 putentur
1107 1407 1197 1430 eum
1225 1394 1267 1430 in
1286 1391 1449 1430 modum

787 1464 836 1488 ex
857 1449 990 1488 ordine
1011 1452 1174 1488 naturali
1203 1448 1447 1488 collocanda:

787 1504 921 1558 ἐπειδὴ
942 1503 1114 1555 κελευεις
1127 1522 1173 1560 με
1193 1507 1319 1559 διαχρ.
1332 1521 1450 1546 παντ.

787 1560 967 1619 α’ληθηΐη
1003 1562 1166 1616 λέγοντα
1186 1563 1250 1610 (ad
1282 1578 1329 1614 με
1348 1564 1450 1600 refe-

786 1621 914 1672 rend.)
944 1623 1094 1671 ταῦτα,
1124 1618 1171 1661 τοὶ
1200 1637 1322 1673 μη-
1341 1615 1450 1659 αλω-

788 1690 916 1727 σεται,
948 1679 1014 1715 ubi
1035 1678 1082 1715 de
1101 1679 1289 1730 participii
1308 1691 1379 1715 usu
1399 1677 1448 1715 cf.

787 1737 900 1774 citata
920 1734 969 1772 ad
988 1736 1058 1781 VI,
1079 1739 1118 1778 6.

845 1818 895 1871 τῆ
913 1812 1069 1855 Ἑλλαδι
1089 1814 1205 1865 πενίη
1223 1812 1326 1867 μὲικ
1304 1828 1383 1854 a--v
1394 1813 1448 1862 λ.]

790 1873 823 1910 V
826 1874 977 1910 oculam
1007 1870 1096 1911 κοτὲ
1120 1873 1222 1908 male
1252 1885 1274 1908 a
1294 1872 1453 1924 quibus-

792 1929 882 1966 dam
930 1928 1043 1967 codd.
1094 1930 1274 1965 omissam
1312 1927 1451 1965 retinui

790 1987 960 2037 itemque
982 1981 1204 2037 σύντροφός
1235 1985 1252 2025 ἔ
1267 1996 1362 2033 στι,
1384 1997 1454 2022 cu·-

791 2044 849 2081 ius
883 2044 969 2080 loco
991 2042 1108 2080 Gaisf.
1130 2056 1151 2079 e
1172 2042 1322 2080 duobus
1342 2040 1453 2079 codd.

793 2107 831 2137 et
861 2100 1027 2138 Stobaeo
1061 2101 1204 2151 recepit
1226 2097 1454 2151 σύντροφος

793 2152 1012 2197 σύνεστι.
1070 2159 1170 2194 Nam
1201 2171 1222 2194 e
1251 2158 1374 2208 glossa
1404 2155 1454 2194 ad

790 2227 927 2252 vocem
937 2210 1163 2267 σύντροφος
1173 2221 1366 2266 spectante
1378 2213 1454 2251 hoc

792 2270 952 2308 ductum
979 2271 1150 2320 videtur,
1184 2279 1226 2309 ut
1245 2273 1344 2309 bene
1365 2284 1454 2308 mo-

790 2330 874 2366 nuit
899 2327 1296 2380 Schweighaeuserus,
1328 2331 1455 2366 Hero-

792 2384 928 2423 dotum
956 2385 1059 2423 nude
1091 2388 1258 2437 posuisse
1296 2382 1456 2437 σύντρο-

793 2458 870 2493 φος
909 2445 1123 2481 conficiens.
1181 2442 1244 2481 Ad
1284 2442 1457 2481 dativum

792 2502 841 2553 τῇ
876 2497 1042 2539 ”Ελλα’δι
1084 2501 1186 2542 conf.
1215 2499 1351 2537 Matth.
1387 2500 1453 2536 Gr.

793 2558 860 2593 Gr.
882 2558 920 2602 §.
942 2555 1022 2599 405
1033 2557 1226 2609 pag-741.
1254 2558 1457 2594 Caeterum

794 2613 1091 2652 Herodotihuuc
1107 2616 1234 2651 locum
1251 2613 1457 2663 respexisse

795 2670 945 2708 videtm
973 2673 1164 2708 Lu‹ianus
1193 2673 1232 2707 iu
1247 2670 1391 2720 Nigrin.
1412 2670 1453 2714 ξ.

784 2729 849 2767 ·12
871 2729 921 2765 Τ.
941 2729 959 2764 I
985 2742 1022 2779 p.
1043 2731 1097 2769 37
1128 2728 1239 2778 Ripa
1272 2728 1311 2766 οι
1341 2728 1458 2776 φιλο-

796 2784 965 2838 σοφία;
965 2782 1022 2823 ,αὶ
1072 2798 1189 2837 πενιᾳ
1238 2779 1457 2835 σύντροφοί

796 2838 883 2879 εἶσι.
