1806 3181
65 661 198 688 Athenas
186 670 244 690 ac
252 661 344 696 Spar-

64 700 129 723 tam
149 704 202 722 cur
225 696 341 723 Xerxes

65 731 185 769 legatos
210 738 270 756 non
287 729 342 757 mi-

65 764 141 791 serit
157 764 199 798 [c.
207 763 282 799 32]

401 210 484 250 636

819 210 1280 248 HERODOTI

400 323 533 375 λεμον
564 317 830 371 ἀειράμενοι.
859 316 909 361 τὸ
928 318 974 361 δὲ
1004 316 1156 372 ὅρκιον
1177 321 1261 363 ὠδε
1290 318 1397 376 εἶχε·
1434 319 1578 372 ,ζΌσοι
1607 327 1666 378 τῷ

402 387 578 442 ,,Πὲρσῃ
623 384 784 429 ε’δοσάν
821 397 956 441 σφεας
987 385 1152 438 αὐτους
1168 386 1383 443 Έλληνες
1413 387 1574 441 ἐόντες,
1605 389 1664 447 μή
1679 398 1720 433 15

399 452 799 510 ,,άναγκασθέντες,
835 454 1144 499 καταστάντων
1164 467 1243 510 σφι
1273 458 1321 499 εὐ
1350 460 1441 499 τῶν
1469 457 1665 512 πρηγμά-

400 539 538 574 ,,των,
579 520 766 572 τούτους
811 524 1068 566 δεκατεῦσαι
1105 526 1166 581 τῷ
1206 522 1252 565 ἐν
1289 528 1502 580 Δελφοῖσι
1532 530 1634 584 θεῷ.
1640 531 1664 549 “
1723 527 1798 569 563

236 597 335 641 133
394 590 444 634 τὸ
486 589 565 643 μὲν
604 588 657 645 δή
696 589 851 645 ὅρκιον
882 587 965 634 ὦδε
1009 588 1091 647 εἶχε
1121 595 1236 634 τοῖσι
1252 589 1451 648 ’Ἐλλησω

397 657 583 715 Ἀθήνας
620 658 695 702 καὶ
731 658 941 717 Σπάρτην
971 657 1053 703 οὐκ
1083 657 1302 716 ἀπέπεμψε
1339 657 1363 703 ὁ
1396 659 1567 716 Πέρσης
1598 660 1666 704 ἐπὶ

342 830 755 884 Callimach.frag1n1n.
768 832 1001 883 mcxcix,

339 892 427 929 satis
447 898 549 928 nota.
569 912 625 918 —
670 891 714 926 Iu
744 903 851 941 seqq.
875 889 923 926 ad
943 891 1004 926 lo-

341 949 537 986 cutionem
570 943 746 997 πόλεμον
791 944 1004 997 αἐίρασθαι

339 1005 486 1053 (bellum
509 1006 691 1054 suscipere,
714 1004 870 1051 movere)
901 1004 1003 1042 conf.

339 1061 483 1099 Herod.
500 1063 581 1110 VII,
606 1060 699 1102 156.
711 1062 805 1098 Lex.
821 1059 1003 1112 Xenoph.

339 1120 357 1156 Ι
376 1133 415 1170 p.
436 1117 504 1160 84.

395 1183 440 1226 τό
461 1182 510 1237 δὴ
532 1181 668 1237 ὅρκιον
681 1178 758 1224 ὦδε
773 1181 865 1235 εἶχε]
881 1185 1004 1221 Grae-

338 1256 472 1281 corum
493 1249 727 1279 conventum
745 1243 783 1278 in
804 1240 948 1278 Isthmo
961 1255 1004 1279 ac

339 1299 537 1337 decretum
567 1298 672 1335 idem
704 1297 812 1335 affert
841 1298 999 1336 Diodor.

337 1358 407 1401 xl,
439 1358 476 1405 3,
517 1357 687 1407 itemque
719 1355 899 1406 Polybius
930 1356 998 1403 lx,

338 1416 392 1454 39
425 1412 526 1461 (uisi
556 1411 660 1464 quod
695 1412 735 1448 in
774 1412 872 1448 solos
890 1410 1001 1448 The-

337 1470 458 1507 banos
493 1470 646 1506 Graecis
666 1469 717 1505 ita
738 1469 922 1519 placuisse
939 1482 1000 1504 re-

336 1526 438 1576 fert)
470 1533 506 1563 et
538 1524 674 1562 suidas
704 1538 734 1564 s.
757 1539 794 1562 v.
817 1522 1001 1564 δεκατεύ-

338 1596 399 1622 ειν
429 1584 447 1619 Ι
476 1597 515 1633 Ρ.
539 1582 622 1622 520
654 1582 741 1618 0011.
772 1583 938 1632 Lycurg.
960 1583 1001 1618 111

337 1641 511 1676 Leocrat.
532 1652 569 1689 p.
596 1638 673 1679 158
707 1652 746 1689 p.
772 1640 848 1678 193
870 1637 1000 1675 Reisk.

336 1695 494 1733 Diodor.
516 1696 583 1741 XI,
606 1697 673 1735 29.
694 1693 825 1732 Schol.
845 1694 1000 1732 Aristid.

337 1767 377 1804 p.
399 1751 480 1793 224
501 1752 707 1790 Frommel.
720 1780 730 1798 ‚
750 1752 817 1787 ubi
836 1752 876 1787 in
899 1750 1000 1788 hanc

339 1808 504 1846 eandem
519 1809 747 1845 sententiam
764 1809 899 1844 Graeci
910 1816 998 1845 ante

334 1867 601 1903 Plataeensem
636 1877 809 1915 pugnam
858 1865 999 1902 iurasse

336 1922 541 1969 dicunturz,
589 1920 694 1973 quod
739 1923 1000 1958 iuramentum

335 1993 416 2017 non
456 1984 733 2015 commemorat
768 1977 997 2027 Herodotus,

337 2037 404 2088 quj
423 2034 461 2074 h.
484 2036 509 2072 l.
541 2048 662 2087 aeque
678 2047 721 2071 ac
749 2036 885 2087 reliqui
904 2037 998 2072 scri-

335 2100 474 2144 ptores,
494 2093 611 2128 utitur
621 2092 737 2129 verbo
759 2087 997 2140 δεκατεύειν,

338 2148 441 2201 quod
460 2147 770 2196 Aristidislschol.
791 2149 997 2189 l.1.inter-

338 2211 508 2256 pretatur
518 2202 561 2244 τὸ
587 2203 750 2244 δέκατον
764 2203 881 2258 μέρος
902 2200 997 2245 α’νε-

287 2291 289 2293 -
335 2265 419 2301 λεῖν
455 2261 622 2298 deczmam
659 2265 797 2310 partem
837 2262 994 2310 auferre.

334 2320 414 2355 Nec
430 2318 537 2354 aliter
557 2315 658 2367 apud
672 2318 836 2368 Lycurg.
850 2317 875 2354 l.
888 2319 911 2356 l.
925 2315 995 2363 τάς

334 2370 473 2420 πόλεις
513 2374 744 2412 δεκατεῦσαι
775 2372 992 2423 Stephanus

334 2432 394 2479 (in
415 2429 533 2470 Thes.
554 2432 598 2471 L,
631 2430 694 2466 Gr.
715 2430 732 2465 Ι
752 2442 838 2480 pag.
861 2432 940 2470 937
962 2444 991 2469 s.

336 2489 446 2529 3192
468 2487 508 2524 C.
527 2486 584 2523 ed.
606 2483 744 2537 Valpy)
768 2487 993 2536 interpeta-

336 2552 395 2581 tus
417 2551 496 2580 erat
529 2559 600 2589 τας
625 2545 704 2581 τῶν
727 2545 898 2581 πολιτῶν
920 2538 993 2581 ov'-

336 2601 424 2646 σίας
446 2601 695 2645 δεκατεῦσαι,
726 2598 857 2635 unde
848 2612 887 2635 in
912 2601 994 2635 Ile-

334 2656 458 2694 rodoti
493 2658 577 2694 loco
607 2652 774 2703 τούτους
809 2656 993 2694 δεκατευ-

336 2725 403 2752 σαι
439 2712 734 2751 Valckenaerius
772 2713 906 2763 accipit
942 2712 992 2750 ad

335 2769 532 2808 solvendam
552 2770 632 2807 Deo
642 2769 810 2819 Delphico
824 2770 991 2807 decimam

335 2826 491 2876 adigere.
549 2825 660 2874 Quod
680 2825 784 2864 idem
806 2827 855 2865 ob
881 2825 990 2866 Stra-

1507 590 1585 645 Ἐς
1617 594 1665 637 δὲ

1060 833 1169 870 bonis
1198 833 1328 870 locum
1362 833 1412 869 VI
1432 830 1479 883 'p.
1509 829 1592 872 257
1622 844 1650 868 s,
1680 845 1719 882 p.

1061 888 1141 930 395
1154 891 1199 926 Β.
1211 891 1295 926 coll.
1305 891 1380 926 XII
1396 904 1434 940 p.
1445 889 1527 930 572
1538 901 1568 924 s.
1588 901 1626 939 p.
1638 889 1720 928 857

1061 947 1105 983 C.
1127 948 1242 983 etiam
1262 947 1314 983 sic
1335 947 1455 997 accipi
1474 957 1582 995 posse
1613 951 1721 996 putat

1062 1003 1252 1050 Creuzer„
1285 1005 1325 1039 111
1345 1005 1540 1054 Fragmm.
1570 999 1721 1038 historr.

1058 1073 1147 1111 pag.
1172 1062 1262 1107 178,
1293 1064 1333 1096 ut
1353 1062 1430 1110 ipsa
1450 1059 1624 1095 hominum
1642 1071 1721 1095 cor-

1053 1130 1145 1167 pora
1163 1117 1224 1154 deo
1244 1116 1413 1166 Delphico
1439 1116 1619 1153 destinata
1631 1113 1723 1164 fue-

1058 1176 1156 1220 rint,
1203 1172 1425 1210 hominibus
1444 1172 1525 1209 scil.
1549 1172 1722 1208 servituti

1061 1229 1219 1267 addictis
1242 1229 1291 1266 ad
1316 1243 1411 1281 opus
1438 1226 1659 1265 faciendum
1678 1228 1720 1264 in

1061 1288 1158 1337 agris
1180 1285 1251 1323 deo
1270 1288 1396 1334 sacris,
1417 1284 1720 1336 haudquaquam

1056 1350 1187 1380 tamen
1226 1342 1324 1380 hanc
1366 1342 1720 1392 interpretationem

1057 1399 1170 1437 valde
1190 1413 1346 1451 urgens.
1404 1397 1598 1451 Equidem
1620 1410 1720 1434 ¹ma-

1057 1457 1126 1493 lim
1157 1470 1247 1494 cum
1275 1455 1448 1494 Boeckh.
1477 1455 1640 1501 (oecon.
1664 1455 1720 1491 A-

1056 1512 1162 1551 then.
1182 1515 1200 1549 I
1231 1528 1269 1565 p.
1294 1513 1397 1562 352,
1418 1513 1485 1549 ubi
1504 1512 1639 1549 similia
1660 1511 1719 1548 af-

1056 1571 1231 1606 feruntur
1251 1570 1377 1621 plura)
1400 1580 1612 1620 exponere:
1645 1568 1721 1606 ihre

1057 1627 1304 1664 Grundstiiclce
1315 1626 1561 1677 zinspflichtv'g
1579 1638 1626 1662 zu
1635 1637 1716 1662 ma-

1056 1684 1165 1731 chen,
1205 1684 1258 1719 ita
1287 1690 1329 1719 ut
1358 1682 1550 1719 decimam
1569 1688 1718 1732 partem

1057 1752 1236 1790 agrorum
1256 1746 1461 1790 proventus
1476 1737 1547 1775 deo
1567 1739 1715 1775 solvere

1056 1797 1196 1833 fuerint
1217 1798 1346 1833 coacti.
1377 1798 1485 1832 Hanc
1501 1807 1591 1832 vero
1612 1795 1718 1831 mul-

1056 1860 1156 1890 ctam
1196 1853 1241 1889 ab
1271 1852 1601 1904 Amphictyonum
1621 1864 1718 1888 con-

1056 1911 1141 1947 cillo
1162 1911 1239 1947 istis
1259 1911 1466 1960 irrogatam
1485 1909 1598 1945 fuisse
1621 1921 1717 1945 con-

1055 1967 1157 2004 iicio.
1189 1967 1297 2004 Conf.
1318 1973 1416 2004 nott.
1439 1965 1487 2003 ad
1520 1965 1601 2013 VII,
1621 1967 1718 2006 213.

1223 2069 1316 2120 Cap.
1338 2068 1553 2106 cxxxm.

1112 2164 1132 2188 ο
1154 2146 1339 2199 Πέρσης]
1371 2149 1457 2185 Duo
1491 2144 1604 2184 codd.
1624 2158 1714 2182 cum

1053 2204 1163 2242 Valla
1193 2204 1284 2242 dant
1321 2220 1341 2244 ο
1384 2202 1543 2254 Ξέρξης.
1601 2201 1714 2239 conf.

1052 2262 1133 2307 VII,
1158 2264 1252 2302 116.
1294 2262 1388 2297 Mox
1409 2259 1496 2298 dedi
1517 2253 1648 2297 αὐτων
1675 2265 1714 2295 et

1051 2314 1205 2357 τούτων
1225 2329 1293 2368 pro
1315 2312 1466 2355 αὐτέων
1479 2322 1515 2352 et
1527 2312 1712 2355 τουτέων.

1051 2375 1096 2410 In
1116 2387 1223 2424 seqq.
1246 2372 1287 2412 οἵ
1308 2370 1378 2422 μὲν
1400 2372 1449 2409 ad
1475 2372 1712 2418 Athenienses,

1050 2430 1092 2469 οἷ-
1111 2427 1152 2468 δὲ
1184 2429 1232 2466 ad
1267 2428 1465 2479 Spartanos
1484 2428 1629 2476 refero,
1663 2426 1712 2465 ad

1050 2499 1144 2538 qnos
1174 2493 1355 2538 utrosque
1381 2492 1524 2536 spectat
1548 2485 1710 2522 verbum

1049 2541 1241 2582 ἐκέλευον.
1301 2544 1404 2579 Haec
1416 2543 1519 2579 enim
1539 2542 1709 2588 nomina,

1050 2600 1148 2636 bene
1170 2600 1393 2637 observante
1414 2601 1461 2637 G.
1482 2601 1704 2635 Hermanno

1049 2655 1098 2692 ad
1119 2657 1246 2706 Viger.
1263 2670 1301 2706 p.
1323 2659 1403 2696 699
1434 2657 1571 2707 (quem
1600 2654 1707 2690 exci-

1049 2714 1142 2749 tavit
1152 2713 1235 2764 Cr.)
1256 2714 1375 2750 latent
1394 2713 1433 2748 111
1454 2709 1705 2762 praecedente

1046 2764 1219 2818 Ἀθῆναι
1260 2776 1296 2806 et
1335 2764 1515 2820 Σπάρτη.
1591 2765 1694 2802 Conf

1046 2824 1184 2866 suidas
1203 2839 1233 2865 s.
1252 2840 1290 2865 v.
1310 2827 1432 2873 Δᾶτις
1450 2825 1469 2862 1
1493 2835 1579 2876 pag.
1595 2821 1662 2864 51.
