1815 3181
417 205 501 244 278

821 201 1285 240 HERODOTI

91 325 213 355 structis
229 325 360 353 Athenas
419 312 719 368 Χερσόνησον,
752 311 827 355 καὶ
864 311 908 354 οἷ
942 311 1145 362 Φοίνικές
1176 312 1219 356 οἷ
1244 312 1553 367 περιπίπτουσι
1580 314 1732 369 τῇσιδο

90 359 218 394 aufugit.
237 360 361 400 lilarum

89 402 192 426 unam,
211 402 258 420 cu1
273 402 361 427 prae-

89 430 157 455 erat
172 427 253 455 filius
263 428 329 454 eius

89 463 165 488 natu
187 461 343 495 maximus,

88 493 274 529 Metiochus‚
287 495 362 521 Per-

88 536 142 554 sae
164 529 294 562 capiunt.

88 561 260 589 Metiochus
275 570 293 588 a
302 561 362 588 Da-

418 382 559 436 νηυσί.
607 377 738 429 αὐτὸς
767 378 846 433 μὲν
875 377 928 434 δὴ
958 377 1205 435 Μιλτιάδης
1236 379 1320 424 σὺν
1348 384 1447 437 τῇσι
1475 381 1678 434 τέσσαρσι
1734 384 1815 430 456

423 453 512 492 τῶν
540 451 652 491 νεῶν
680 445 943 502 καταφεύγει
964 446 1006 497 ἐς
1023 445 1215 503 Ἴμβρον,
1246 449 1325 505 τὴν
1347 449 1393 491 δέ
1415 449 1458 491 οί
1484 446 1679 503 πέμπτην

390 522 413 558 3
423 520 512 560 τῶν
539 518 653 559 νεῶν
663 518 862 558 κατεῖλον
890 513 1121 566 διώκοντες
1139 517 1182 559 οί
1195 518 1407 567 Φοίνικες.
1435 518 1510 571 τῆς
1523 515 1568 558 δὲ
1581 515 1680 567 νεὸς

87 594 361 624 150h=1manissime
418 583 578 639 ταύτης
607 583 725 638 ἔτυχε
746 585 834 626 τῶν
863 582 1111 626 Μιλτιάδεω
1131 585 1302 627 παίδων
1332 581 1355 626 ὁ
1384 582 1681 638 πρεσβύτατος

419 651 564 708 ἄρχων
592 653 837 708 Μητίοχος,
875 649 956 693 οὐκ
985 650 1031 693 ἐκ
1058 655 1133 706 τῆς
1157 650 1343 704 Ὀλόρου
1372 654 1454 693 τοῦ
1489 649 1736 706 Θρήῖκος35

417 719 502 764 ἐών
530 718 776 774 θυγατρὸς,
817 716 912 762 ἄλλ’
953 717 995 770 ἐξ
1025 716 1174 774 ἄλλης·
1220 719 1294 763 καὶ
1321 722 1482 762 τοῦτον
1509 717 1598 773 ἅμα
1625 723 1680 776 τῇ

389 789 499 841 4νηῒ
525 784 644 831 εἷλον
674 788 718 830 οἱ
748 788 961 837 Φοίνικες.
1011 788 1084 829 καί
1121 802 1196 842 μιν
1234 785 1482 842 πυθόμενοι
1516 784 1575 837 ὠς
1615 788 1680 844 εἴη

419 854 668 898 Μιλτιάδεω
697 858 820 905 παῖς,
864 852 1086 910 ἀνήγαγον
1115 852 1235 908 παρὰ
1265 853 1466 910 βασιλέα,
1508 853 1680 896 δοκέον-

417 940 486 974 τες
514 923 667 979 χάριτα
706 920 896 977 μεγάλην
924 921 1270 978 καταθήσεσθαι·
1313 921 1378 966 ὅτι
1408 921 1460 976 δὴ
1491 920 1679 965 Μιλτιά-

417 993 494 1048 δης
517 991 697 1048 γνώμην
718 987 948 1040 ἀπεδέξατο
979 990 1026 1033 ἐν
1052 995 1166 1034 τοῖσι
1183 989 1321 1043 Ἴωσι,
1351 991 1582 1033 πείθεσθαι
1611 1004 1679 1032 κε-

414 1059 556 1103 λεύων
584 1064 695 1102 τοῖσι
726 1058 952 1114 Σκύθῃσι,
991 1058 1060 1102 ὅτε
1090 1059 1134 1101 οἱ
1164 1056 1342 1105 Σκύθαι
1371 1055 1674 1112 προσεδέοντο,
1690 1059 1736 1098 4ο

417 1125 633 1177 λύσαντας
672 1125 752 1183 τήν
791 1128 988 1182 σχεδίην,
1027 1125 1258 1170 ἀποπλέειν
1300 1126 1341 1177 ἐς
1382 1127 1461 1181 τὴν
1491 1124 1678 1167 ἑωυτῶν.

387 1199 606 1249 5Δαρεῖος
636 1193 702 1245 δὲ,
733 1192 792 1244 ὥς
826 1194 869 1236 οἱ
901 1194 1103 1245 Φοίνικες
1133 1196 1359 1253 Μητίοχον
1387 1192 1465 1237 τὸν
1495 1191 1680 1236 Μιλτιά-

88 627 208 658 habitus
213 649 219 658 .

362 1400 431 1449 Su,
452 1401 579 1438 sinum
589 1414 678 1438 vero
691 1402 737 1438 ab
749 1400 889 1452 oppido
900 1413 1019 1452 prope

360 1458 444 1505 sito,
464 1471 568 1494 nuuc
589 1465 716 1495 autem
737 1456 939 1504 destructo,
958 1458 1021 1494 cui

361 1526 506 1550 nomen
527 1513 661 1563 Saros,
690 1515 893 1553 nominari.
932 1513 1019 1553 Vid.

361 1571 551 1609 Mannert.
584 1572 655 1609 VII
691 1584 779 1622 pag.
822 1573 901 1612 198
940 1584 1019 1623 seq.

363 1626 574 1665 Larcherus
604 1641 624 1664 e
640 1629 793 1664 Meletio
813 1627 948 1676 tradit,
969 1629 1022 1665 si-

362 1696 461 1720 num
506 1685 699 1721 Melauem
748 1697 853 1721 nunc
892 1685 1021 1722 vocari

363 1738 589 1789 ,Megarision
608 1755 636 1778 s.
658 1741 914 1790 Magarision,
943 1741 1020 1778 flu-

362 1796 470 1834 vium
490 1798 671 1848 appellari
689 1797 854 1835 Larissa.

422 1851 491 1892 καὶ
517 1854 558 1892 οἰ
589 1852 773 1901 Φοίνικές
794 1869 813 1893 ο
829 1853 845 1892 ἱ
862 1853 1021 1905 περιπί-

365 1911 526 1958 πτουσι]
551 1912 608 1947 De
630 1909 756 1948 dativo
779 1910 820 1950 οἵ
836 1910 1019 1949 vid.nott.

366 1964 415 2002 ad
429 1967 458 2013 Ι,
480 1968 547 2007 31.
606 1968 670 2004 Sic
690 1979 804 2004 mox:
823 1964 902 2018 ’τήν
922 1966 963 2006 δέ
983 1966 1025 2006 οἱ

365 2020 548 2073 πέμπτην
566 2038 601 2062 κ.
622 2039 656 2063 τ.
677 2027 708 2062 λ.
739 2024 895 2072 Imbros,
919 2022 1023 2075 quod

365 2080 452 2115 satis
493 2087 658 2128 constat,
697 2081 826 2130 exigui
861 2082 1024 2117 ambitus

366 2141 421 2170 est
440 2135 561 2171 insula
580 2149 698 2186 prope
733 2136 1021 2185 Samothracen,

365 2191 427 2227 cui
447 2189 550 2228 haud
570 2205 652 2229 raro
665 2200 894 2231 accensetur.
911 2195 1022 2230 Nimo

366 2247 577 2297 appellatur
610 2248 738 2286 Imbro.
809 2251 904 2286 Mox
933 2263 1023 2286 cum

366 2302 506 2341 Matth.
532 2317 553 2340 e
592 2305 811 2341 Florentino
852 2312 889 2342 et
922 2306 1024 2342 San-

365 2360 477 2396 crofti
506 2361 603 2397 libro
629 2360 717 2398 dedi
752 2360 935 2410 τέσσαρσι
953 2374 1022 2412 pro

364 2416 471 2466 vulg.
493 2415 688 2466 τέσσερσι,
718 2416 823 2468 quod
843 2418 931 2454 alibi
958 2431 1022 2454 me

364 2472 492 2522 legere
521 2471 626 2510 haud
662 2475 839 2522 memini,
882 2486 1022 2525 quam-

365 2541 482 2580 quam
498 2531 622 2568 existit
640 2529 828 2578 τέσσερες.
857 2530 893 2566 Α
912 2529 1020 2567 Bek-

364 2583 459 2623 kero
480 2584 654 2635 τέσσερσι
674 2594 870 2637 receptum
894 2593 963 2625 est.

422 2643 629 2691 κατεῖλον]
662 2644 686 2680 i.
709 2657 741 2681 e.
764 2647 946 2693 ceperunt,
978 2650 1020 2681 ut

364 2699 427 2745 vl,
448 2701 500 2740 29
521 2701 608 2737 coll.
627 2700 672 2748 V,
693 2702 758 2740 36.
799 2700 922 2744 Quare
942 2713 1021 2737 11011

365 2767 458 2804 opus
474 2755 659 2807 refingere
677 2759 856 2806 κατεῖχον
877 2757 938 2794 vel
948 2770 1020 2807 po—

365 2812 436 2848 tius
453 2815 638 2866 κατῆγον,
669 2811 773 2866 quod
793 2813 832 2850 iu
851 2819 1021 2852 mentem

1076 1409 1233 1440 venerat
1267 1399 1565 1451 Valckfflmerio,
1604 1401 1658 1438 ita
1693 1409 1738 1440 ut

1076 1457 1254 1496 Miltiadis
1263 1470 1403 1494 navem
1416 1459 1548 1509 opibus
1561 1465 1738 1496 onustam

1077 1517 1118 1552 in
1157 1528 1269 1553 suum
1299 1516 1555 1552 converterint
1581 1523 1739 1566 portum

1079 1572 1289 1625 (κατῆγον)
1298 1571 1510 1609 Phoenices
1529 1573 1739 1624 insequen-

1078 1637 1133 1666 tes
1150 1659 1159 1677 ,
1200 1628 1367 1680 indeque
1399 1628 1644 1666 escendentes
1671 1642 1740 1666 ca-

1074 1693 1185 1737 ptum
1202 1685 1441 1722 Metiochum
1458 1685 1508 1722 ad
1522 1699 1655 1736 regem
1668 1685 1740 1723 de-

1077 1742 1255 1780 duxerint
1275 1738 1498 1794 (άνήγαγον
1527 1739 1636 1793 παρά
1670 1743 1740 1793 βα-

1077 1798 1186 1838 σιλέα
1205 1820 1262 1826 ——
1280 1799 1333 1836 ita
1357 1800 1462 1835 enim
1495 1798 1739 1836 scribendum

1076 1869 1146 1908 pro
1179 1856 1352 1908 βασιλῆα
1366 1855 1395 1905 ).
1456 1853 1631 1893 BIetiochz'
1662 1868 1739 1893 no-

1076 1926 1169 1950 men
1218 1913 1390 1963 pluribus
1441 1911 1738 1950 Atheniensibus

1077 1970 1192 2006 fuisse
1208 1976 1361 2020 apparet
1377 1982 1426 2005 ex
1434 1970 1490 2017 iis,
1503 1982 1599 2021 quae
1610 1970 1740 2006 Osann

1079 2039 1204 2077 nuper
1236 2027 1393 2076 protulit
1427 2027 1469 2062 iu
1507 2027 1739 2064 Kuustblatt.

1082 2086 1204 2124 1832.
1225 2095 1284 2120 nr.
1305 2082 1359 2124 75
1378 2095 1466 2134 pag.
1487 2085 1569 2123 299
1589 2095 1697 2134 seqq.

1134 2134 1682 2190 χάριτα-καταθήσεσθαι]
1711 2139 1740 2180 i.

1080 2209 1114 2233 e.
1145 2208 1180 2232 se
1203 2198 1360 2243 gratiam
1384 2197 1552 2243 inituros,
1593 2209 1628 2232 se
1650 2208 1740 2245 pro-

1078 2253 1262 2289 merituros
1306 2263 1386 2288 esse.
1472 2253 1739 2300 Locufionem,

1078 2320 1170 2344 mon
1177 2314 1262 2343 ente
1281 2306 1452 2344 Valcken
1459 2335 1466 2343 .
1476 2337 1485 2355 ,
1505 2309 1740 2346 illustrarunt

1078 2364 1272 2402 Wetsten.
1340 2363 1389 2400 ad
1441 2365 1542 2404 Actt.
1600 2366 1735 2416 Apost.

1077 2420 1221 2466 XXIV,
1254 2422 1321 2460 27.
1342 2422 1500 2460 Dorvill.
1524 2420 1572 2458 ad
1593 2420 1735 2459 charit.

1078 2490 1118 2527 p.
1140 2474 1220 2517 448
1244 2478 1346 2528 Lips.
1397 2477 1499 2514 Add.
1518 2477 1738 2515 Blomfield.

1079 2534 1243 2570 Glossar.
1264 2535 1303 2569 iu
1331 2533 1509 2586 Aeschyl.
1537 2533 1736 2574 Prometh.

1077 2591 1170 2629 807.
1205 2589 1348 2627 Herod.
1374 2592 1454 2639 vn,
1488 2593 1568 2632 178
1598 2599 1635 2628 et
1653 2592 1735 2639 VH,

1077 2648 1159 2685 220
1179 2646 1248 2683 fin.
1272 2649 1342 2696 lx,
1358 2650 1425 2695 78,
1446 2648 1511 2684 ubi
1541 2655 1597 2685 est
1623 2645 1735 2694 κλέος

1076 2702 1328 2743 καταθέσθαι
1344 2705 1497 2754 gloriam
1511 2705 1580 2743 sibi
1588 2717 1733 2756 parare,

1077 2762 1248 2809 consequi.

1133 2815 1297 2869 γνώμην
1322 2812 1538 2866 α’πεδέξατο
1565 2815 1609 2858 ἐν
1633 2819 1736 2858 τοῖσι
