1789 3213
428 153 903 190 POLYMNIA.

963 153 995 189 V
1006 154 1022 189 Ι
1034 153 1063 188 Ι.
1291 153 1375 192 667

119 264 241 319 ,περὶ
271 263 348 319 μὲν
379 261 604 306 σπονδέων
635 261 827 306 ἀνοίσειν
849 261 890 312 ἐς
909 260 1012 313 τοὺς
1034 263 1244 310 πλεῦνας·
1275 261 1375 315 περὶ

118 333 192 385 ,,δὲ
219 329 449 387 ἡγεμονίης
473 328 646 374 αὐτοῖσι
664 329 918 375 ἐντετάλθαι
943 328 1281 384 ὑποκρίνασθαι,
1303 328 1377 371 καὶ
1388 336 1432 369 50

119 398 198 455 ,,δή
235 398 400 454 λέγειν,
439 399 518 454 σφὶ
547 399 625 454 μὲν
673 397 783 442 εἶναι
806 397 885 441 δύο
909 396 1121 452 βασιλέας,
1150 394 1379 451 Ἀργείοισι

117 467 191 520 ,,δὲ
221 465 322 509 ἕνα’
357 464 505 510 οὔκων
535 467 724 511 δυνατὸν
745 464 857 510 εἶναι
879 468 968 507 τῶν
996 463 1043 507 ἐκ
1066 461 1275 518 Σπάρτης
1305 462 1379 506 οὐ-

90 535 328 588 3,,δε’τερον
357 538 524 578 παῦσαι
561 539 636 592 τῆς
665 534 908 591 ἡγεμονίης.
966 531 1070 587 μετὰ
1101 531 1148 574 δὲ
1177 529 1260 573 δύο
1290 534 1378 574 τῶν

118 602 368 658 ,,σφετε’ρων
410 601 649 659 ὁμόψηφον
678 603 756 647 τὸν
790 600 985 656 Ἀργεῖον
1025 596 1158 651 εἶναι,
1196 595 1380 641 κωλύειν

87 668 320 723 4“,,οὕδέν.“
384 670 510 715 Οὕτω
537 670 589 728 δὴ
613 673 656 714 οἷ
679 669 862 727 Ἀργεῖοί
877 678 988 725 φασι
1009 665 1090 711 οὐκ
1114 664 1380 721 ἀνασχέσθαι
1392 673 1436 707 55

117 843 296 887 οἶνοίσειν
331 846 370 893 ἐς
402 842 497 892 τούς
521 846 715 895 πλεῦνας]

61 903 87 943 i.
125 917 159 944 e,
198 903 331 954 referre
365 902 414 940 ad
454 902 718 952 Spartanorum

61 963 255 997 concionem
274 973 303 999 S.
326 955 456 1006 ἁλίαν,
474 973 590 1009 penes
603 972 720 1012 quam

62 1023 142 1053 erat
162 1015 210 1054 de
228 1029 323 1067 pace
342 1017 539 1067 belloque,
583 1016 630 1054 de
658 1018 722 1053 in-

62 1066 187 1111 duciis
225 1072 518 1124 foederibusque
567 1074 647 1111 aliis
681 1072 723 1109 id

60 1143 181 1181 genus
200 1129 376 1167 ineundis
397 1129 612 1168 decernere.
662 1129 721 1167 Cf.

62 1187 105 1225 C.
127 1187 172 1224 Ο.
193 1188 343 1225 Mulier.
363 1189 456 1224 Dor,
476 1188 562 1238 Hp.
576 1189 642 1229 88.
663 1188 721 1223 De

47 1244 179 1282 'verbo
218 1240 398 1284 ἀνοίσειν
429 1244 529 1282 cons.
565 1246 595 1293 Ι,
629 1243 722 1285 157.

61 1301 128 1349 ΠΙ,
150 1303 218 1341 71-
237 1321 294 1330 -—
319 1302 394 1338 Pro
411 1301 605 1353 βασιλῆας
633 1300 722 1338 dedi

62 1355 259 1410 βασιλέας.

120 1411 256 1454 οὔκων
290 1410 461 1454 δυνατόν
482 1409 609 1463 εἶναι]
640 1414 665 1452 i.
688 1427 722 1454 e.

0 1511 3 1514 ,
52 1470 141 1522 fieri
156 1473 273 1520 igitur
301 1484 369 1509 non
385 1484 507 1522 posse,
537 1474 579 1507 ut
610 1471 724 1507 alter-

63 1531 182 1566 utrum
206 1540 322 1577 regem
352 1529 496 1578 imperio
527 1529 723 1577 privarent.

60 1585 221 1622 Miratur
239 1584 312 1622 hoc
335 1583 585 1621 Valckenaer.
603 1585 651 1621 ob
671 1585 724 1621 le-

62 1654 154 1693 gem
190 1642 236 1690 V,
276 1644 302 1682 7
305 1642 329 1682 5
368 1648 723 1690 colmnelnoratam,

64 1697 141 1751 quii
180 1712 231 1735 ex
257 1697 405 1735 duobus
448 1699 726 1749 Spartanorum

64 1755 216 1806 regibus
235 1768 335 1792 unus
360 1762 511 1792 tantum
531 1754 605 1792 hoc
625 1762 726 1792 tem·-

63 1825 159 1863 pore
188 1811 342 1849 duceret
367 1813 598 1860 exercitium
633 1813 727 1848 alter

68 1868 175 1905 domi
193 1875 389 1916 maneret3
407 1870 480 1905 nisi
499 1869 657 1905 omnino
675 1870 726 1906 ita

67 1926 297 1976 praetexisse
316 1924 475 1975 putandi
505 1926 578 1962 sint
602 1925 725 1976 Spar-

67 1983 160 2029 tani,
181 1994 258 2034 quo
278 1982 415 2018 melius
435 1995 631 2018 summum
650 1983 728 2018 im-

67 2039 219 2090 perium
233 2040 272 2075 in
285 2040 405 2075 socios
425 2039 496 2075 sibi
505 2052 728 2077 concessum

69 2096 434 2146 contraArgivorum
444 2096 632 2147 postulata
641 2103 729 2133 tue-

68 2159 214 2189 rentur.
239 2152 349 2189 Idem
363 2153 524 2190 miratur
543 2152 729 2190 Valcken.

69 2221 169 2262 quae
200 2208 263 2246 hic
301 2208 349 2246 de
384 2211 618 2261 Argivorum
649 2223 730 2259 rege

69 2265 282 2314 traduntur,
304 2266 410 2304 cuius
430 2269 496 2305 vix
506 2268 583 2304 ulla
592 2274 731 2318 potue-

71 2324 120 2359 rit
150 2335 228 2360 esse
254 2322 329 2360 hoc
358 2330 531 2375 tempore
563 2325 730 2361 auctori-

72 2386 128 2417 tas
147 2379 187 2415 in
203 2386 317 2430 gente
334 2381 513 2418 libertatis
535 2388 571 2418 et
587 2394 730 2434 aequa-

72 2436 185 2473 litatis
219 2434 288 2485 (ut
314 2443 470 2474 testatur
495 2439 659 2475 Pausan.
680 2440 728 2486 ΙΙ,

77 2495 126 2533 19
150 2493 187 2538 §.
210 2492 256 2542 2)
287 2492 567 2532 studiosissima.
597 2498 732 2532 Narrat

72 2549 256 2586 nimirum
285 2550 512 2598 Pausanias,
556 2552 730 2602 Argivos,

75 2618 152 2658 quo
190 2606 331 2642 fuerint
361 2607 539 2643 libertatis
569 2614 606 2644 et
644 2609 732 2646 iuris

75 2664 282 2715 aequabilis
317 2662 440 2700 studio
474 2664 630 2711 incensi,
672 2678 734 2701 re-

76 2720 181 2770 giam
210 2726 436 2771 potestatem
466 2733 510 2756 eo
531 2733 650 2771 usque
673 2722 734 2757 di—

77 2777 278 2824 minuisse,
319 2784 361 2813 ut
391 2777 443 2813 nil
474 2777 551 2813 sere
573 2777 641 2814 nisi
662 2790 734 2814 no-

773 856 865 880 men
899 843 945 880 sit
977 843 1167 879 relictum.
1224 842 1285 878 Ab
1314 842 1437 878 Hera-

776 898 881 938 clidis
903 900 1007 936 enim
1033 899 1347 949 Peloponnesum
1374 899 1438 934 in-

776 957 908 1008 gressis
928 955 1127 993 conditum
1146 956 1243 1006 Argi
1260 968 1436 1006 regnum,

777 1014 918 1052 sensim
955 1014 1173 1066 sensimque
1218 1020 1438 1064 temporum

779 1070 963 1119 decursu,
992 1077 1036 1107 ut
1054 1070 1108 1119 fit,
1130 1069 1349 1107 diminitum
1370 1082 1441 1106 auu.

779 1129 951 1166 ctoritate
971 1140 1040 1164 sua
1056 1157 1066 1176 ,
1087 1140 1289 1179 nunquam
1308 1133 1440 1164 tamen

778 1197 930 1236 prorsus
956 1185 1183 1235 abrogatum
1201 1184 1285 1233 fuit,
1324 1184 1441 1234 Argi-

778 1243 834 1280 vis
873 1242 1059 1292 religione
1098 1239 1266 1293 quadam
1304 1241 1442 1278 obstri-

780 1300 866 1347 ctis,
903 1311 1002 1351 quae
1021 1297 1236 1336 istiusmodi
1262 1298 1442 1335 institutis

780 1370 801 1393 e
849 1357 972 1407 prisco
1019 1363 1193 1407 tempore
1249 1353 1440 1393 adhaesit:

780 1426 1019 1466 quamquam
1048 1414 1196 1450 nullam
1227 1413 1308 1450 fere
1347 1413 1444 1463 regii

778 1471 949 1508 muueris
988 1471 1252 1507 auctoritatem
1275 1476 1312 1507 et
1330 1476 1444 1520 pote-

780 1534 917 1564 statem
944 1527 1057 1564 fuisse
1076 1528 1118 1563 in
1151 1528 1263 1563 rebus
1282 1527 1444 1578 publicis

783 1583 958 1621 curandis
988 1584 1185 1635 probabile
1219 1590 1286 1621 est.
1343 1584 1443 1620 Hinc

781 1640 1075 1679 Damocratz'dam
1088 1671 1098 1689 ,
1127 1642 1360 1691 Argivormn
1379 1654 1444 1677 re—

781 1711 898 1749 gem,
938 1698 1029 1735 belli
1048 1699 1249 1735 Messenici
1286 1695 1444 1735 secundi

781 1762 955 1805 tempore
971 1784 981 1803 ,
1020 1761 1212 1792 memorat
1239 1755 1444 1792 Pausanias

781 1812 846 1859 IV,
877 1810 942 1859 35,
969 1815 1017 1859 23
1074 1809 1254 1863 recteque
1276 1810 1325 1848 ad
1343 1810 1445 1848 hanc

781 1869 1045 1918 legitimorum
1064 1881 1203 1919 regum
1221 1870 1378 1920 stirpem
1401 1868 1445 1908 C.

785 1926 827 1964 0.
848 1926 996 1962 Miiller.
1026 1925 1221 1976 Aeginett.
1250 1940 1288 1976 p.
1312 1926 1366 1967 52
1386 1939 1447 1962 re-

783 1982 856 2019 fert
877 1980 1079 2030 th'donem,
1109 1984 1261 2033 tyranni
1285 1984 1446 2020 nomine

785 2045 963 2076 ornatum
983 2038 1084 2090 apud
1099 2038 1317 2088 Herod.V1‚
1342 2043 1444 2081 127:

784 2095 888 2132 unde
916 2103 1046 2133 tamen
1076 2098 1237 2133 minime
1258 2097 1446 2134 coniicere

786 2154 895 2201 licet,
940 2166 1030 2190 eum
1058 2153 1100 2190 in
1137 2155 1256 2191 libera
1296 2155 1446 2192 civitate

787 2223 983 2248 summum
1003 2211 1074 2247 sibi
1099 2212 1299 2262 arripuisse
1318 2212 1448 2263 impe-

786 2268 899 2307 rium.
967 2269 1144 2320 Namque
1164 2265 1363 2319 τύραννος
1393 2269 1447 2305 ibi

786 2323 891 2361 idem
920 2325 1040 2361 ferme
1067 2326 1169 2362 valet
1196 2333 1311 2377 atque
1331 2326 1447 2376 βασι-

787 2377 891 2428 λεύς.
950 2381 1013 2419 Ad
1039 2394 1177 2419 vocem
1198 2379 1272 2422 δύο
1293 2382 1342 2420 cf.
1364 2383 1444 2431 VH,

847 2491 963 2534 Οὕτω
994 2491 1044 2544 δή
1067 2495 1108 2534 οἵ
1145 2490 1322 2548 Ἀργεῖοί
1347 2506 1446 2545 φασι

789 2567 826 2591 κ.
846 2553 943 2600 τ.λ.]
974 2553 1071 2598 „Hic
1092 2552 1137 2587 ab
1157 2552 1308 2601 Argivis
1328 2550 1447 2588 tradi-

790 2616 870 2646 tam
919 2609 1000 2646 τῶν
1048 2606 1330 2659 Σπαρτιητέων
1373 2605 1448 2659 τήν

790 2665 1022 2714 πλεονεξίην
1051 2665 1156 2700 illam
1179 2663 1358 2715 equidem
1377 2679 1448 2703 ve—

791 2734 874 2758 ram
904 2722 1014 2757 fuisse
1036 2733 1188 2757 causam
1200 2721 1368 2770 arbitror,
1380 2735 1448 2760 cur

790 2779 890 2816 bello
922 2776 994 2814 hoc
1022 2778 1173 2815 Persico
1205 2779 1330 2816 neutri
1349 2780 1446 2830 parti
