1815 3181
66 285 253 314 Clisthenem
269 296 336 315 cum
394 280 456 332 τῷ
489 276 632 327 ξεῖνον
652 273 737 316 vimi
758 277 830 328 τῆς
857 274 1245 328 Πεισιστρατιδέων
1280 278 1546 332 πολιορκίης.
1583 277 1660 321 τὸν
1714 285 1792 329 407

399 345 446 387 δὲ
468 342 713 397 Κλεομένεα
743 341 825 398 εἶχε
855 344 968 397 αἰτίη
992 348 1153 398 φοιτᾶν
1181 344 1299 399 παρὰ
1328 349 1410 388 τοῦ
1429 344 1688 400 ἸσαγόρεωΞ

772 410 839 454 Tol
878 412 957 467 μὲν
987 411 1039 467 δὴ
1072 416 1223 466 πρῶτα
1251 413 1431 467 πέμπων
1471 411 1495 454 ὁ
1528 415 1659 455 Κλεο-

64 320 134 348 aliis
145 320 246 348 multis
256 329 303 347 so-

64 355 126 381 lum
143 357 268 382 vertere
291 363 338 382 co-

63 388 117 424 git.

395 168 478 208 126

371 411 481 466 Ξτὴν
509 415 707 465 γυναῖκα.

804 167 1265 203 HERODOTI

394 479 526 536 μένης
575 479 617 528 ἐς
655 476 733 528 τὰς
772 477 960 535 Ἀθήνας
1004 478 1193 534 κήρυκα,
1223 479 1415 536 ἐξέβαλλε
1444 479 1686 523 Κλεισθέ-5

397 564 494 600 νεα,
542 547 613 589 καὶ
661 543 754 600 μετ’
796 547 937 590 αὐτοῦ
977 546 1136 598 ἄλλους
1179 546 1369 598 πολλοὺς
1417 546 1660 603 Ἀθηναίων

369 614 535 670 3,,τούς
574 613 779 669 ἐναγέοιςιι
819 615 1037 672 ἐπιλέγων.
1085 619 1223 660 ταῦτα
1261 616 1307 659 δὲ
1335 615 1516 671 πέμπων
1546 614 1660 670 ἔλεγε

340 812 453 851 supra
484 800 528 847 V,
570 798 624 840 64
659 806 696 837 et
723 799 773 837 ad
803 801 935 848 ξεῖνον
954 802 1000 850 V,

342 860 394 898 63
414 857 544 908 ibique
563 862 660 893 nott.

396 910 461 952 τὸν
492 911 543 952 δὲ
573 911 799 964 Κλεομένεα
829 908 905 964 εἶχε
936 913 1002 953 αι’-

340 969 403 1020 τίη
429 971 575 1019 φοιτᾶν
594 984 628 1008 κ.
647 984 681 1008 τ.
710 970 765 1018 λ.]
797 967 840 1009 δὲ
870 983 891 1006 e
909 971 1002 1007 Flo—

341 1028 489 1063 rentino
513 1040 603 1063 cum
622 1033 779 1063 recentt.
811 1025 913 1064 edidi
930 1041 1000 1078 pro

343 1079 406 1134 δή.
464 1085 533 1120 Est
551 1095 641 1120 vero
669 1082 732 1121 hie
751 1096 882 1120 sensus
901 1085 996 1121 loci:

342 1140 550 1178 Cleomenem
587 1141 887 1188 criminabantur,
937 1142 998 1178 vel

341 1198 522 1233 omnino:
572 1196 763 1234 Cleomenes
803 1197 998 1246 dicebatur,

335 1254 604 1304 perhibebatur,
641 1260 685 1289 ut
712 1252 897 1292 Valcken.
927 1256 998 1291 ob·-

341 1317 464 1347 servat
495 1309 544 1346 ad
571 1309 755 1347 Herodot.
791 1311 863 1358 VI,
905 1310 995 1358 115,

340 1367 407 1404 ubi
425 1366 503 1404 vid.
522 1373 618 1404 nott.
675 1368 796 1403 Paulo
816 1368 936 1405 infra:
961 1367 1002 1406 οἷ

340 1419 641 1475 Ἀλκμαιωνὶὅαι
653 1420 758 1475 εἶχον
779 1424 912 1474 αἰτίην
927 1427 1000 1463 τοῦ

343 1477 478 1529 φόνου
511 1477 668 1519 τούτου.
735 1479 838 1518 Add.
867 1482 911 1529 V,
944 1484 997 1522 73

341 1536 407 1574 fin.
439 1537 605 1574 Sintenis
634 1536 683 1574 ad
707 1538 808 1574 Plut.
835 1536 1001 1575 Themi-

340 1595 447 1630 stocl.
470 1597 519 1633 21
544 1607 632 1644 pag.
668 1593 746 1635 140
766 1596 875 1645 plura
897 1594 1001 1631 dedit

342 1650 390 1686 de
412 1651 603 1687 locutione
636 1651 767 1689 αἰτίαν
789 1651 891 1701 ἔχειν
921 1652 1000 1688 cul-

335 1720 421 1757 pam
438 1708 614 1754 sustinere,
645 1710 772 1744 crimen
789 1708 924 1745 habere.
943 1730 1000 1736 —-

342 1766 490 1814 φοιτᾶν
526 1763 663 1800 eodem
691 1777 825 1812 sensu,
857 1778 933 1816 quo
951 1766 999 1812 Π,

346 1821 437 1862 115.
457 1820 521 1866 IV,
546 1823 581 1867 1,
601 1821 667 1856 ubi
687 1821 764 1857 vid.
775 1828 872 1858 nott.
902 1822 1000 1858 Hinc

340 1878 379 1913 in
419 1876 591 1914 Aristidis
629 1876 779 1915 scholiis
818 1890 906 1928 pag.
947 1877 1000 1919 45

340 1934 549 1973 Ἑτοιῃιηρί.
585 1932 653 1972 καὶ
693 1933 766 1986 γάρ
815 1933 1002 1985 ἐτύγχανε

343 1986 542 2041 μοιχεύων
575 1987 650 2041 τήν
690 1994 762 2030 τοῦ
790 1986 1001 2044 Ἰσαγόρου

341 2045 365 2086 ὁ
393 2045 630 2096 Κλεομένης.

407 2099 462 2141 Τὰ
487 2100 557 2152 μὲν
581 2099 629 2152 δή
651 2106 788 2152 πρῶτα
811 2102 998 2154 πέμπων]

344 2161 430 2196 Non
462 2160 632 2211 sequitur
672 2156 834 2209 δεύτερα
866 2158 908 2198 δὲ
937 2161 1000 2198 vel

341 2216 465 2253 simile
495 2215 608 2267 quid,
648 2217 718 2252 nisi
739 2215 812 2252 hoc
832 2217 958 2266 ipsum
978 2230 998 2252 e

344 2274 457 2310 totius
477 2273 685 2308 sententiae
704 2285 809 2309 nexu
839 2274 1000 2323 intelligi

346 2328 631 2382 quodammodo
653 2342 696 2366 ac
719 2330 815 2365 bene
835 2330 1000 2379 suppleri

344 2387 494 2437 poterit.
556 2387 653 2422 Nam
681 2388 829 2434 primum
863 2386 999 2435 quidem

345 2442 552 2480 Clisthenem
572 2442 631 2478 ille
650 2441 819 2479 discedere
835 2443 916 2479 urbe
924 2444 999 2478 ius-

340 2501 411 2543 sz't‚·
444 2512 519 2550 quo
548 2499 671 2545 sacto,
711 2498 791 2534 dein
825 2499 925 2535 varia
959 2500 998 2534 in

344 2557 495 2593 civitate
513 2555 703 2592 constituit
723 2567 806 2605 cap„
826 2557 880 2594 72
892 2567 1003 2591 enar-

345 2619 437 2649 rata.
505 2613 602 2648 Nam
646 2613 798 2661 primum
846 2611 1000 2661 quidem

345 2670 600 2719 septingentas
621 2669 729 2704 eiecit
750 2668 920 2712 familias,
942 2667 994 2704 (Ie-

345 2726 425 2763 inde
442 2732 616 2761 senatum
632 2723 832 2761 dissolvere
843 2723 998 2760 studuit.

348 2783 419 2818 Ubi
456 2783 646 2818 invenitur
684 2777 867 2831 δεύτερα,
919 2793 997 2817 non

1056 807 1264 852 praeeunte
1286 803 1435 853 πρῶτα,
1457 799 1717 854 quemadmo-

1058 857 1152 894 dum
1172 858 1218 905 V,
1252 860 1346 897 111.

1115 913 1295 966 ἐξέβαλλε
1327 913 1601 972 Κλεισθένεα]
1633 911 1716 961 ἐξὲ-

1056 971 1175 1023 βαλλε
1208 984 1230 1007 e
1261 971 1480 1008 Florentino
1510 969 1599 1008 dedi
1625 983 1718 1007 cum

1056 1034 1214 1064 recentt.
1237 1026 1324 1064 edd.
1345 1041 1413 1078 pro
1435 1026 1601 1080 ἐξέβαλε,
1612 1025 1717 1078 quod

1057 1084 1252 1124 Schaefer.
1285 1086 1440 1121 retinuit
1470 1098 1518 1121 ex
1551 1083 1717 1121 editione

1055 1142 1322 1191 Wesselingii‚
1375 1153 1496 1193 quum
1546 1139 1715 1191 ἐξέβαλε,

1055 1198 1254 1248 expellendi
1273 1202 1433 1235 conatum
1447 1204 1483 1234 et
1501 1197 1716 1235 voluntatem

1054 1254 1208 1302 indicet,
1228 1261 1271 1291 ut
1289 1256 1318 1302 Ι,
1349 1257 1416 1295 68.
1447 1255 1512 1302 ΙΠ,
1534 1254 1601 1295 53.
1629 1254 1716 1292 coll.

1056 1312 1264 1348 Gottleber.
1277 1310 1325 1347 ad
1335 1309 1557 1362 Thucydid.
1578 1312 1607 1358 I,
1622 1312 1716 1351 126.

1057 1367 1168 1413 Quod
1187 1367 1292 1404 idem
1313 1366 1416 1404 haud
1428 1370 1505 1404 scio
1526 1380 1573 1403 an
1595 1367 1718 1403 eFlo-

1056 1426 1205 1462 rentiuo
1225 1425 1323 1460 infra
1345 1437 1498 1476 quoque
1517 1424 1563 1471 V,
1585 1426 1640 1464 72
1655 1436 1717 1459 re-

1054 1483 1146 1532 poni
1177 1481 1323 1518 debeat.
1363 1479 1719 1531 Schweighaeuser.

1055 1545 1229 1575 nostrum
1252 1539 1383 1575 locum
1408 1539 1460 1575 sic
1486 1538 1624 1574 Latine
1644 1549 1716 1572 ex-

1057 1596 1188 1645 pressit
1202 1601 1223 1631 :‘
1255 1597 1430 1645 ⁹,prunum
1465 1596 1581 1643 igilur
1619 1593 1717 1631 Cleo-

1057 1664 1165 1688 menes
1200 1663 1372 1701 praecone
1409 1651 1566 1688 Athenas
1600 1653 1717 1697 misso,

1059 1708 1266 1746 Clisthenem
1285 1708 1367 1745 urbe
1385 1708 1524 1755 eiecit,“
1554 1707 1717 1743 alterum

1058 1766 1187 1801 locum
1217 1765 1272 1812 V,
1308 1767 1362 1805 72
1391 1765 1466 1801 ita:
1507 1766 1717 1813 „postquam

1062 1821 1250 1858 Cleomenes
1295 1824 1398 1857 misso
1440 1832 1610 1870 praecone
1650 1821 1716 1856 eii-

1059 1878 1218 1915 ciendum
1238 1878 1322 1915 urbe
1345 1877 1553 1915 Clisthenem
1576 1879 1610 1913 et
1632 1878 1716 1926 pia-

1058 1934 1135 1972 culo
1162 1936 1433 1972 contaminatum
1450 1934 1602 1970 edixit.“
1629 1933 1717 1969 Ma-

1056 1992 1126 2028 lim
1139 1990 1331 2043 equidem,
1351 1998 1393 2027 ut
1403 1990 1616 2041 imperfecti
1634 1987 1716 2037 ἐξέ-

1055 2049 1173 2101 βαλλε
1192 2049 1248 2085 vis
1277 2061 1321 2084 ac
1346 2049 1442 2084 ratio
1467 2047 1602 2083 melius
1632 2059 1717 2082 cer-

1055 2111 1189 2141 natur:
1215 2105 1296 2141 urbe
1307 2105 1423 2141 cedere
1440 2101 1714 2152 (Clisthenem)

1055 2163 1161 2198 iussit
1189 2174 1219 2197 s.
1239 2161 1322 2197 urbe
1345 2163 1465 2197 eiicere
1484 2159 1605 2196 voluit.
1634 2160 1714 2194 Be-

1057 2231 1106 2253 ne
1126 2219 1258 2267 Lange
1278 2215 1381 2253 hunc
1400 2217 1439 2252 in
1451 2215 1712 2253 modumver-

1056 2274 1212 2310 nacule:
1251 2273 1412 2320 „Zuerst
1452 2271 1602 2309 schz'ckle
1640 2285 1713 2309 nun

1057 2330 1246 2367 Cleomenes
1260 2332 1355 2366 einen
1369 2329 1504 2366 Herold
1518 2329 1594 2366 und
1617 2341 1638 2365 v
1649 2340 1666 2365 e
1677 2341 1713 2365 r-

1055 2389 1164 2423 wies
1210 2387 1275 2423 den
1319 2386 1512 2424 Clisthenes
1549 2398 1616 2422 aus
1651 2384 1713 2424 der

1057 2442 1212 2480 stadt.¹‘
1267 2442 1329 2479 Ad
1345 2443 1505 2480 verbum
1526 2441 1714 2493 ἐπιλέγων

1054 2500 1154 2536 conf.
1175 2500 1276 2536 locos
1293 2500 1432 2537 similes
1450 2500 1495 2547 V,
1517 2498 1556 2539 4.
1575 2499 1637 2548 lv,
1660 2498 1714 2541 65

1060 2563 1095 2593 et
1120 2555 1167 2592 de
1192 2557 1338 2593 articuli
1365 2558 1403 2593 vi
1429 2557 1468 2594 in
1495 2569 1588 2593 voce
1619 2553 1714 2602 τούς

1060 2611 1218 2664 ἐναγέας
1230 2612 1363 2651 Matth.
1385 2614 1451 2650 Gr.
1472 2614 1538 2650 Gr.
1559 2626 1597 2664 p.
1616 2612 1712 2654 553.

1112 2671 1234 2707 ταῦτα
1278 2667 1320 2708 δὲ
1373 2668 1540 2721 πέμπων
1580 2667 1710 2720 ἔλεγε]

1056 2726 1344 2762 Distinctionem
1374 2733 1457 2776 post
1476 2723 1642 2776 πέμπων
1669 2725 1710 2760 iu

1055 2781 1249 2824 Schaeseri
1279 2782 1444 2819 editione
1469 2782 1600 2820 sustuli
1620 2793 1710 2818 cum
