<?xml version="1.0" encoding="UTF-8"?>
<!DOCTYPE html PUBLIC "-//W3C//DTD XHTML 1.0 Transitional//EN"
    "http://www.w3.org/TR/xhtml1/DTD/xhtml1-transitional.dtd">
<html xmlns="http://www.w3.org/1999/xhtml" xml:lang="en" lang="en">
 <head>
  <title>
</title>
<meta http-equiv="Content-Type" content="text/html;charset=utf-8" />
  <meta name='ocr-system' content='tesseract 3.04.00' />
  <meta name='ocr-capabilities' content='ocr_page ocr_carea ocr_par ocr_line ocrx_word'/>
</head>
<body>
  <div class='ocr_page' id='page_1' title='image "./musaeherodoto03hero_0555.png"; bbox 0 0 1834 3258; ppageno 0'>
   <div class='ocr_carea' id='block_1_1' title="bbox 422 268 1062 306">
    <p class='ocr_par' dir='ltr' id='par_1_1' title="bbox 422 268 1062 306">
     <span class='ocr_line' id='line_1_1' title="bbox 422 268 1062 306; baseline -0.003 0"><span class='ocrx_word' id='word_1_1' title='bbox 422 269 899 306; x_wconf 88' lang='lat' dir='ltr'>POLYMNIA.</span> <span class='ocrx_word' id='word_1_2' title='bbox 956 268 1062 306; x_wconf 89' lang='lat' dir='ltr'>VII.</span> 
     </span>
    </p>
   </div>
   <div class='ocr_carea' id='block_1_2' title="bbox 100 377 1040 436">
    <p class='ocr_par' dir='ltr' id='par_1_2' title="bbox 100 377 1040 436">
     <span class='ocr_line' id='line_1_2' title="bbox 100 377 1040 436; baseline -0.01 -10"><span class='ocrx_word' id='word_1_3' title='bbox 100 392 246 436; x_wconf 81' lang='grc' dir='ltr'><em>στριος</em></span> <span class='ocrx_word' id='word_1_4' title='bbox 284 377 469 431; x_wconf 77' lang='grc' dir='ltr'><em>πατέρα,</em></span> <span class='ocrx_word' id='word_1_5' title='bbox 508 381 592 434; x_wconf 73' lang='grc' dir='ltr'>τῆς</span> <span class='ocrx_word' id='word_1_6' title='bbox 625 378 792 433; x_wconf 76' lang='grc' dir='ltr'><em>Ξέρξεω</em></span> <span class='ocrx_word' id='word_1_7' title='bbox 819 377 1040 433; x_wconf 79' lang='grc' dir='ltr'><em>γυναικός.</em></span> 
     </span>
    </p>
   </div>
   <div class='ocr_carea' id='block_1_3' title="bbox 1285 266 1369 306">
    <p class='ocr_par' dir='ltr' id='par_1_3' title="bbox 1285 266 1369 306">
     <span class='ocr_line' id='line_1_3' title="bbox 1285 266 1369 306; baseline 0 0"><span class='ocrx_word' id='word_1_8' title='bbox 1285 266 1369 306; x_wconf 66' lang='lat'>543</span> 
     </span>
    </p>
   </div>
   <div class='ocr_carea' id='block_1_4' title="bbox 1106 372 1367 418">
    <p class='ocr_par' dir='ltr' id='par_1_4' title="bbox 1106 372 1367 418">
     <span class='ocr_line' id='line_1_4' title="bbox 1106 372 1367 418; baseline -0.011 1"><span class='ocrx_word' id='word_1_9' title='bbox 1106 372 1367 418; x_wconf 80' lang='grc' dir='ltr'><em>Ἐκαλέοντο</em></span> 
     </span>
    </p>
   </div>
   <div class='ocr_carea' id='block_1_5' title="bbox 97 439 1368 504">
    <p class='ocr_par' dir='ltr' id='par_1_5' title="bbox 97 439 1368 504">
     <span class='ocr_line' id='line_1_5' title="bbox 97 439 1368 504; baseline -0.008 -10"><span class='ocrx_word' id='word_1_10' title='bbox 97 450 143 494; x_wconf 85' lang='grc' dir='ltr'>δὲ</span> <span class='ocrx_word' id='word_1_11' title='bbox 171 447 306 491; x_wconf 77' lang='grc' dir='ltr'><em>πάλαι</em></span> <span class='ocrx_word' id='word_1_12' title='bbox 339 444 427 489; x_wconf 80' lang='grc' dir='ltr'>ὑπὸ</span> <span class='ocrx_word' id='word_1_13' title='bbox 457 446 537 501; x_wconf 82' lang='grc' dir='ltr'>μὲν</span> <span class='ocrx_word' id='word_1_14' title='bbox 571 439 788 502; x_wconf 70' lang='grc' dir='ltr'><em>Ἑλλήνων</em></span> <span class='ocrx_word' id='word_1_15' title='bbox 833 450 1051 504; x_wconf 73' lang='grc' dir='ltr'><em>Κηφῆνες,</em></span> <span class='ocrx_word' id='word_1_16' title='bbox 1089 443 1176 488; x_wconf 76' lang='grc' dir='ltr'>ὑπὸ</span> <span class='ocrx_word' id='word_1_17' title='bbox 1220 441 1368 498; x_wconf 80' lang='grc' dir='ltr'><em>μέντοι</em></span> 
     </span>
    </p>
   </div>
   <div class='ocr_carea' id='block_1_6' title="bbox 69 511 1147 571">
    <p class='ocr_par' dir='ltr' id='par_1_6' title="bbox 69 511 1147 571">
     <span class='ocr_line' id='line_1_6' title="bbox 69 511 1147 571; baseline -0.002 -13"><span class='ocrx_word' id='word_1_18' title='bbox 69 516 251 571; x_wconf 59' lang='lat' dir='ltr'>timp-{cuv</span> <span class='ocrx_word' id='word_1_19' title='bbox 272 511 419 558; x_wconf 76' lang='grc' dir='ltr'><em>αὐτῶν</em></span> <span class='ocrx_word' id='word_1_20' title='bbox 448 514 630 557; x_wconf 76' lang='grc' dir='ltr'><em>καὶτῶν</em></span> <span class='ocrx_word' id='word_1_21' title='bbox 659 514 919 568; x_wconf 80' lang='grc' dir='ltr'><em>περιοίκων,</em></span> <span class='ocrx_word' id='word_1_22' title='bbox 945 513 1147 567; x_wconf 81' lang='grc' dir='ltr'><strong><em>Ἀρταῖοι.</em></strong></span> 
     </span>
    </p>
   </div>
   <div class='ocr_carea' id='block_1_7' title="bbox 1208 508 1397 554">
    <p class='ocr_par' dir='ltr' id='par_1_7' title="bbox 1208 508 1397 554">
     <span class='ocr_line' id='line_1_7' title="bbox 1208 508 1397 554; baseline -0.021 0"><span class='ocrx_word' id='word_1_23' title='bbox 1208 510 1297 554; x_wconf 74' lang='grc' dir='ltr'>ἐπεὶ</span> <span class='ocrx_word' id='word_1_24' title='bbox 1319 508 1397 552; x_wconf 77' lang='grc' dir='ltr'>δὲὸ</span> 
     </span>
    </p>
   </div>
   <div class='ocr_carea' id='block_1_8' title="bbox 67 577 1368 844">
    <p class='ocr_par' dir='ltr' id='par_1_8' title="bbox 67 577 1368 844">
     <span class='ocr_line' id='line_1_8' title="bbox 97 577 1367 642; baseline -0.006 -15"><span class='ocrx_word' id='word_1_25' title='bbox 97 582 294 642; x_wconf 77' lang='grc' dir='ltr'><em>Περσεὺς</em></span> <span class='ocrx_word' id='word_1_26' title='bbox 324 580 347 625; x_wconf 88' lang='grc' dir='ltr'>ὁ</span> <span class='ocrx_word' id='word_1_27' title='bbox 382 581 561 638; x_wconf 84' lang='grc' dir='ltr'><em>Δανοῖης</em></span> <span class='ocrx_word' id='word_1_28' title='bbox 591 598 634 625; x_wconf 84' lang='grc' dir='ltr'>τε</span> <span class='ocrx_word' id='word_1_29' title='bbox 672 583 744 625; x_wconf 84' lang='grc' dir='ltr'>καὶ</span> <span class='ocrx_word' id='word_1_30' title='bbox 781 583 890 633; x_wconf 80' lang='grc' dir='ltr'>Διὸς</span> <span class='ocrx_word' id='word_1_31' title='bbox 920 581 1094 624; x_wconf 78' lang='grc' dir='ltr'><em>ἀπίκετο</em></span> <span class='ocrx_word' id='word_1_32' title='bbox 1131 577 1251 633; x_wconf 70' lang='grc' dir='ltr'><em>παρὰ</em></span> <span class='ocrx_word' id='word_1_33' title='bbox 1282 581 1367 634; x_wconf 84' lang='grc' dir='ltr'>Κη-</span> 
     </span>
     <span class='ocr_line' id='line_1_9' title="bbox 96 644 1368 710; baseline -0.006 -14"><span class='ocrx_word' id='word_1_34' title='bbox 96 653 182 710; x_wconf 83' lang='grc' dir='ltr'>φέα</span> <span class='ocrx_word' id='word_1_35' title='bbox 211 652 288 695; x_wconf 89' lang='grc' dir='ltr'>τὸν</span> <span class='ocrx_word' id='word_1_36' title='bbox 317 651 486 706; x_wconf 78' lang='grc' dir='ltr'><em>Βήλου,</em></span> <span class='ocrx_word' id='word_1_37' title='bbox 525 650 598 693; x_wconf 82' lang='grc' dir='ltr'>καὶ</span> <span class='ocrx_word' id='word_1_38' title='bbox 629 650 721 706; x_wconf 77' lang='grc' dir='ltr'><strong><em>ἔσχε</em></strong></span> <span class='ocrx_word' id='word_1_39' title='bbox 752 649 888 693; x_wconf 83' lang='grc' dir='ltr'><em>αὐτοῦ</em></span> <span class='ocrx_word' id='word_1_40' title='bbox 917 649 996 705; x_wconf 84' lang='grc' dir='ltr'>τὴν</span> <span class='ocrx_word' id='word_1_41' title='bbox 1025 648 1248 704; x_wconf 75' lang='grc' dir='ltr'><em>θυγατέρα</em></span> <span class='ocrx_word' id='word_1_42' title='bbox 1273 644 1368 689; x_wconf 86' lang='grc' dir='ltr'>Ἀν-</span> 
     </span>
     <span class='ocr_line' id='line_1_10' title="bbox 95 716 1368 777; baseline -0.005 -12"><span class='ocrx_word' id='word_1_43' title='bbox 95 720 335 777; x_wconf 81' lang='grc' dir='ltr'><em>δρομέδην,</em></span> <span class='ocrx_word' id='word_1_44' title='bbox 395 719 559 774; x_wconf 72' lang='grc' dir='ltr'><em>γίνεται</em></span> <span class='ocrx_word' id='word_1_45' title='bbox 604 717 724 775; x_wconf 75' lang='grc' dir='ltr'><em>αὐτῷ</em></span> <span class='ocrx_word' id='word_1_46' title='bbox 763 718 868 769; x_wconf 76' lang='grc' dir='ltr'><em>πάϊς</em></span> <span class='ocrx_word' id='word_1_47' title='bbox 917 722 978 776; x_wconf 74' lang='grc' dir='ltr'>τῷ</span> <span class='ocrx_word' id='word_1_48' title='bbox 1021 717 1194 773; x_wconf 82' lang='grc' dir='ltr'><em>οὕνομα</em></span> <span class='ocrx_word' id='word_1_49' title='bbox 1246 716 1368 759; x_wconf 72' lang='grc' dir='ltr'><em>ἔθετο</em></span> 
     </span>
     <span class='ocr_line' id='line_1_11' title="bbox 67 783 1366 844; baseline -0.005 -12"><span class='ocrx_word' id='word_1_50' title='bbox 67 788 289 844; x_wconf 84' lang='grc' dir='ltr'>5Πὲρσην.</span> <span class='ocrx_word' id='word_1_51' title='bbox 329 790 489 830; x_wconf 85' lang='grc' dir='ltr'><em>τοῦτον</em></span> <span class='ocrx_word' id='word_1_52' title='bbox 520 785 565 829; x_wconf 78' lang='grc' dir='ltr'>δὲ</span> <span class='ocrx_word' id='word_1_53' title='bbox 596 784 736 830; x_wconf 79' lang='grc' dir='ltr'><em>αὐτοῦ</em></span> <span class='ocrx_word' id='word_1_54' title='bbox 767 788 1030 830; x_wconf 78' lang='grc' dir='ltr'><em>καταλείπει·</em></span> <span class='ocrx_word' id='word_1_55' title='bbox 1062 785 1260 841; x_wconf 76' lang='grc' dir='ltr'><em>ἐτύγχανε</em></span> <span class='ocrx_word' id='word_1_56' title='bbox 1281 783 1366 838; x_wconf 72' lang='grc' dir='ltr'>γάρ</span> 
     </span>
    </p>
   </div>
   <div class='ocr_carea' id='block_1_9' title="bbox 3 853 1395 981">
    <p class='ocr_par' dir='ltr' id='par_1_9' title="bbox 3 853 1395 981">
     <span class='ocr_line' id='line_1_12' title="bbox 99 853 1041 911; baseline -0.004 -11"><span class='ocrx_word' id='word_1_57' title='bbox 99 856 230 907; x_wconf 78' lang='grc' dir='ltr'><em>ἄπαις</em></span> <span class='ocrx_word' id='word_1_58' title='bbox 269 854 354 899; x_wconf 72' lang='grc' dir='ltr'>ἐών</span> <span class='ocrx_word' id='word_1_59' title='bbox 394 854 417 898; x_wconf 90' lang='grc' dir='ltr'>ὁ</span> <span class='ocrx_word' id='word_1_60' title='bbox 463 854 645 910; x_wconf 78' lang='grc' dir='ltr'><em>Κηφεὺς</em></span> <span class='ocrx_word' id='word_1_61' title='bbox 688 856 862 911; x_wconf 77' lang='grc' dir='ltr'>ἔρσενος</span> <span class='ocrx_word' id='word_1_62' title='bbox 891 853 1041 910; x_wconf 77' lang='grc' dir='ltr'><em>γόνου.</em></span> 
     </span>
     <span class='ocr_line' id='line_1_13' title="bbox 3 918 1395 981; baseline -0.007 -11"><span class='ocrx_word' id='word_1_63' title='bbox 3 924 32 968; x_wconf 82' lang='grc'>2</span> <span class='ocrx_word' id='word_1_64' title='bbox 100 925 146 970; x_wconf 78' lang='grc' dir='ltr'>δὲ</span> <span class='ocrx_word' id='word_1_65' title='bbox 185 924 267 981; x_wconf 76' lang='grc' dir='ltr'>τήν</span> <span class='ocrx_word' id='word_1_66' title='bbox 310 922 560 978; x_wconf 79' lang='grc' dir='ltr'><em>ἐπωνυμίην</em></span> <span class='ocrx_word' id='word_1_67' title='bbox 610 923 748 980; x_wconf 76' lang='grc' dir='ltr'><em>ἔσχον.</em></span> <span class='ocrx_word' id='word_1_68' title='bbox 809 926 961 980; x_wconf 78' lang='grc' dir='ltr'><em>Μῆδοι</em></span> <span class='ocrx_word' id='word_1_69' title='bbox 1010 922 1056 966; x_wconf 80' lang='grc' dir='ltr'>δὲ</span> <span class='ocrx_word' id='word_1_70' title='bbox 1093 921 1174 978; x_wconf 72' lang='grc' dir='ltr'>τήν</span> <span class='ocrx_word' id='word_1_71' title='bbox 1226 918 1395 976; x_wconf 70' lang='grc' dir='ltr'><em>αὐτὴν1</em></span> 
     </span>
    </p>
   </div>
   <div class='ocr_carea' id='block_1_10' title="bbox 10 1126 710 2945">
    <p class='ocr_par' dir='ltr' id='par_1_10' title="bbox 10 1126 710 2945">
     <span class='ocr_line' id='line_1_14' title="bbox 94 1126 704 1183; baseline -0.005 -14"><span class='ocrx_word' id='word_1_72' title='bbox 94 1126 291 1183; x_wconf 78' lang='grc' dir='ltr'>Ἀρταῖοι]</span> <span class='ocrx_word' id='word_1_73' title='bbox 322 1130 385 1168; x_wconf 87' lang='lat' dir='ltr'>Ad</span> <span class='ocrx_word' id='word_1_74' title='bbox 405 1129 479 1168; x_wconf 86' lang='lat' dir='ltr'>hoc</span> <span class='ocrx_word' id='word_1_75' title='bbox 499 1133 704 1169; x_wconf 82' lang='lat' dir='ltr'><strong>Persarum</strong></span> 
     </span>
     <span class='ocr_line' id='line_1_15' title="bbox 38 1189 707 1238; baseline -0.003 -12"><span class='ocrx_word' id='word_1_76' title='bbox 38 1200 183 1226; x_wconf 88' lang='lat' dir='ltr'>nomen</span> <span class='ocrx_word' id='word_1_77' title='bbox 202 1195 370 1238; x_wconf 85' lang='lat' dir='ltr'>spectare</span> <span class='ocrx_word' id='word_1_78' title='bbox 392 1195 531 1225; x_wconf 89' lang='lat' dir='ltr'>terram</span> <span class='ocrx_word' id='word_1_79' title='bbox 560 1189 707 1226; x_wconf 82' lang='lat' dir='ltr'>Artace-</span> 
     </span>
     <span class='ocr_line' id='line_1_16' title="bbox 40 1246 703 1297; baseline -0.002 -14"><span class='ocrx_word' id='word_1_80' title='bbox 40 1258 116 1294; x_wconf 78' lang='lat' dir='ltr'>nen,</span> <span class='ocrx_word' id='word_1_81' title='bbox 139 1258 256 1297; x_wconf 87' lang='lat' dir='ltr'>quam</span> <span class='ocrx_word' id='word_1_82' title='bbox 284 1246 527 1283; x_wconf 81' lang='lat' dir='ltr'>Ptolemaeus</span> <span class='ocrx_word' id='word_1_83' title='bbox 547 1247 654 1282; x_wconf 86' lang='lat' dir='ltr'>novit</span> <span class='ocrx_word' id='word_1_84' title='bbox 673 1258 703 1282; x_wconf 76' lang='lat' dir='ltr'>s·</span> 
     </span>
     <span class='ocr_line' id='line_1_17' title="bbox 10 1302 705 1350; baseline -0.004 -9"><span class='ocrx_word' id='word_1_85' title='bbox 10 1322 18 1327; x_wconf 45' lang='lat' dir='ltr'><em>f</em></span> <span class='ocrx_word' id='word_1_86' title='bbox 40 1302 217 1342; x_wconf 78' lang='lat' dir='ltr'>Ardistan</span> <span class='ocrx_word' id='word_1_87' title='bbox 233 1333 242 1350; x_wconf 89' lang='lat'>‚</span> <span class='ocrx_word' id='word_1_88' title='bbox 273 1309 315 1339; x_wconf 85' lang='lat' dir='ltr'>ut</span> <span class='ocrx_word' id='word_1_89' title='bbox 336 1316 439 1340; x_wconf 86' lang='lat' dir='ltr'>nunc</span> <span class='ocrx_word' id='word_1_90' title='bbox 459 1309 617 1350; x_wconf 81' lang='lat' dir='ltr'>vocant,</span> <span class='ocrx_word' id='word_1_91' title='bbox 640 1315 705 1338; x_wconf 86' lang='lat' dir='ltr'>ar—</span> 
     </span>
     <span class='ocr_line' id='line_1_18' title="bbox 41 1359 705 1411; baseline -0.003 -14"><span class='ocrx_word' id='word_1_92' title='bbox 41 1359 200 1397; x_wconf 86' lang='lat' dir='ltr'>bitratur</span> <span class='ocrx_word' id='word_1_93' title='bbox 227 1361 386 1398; x_wconf 86' lang='lat' dir='ltr'>Rennel.</span> <span class='ocrx_word' id='word_1_94' title='bbox 408 1372 497 1411; x_wconf 81' lang='lat' dir='ltr'>pag.</span> <span class='ocrx_word' id='word_1_95' title='bbox 515 1360 609 1401; x_wconf 81' lang='grc'><strong>509.</strong></span> <span class='ocrx_word' id='word_1_96' title='bbox 631 1359 705 1396; x_wconf 82' lang='lat' dir='ltr'>Ar-</span> 
     </span>
     <span class='ocr_line' id='line_1_19' title="bbox 41 1417 704 1454; baseline -0.003 0"><span class='ocrx_word' id='word_1_97' title='bbox 41 1420 158 1454; x_wconf 80' lang='lat' dir='ltr'>taeam</span> <span class='ocrx_word' id='word_1_98' title='bbox 172 1423 313 1453; x_wconf 88' lang='lat' dir='ltr'>terram</span> <span class='ocrx_word' id='word_1_99' title='bbox 334 1429 355 1453; x_wconf 90' lang='lat' dir='ltr'>a</span> <span class='ocrx_word' id='word_1_100' title='bbox 374 1418 514 1453; x_wconf 89' lang='lat' dir='ltr'>Perseo</span> <span class='ocrx_word' id='word_1_101' title='bbox 534 1430 563 1453; x_wconf 90' lang='lat' dir='ltr'>s.</span> <span class='ocrx_word' id='word_1_102' title='bbox 589 1417 704 1452; x_wconf 86' lang='lat' dir='ltr'>Perse</span> 
     </span>
     <span class='ocr_line' id='line_1_20' title="bbox 43 1472 706 1523; baseline -0.002 -14"><span class='ocrx_word' id='word_1_103' title='bbox 43 1474 136 1509; x_wconf 87' lang='lat' dir='ltr'>olim</span> <span class='ocrx_word' id='word_1_104' title='bbox 156 1480 382 1523; x_wconf 81' lang='lat' dir='ltr'>occupatam</span> <span class='ocrx_word' id='word_1_105' title='bbox 402 1473 515 1510; x_wconf 85' lang='lat' dir='ltr'>fuisse</span> <span class='ocrx_word' id='word_1_106' title='bbox 535 1472 706 1510; x_wconf 83' lang='lat' dir='ltr'>tradide-</span> 
     </span>
     <span class='ocr_line' id='line_1_21' title="bbox 42 1528 704 1580; baseline -0.002 -14"><span class='ocrx_word' id='word_1_107' title='bbox 42 1537 100 1567; x_wconf 87' lang='lat' dir='ltr'>rat</span> <span class='ocrx_word' id='word_1_108' title='bbox 119 1531 350 1578; x_wconf 83' lang='lat' dir='ltr'><strong>Hellanicus,</strong></span> <span class='ocrx_word' id='word_1_109' title='bbox 393 1537 486 1567; x_wconf 85' lang='lat' dir='ltr'>teste</span> <span class='ocrx_word' id='word_1_110' title='bbox 519 1528 704 1580; x_wconf 84' lang='lat' dir='ltr'>Stephan.</span> 
     </span>
     <span class='ocr_line' id='line_1_22' title="bbox 40 1582 705 1637; baseline 0 -15"><span class='ocrx_word' id='word_1_111' title='bbox 40 1588 136 1637; x_wconf 79' lang='lat' dir='ltr'>Byz.</span> <span class='ocrx_word' id='word_1_112' title='bbox 158 1600 187 1623; x_wconf 91' lang='lat' dir='ltr'>s.</span> <span class='ocrx_word' id='word_1_113' title='bbox 209 1600 246 1626; x_wconf 79' lang='lat' dir='ltr'>V.</span> <span class='ocrx_word' id='word_1_114' title='bbox 266 1582 431 1637; x_wconf 77' lang='grc' dir='ltr'><em>Ἀρταῖοι</em></span> <span class='ocrx_word' id='word_1_115' title='bbox 453 1586 555 1636; x_wconf 82' lang='lat' dir='ltr'>(Vid.</span> <span class='ocrx_word' id='word_1_116' title='bbox 572 1588 705 1623; x_wconf 87' lang='lat' dir='ltr'>Hella-</span> 
     </span>
     <span class='ocr_line' id='line_1_23' title="bbox 39 1643 705 1694; baseline 0.005 -15"><span class='ocrx_word' id='word_1_117' title='bbox 39 1645 117 1680; x_wconf 89' lang='lat' dir='ltr'>nici</span> <span class='ocrx_word' id='word_1_118' title='bbox 145 1643 283 1694; x_wconf 84' lang='lat' dir='ltr'>fragm.</span> <span class='ocrx_word' id='word_1_119' title='bbox 303 1657 363 1681; x_wconf 87' lang='lat' dir='ltr'>nr.</span> <span class='ocrx_word' id='word_1_120' title='bbox 386 1646 511 1680; x_wconf 90' lang='lat' dir='ltr'>LXIII</span> <span class='ocrx_word' id='word_1_121' title='bbox 540 1657 628 1694; x_wconf 82' lang='lat' dir='ltr'>pag.</span> <span class='ocrx_word' id='word_1_122' title='bbox 651 1645 705 1684; x_wconf 82' lang='lat'>97</span> 
     </span>
     <span class='ocr_line' id='line_1_24' title="bbox 43 1696 706 1751; baseline 0 -13"><span class='ocrx_word' id='word_1_123' title='bbox 43 1701 188 1750; x_wconf 87' lang='lat' dir='ltr'>Sturz).</span> <span class='ocrx_word' id='word_1_124' title='bbox 231 1701 302 1746; x_wconf 81' lang='lat' dir='ltr'>Qui</span> <span class='ocrx_word' id='word_1_125' title='bbox 322 1700 426 1737; x_wconf 89' lang='lat' dir='ltr'>idem</span> <span class='ocrx_word' id='word_1_126' title='bbox 439 1700 594 1738; x_wconf 77' lang='lat' dir='ltr'>tradidit</span> <span class='ocrx_word' id='word_1_127' title='bbox 609 1696 706 1751; x_wconf 77' lang='grc' dir='ltr'>Ἀρ-</span> 
     </span>
     <span class='ocr_line' id='line_1_25' title="bbox 41 1757 706 1809; baseline -0.003 -13"><span class='ocrx_word' id='word_1_128' title='bbox 41 1757 178 1804; x_wconf 84' lang='grc' dir='ltr'><em>ταίους</em></span> <span class='ocrx_word' id='word_1_129' title='bbox 197 1757 299 1808; x_wconf 89' lang='lat' dir='ltr'>apud</span> <span class='ocrx_word' id='word_1_130' title='bbox 309 1759 441 1795; x_wconf 82' lang='lat' dir='ltr'>Persas</span> <span class='ocrx_word' id='word_1_131' title='bbox 450 1759 590 1806; x_wconf 79' lang='lat' dir='ltr'>vocari,</span> <span class='ocrx_word' id='word_1_132' title='bbox 610 1770 706 1809; x_wconf 90' lang='lat' dir='ltr'>quos</span> 
     </span>
     <span class='ocr_line' id='line_1_26' title="bbox 43 1815 706 1868; baseline -0.002 -17"><span class='ocrx_word' id='word_1_133' title='bbox 43 1815 180 1868; x_wconf 58' lang='lat' dir='ltr'>Graeci</span> <span class='ocrx_word' id='word_1_134' title='bbox 201 1816 394 1865; x_wconf 81' lang='lat' dir='ltr'>appellent</span> <span class='ocrx_word' id='word_1_135' title='bbox 405 1815 541 1852; x_wconf 79' lang='lat' dir='ltr'>heroes:</span> <span class='ocrx_word' id='word_1_136' title='bbox 563 1822 604 1851; x_wconf 88' lang='lat' dir='ltr'>ut</span> <span class='ocrx_word' id='word_1_137' title='bbox 615 1827 706 1851; x_wconf 81' lang='lat' dir='ltr'>sane</span> 
     </span>
     <span class='ocr_line' id='line_1_27' title="bbox 40 1866 707 1924; baseline -0.006 -13"><span class='ocrx_word' id='word_1_138' title='bbox 40 1866 209 1923; x_wconf 78' lang='grc' dir='ltr'><em>Ἀρταῖοι</em></span> <span class='ocrx_word' id='word_1_139' title='bbox 239 1871 451 1909; x_wconf 82' lang='lat' dir='ltr'>habeantur</span> <span class='ocrx_word' id='word_1_140' title='bbox 470 1872 595 1924; x_wconf 80' lang='lat' dir='ltr'>fortes,</span> <span class='ocrx_word' id='word_1_141' title='bbox 626 1884 707 1908; x_wconf 82' lang='lat' dir='ltr'>ma-</span> 
     </span>
     <span class='ocr_line' id='line_1_28' title="bbox 42 1927 707 1980; baseline -0.002 -15"><span class='ocrx_word' id='word_1_142' title='bbox 42 1929 127 1978; x_wconf 80' lang='lat' dir='ltr'>gni,</span> <span class='ocrx_word' id='word_1_143' title='bbox 167 1928 305 1966; x_wconf 74' lang='lat' dir='ltr'>heroes:</span> <span class='ocrx_word' id='word_1_144' title='bbox 348 1942 425 1980; x_wconf 89' lang='lat' dir='ltr'>quo</span> <span class='ocrx_word' id='word_1_145' title='bbox 446 1929 573 1979; x_wconf 90' lang='lat' dir='ltr'>ipsum</span> <span class='ocrx_word' id='word_1_146' title='bbox 601 1927 707 1965; x_wconf 88' lang='lat' dir='ltr'>ducit</span> 
     </span>
     <span class='ocr_line' id='line_1_29' title="bbox 43 1985 706 2033; baseline 0 -13"><span class='ocrx_word' id='word_1_147' title='bbox 43 1998 187 2021; x_wconf 88' lang='lat' dir='ltr'>nomeu</span> <span class='ocrx_word' id='word_1_148' title='bbox 198 1985 278 2033; x_wconf 77' lang='lat' dir='ltr'>Art,</span> <span class='ocrx_word' id='word_1_149' title='bbox 300 1986 404 2022; x_wconf 87' lang='lat' dir='ltr'>cuius</span> <span class='ocrx_word' id='word_1_150' title='bbox 426 1986 615 2022; x_wconf 82' lang='lat' dir='ltr'>rationem</span> <span class='ocrx_word' id='word_1_151' title='bbox 636 1998 706 2020; x_wconf 88' lang='lat' dir='ltr'>ex—</span> 
     </span>
     <span class='ocr_line' id='line_1_30' title="bbox 43 2040 706 2092; baseline -0.002 -14"><span class='ocrx_word' id='word_1_152' title='bbox 43 2042 239 2092; x_wconf 84' lang='lat' dir='ltr'>posuimus</span> <span class='ocrx_word' id='word_1_153' title='bbox 280 2040 328 2078; x_wconf 80' lang='lat' dir='ltr'>ad</span> <span class='ocrx_word' id='word_1_154' title='bbox 362 2043 426 2089; x_wconf 86' lang='lat' dir='ltr'>VI,</span> <span class='ocrx_word' id='word_1_155' title='bbox 467 2044 534 2082; x_wconf 79' lang='grc'><strong>98.</strong></span> <span class='ocrx_word' id='word_1_156' title='bbox 604 2042 706 2086; x_wconf 81' lang='lat' dir='ltr'>Quin</span> 
     </span>
     <span class='ocr_line' id='line_1_31' title="bbox 41 2097 706 2149; baseline 0 -15"><span class='ocrx_word' id='word_1_157' title='bbox 41 2100 167 2149; x_wconf 89' lang='lat' dir='ltr'>ipsum</span> <span class='ocrx_word' id='word_1_158' title='bbox 207 2099 375 2135; x_wconf 83' lang='lat' dir='ltr'>Graecae</span> <span class='ocrx_word' id='word_1_159' title='bbox 421 2097 515 2134; x_wconf 86' lang='lat' dir='ltr'>deae</span> <span class='ocrx_word' id='word_1_160' title='bbox 561 2111 706 2134; x_wconf 82' lang='lat' dir='ltr'>nomeu</span> 
     </span>
     <span class='ocr_line' id='line_1_32' title="bbox 31 2151 707 2207; baseline -0.004 -14"><span class='ocrx_word' id='word_1_161' title='bbox 31 2151 224 2207; x_wconf 84' lang='grc' dir='ltr'><em>”Αρτεμις</em></span> <span class='ocrx_word' id='word_1_162' title='bbox 252 2168 297 2192; x_wconf 85' lang='lat' dir='ltr'>eo</span> <span class='ocrx_word' id='word_1_163' title='bbox 325 2155 457 2191; x_wconf 87' lang='lat' dir='ltr'>referri</span> <span class='ocrx_word' id='word_1_164' title='bbox 481 2156 563 2192; x_wconf 90' lang='lat' dir='ltr'>vult</span> <span class='ocrx_word' id='word_1_165' title='bbox 585 2156 707 2192; x_wconf 86' lang='lat' dir='ltr'>Creu-</span> 
     </span>
     <span class='ocr_line' id='line_1_33' title="bbox 43 2212 706 2263; baseline 0 -15"><span class='ocrx_word' id='word_1_166' title='bbox 43 2225 118 2248; x_wconf 85' lang='lat' dir='ltr'>zer.</span> <span class='ocrx_word' id='word_1_167' title='bbox 141 2212 316 2263; x_wconf 88' lang='lat' dir='ltr'>Symbol.</span> <span class='ocrx_word' id='word_1_168' title='bbox 337 2214 355 2248; x_wconf 95' lang='grc' dir='ltr'><strong>Ι</strong></span> <span class='ocrx_word' id='word_1_169' title='bbox 374 2225 461 2263; x_wconf 88' lang='lat' dir='ltr'>pag.</span> <span class='ocrx_word' id='word_1_170' title='bbox 484 2215 581 2253; x_wconf 83' lang='lat'><strong>736.</strong></span> <span class='ocrx_word' id='word_1_171' title='bbox 633 2213 706 2248; x_wconf 85' lang='lat' dir='ltr'>At-</span> 
     </span>
     <span class='ocr_line' id='line_1_34' title="bbox 45 2267 706 2320; baseline 0 -15"><span class='ocrx_word' id='word_1_172' title='bbox 45 2280 120 2320; x_wconf 88' lang='lat' dir='ltr'>que</span> <span class='ocrx_word' id='word_1_173' title='bbox 139 2269 170 2305; x_wconf 87' lang='lat' dir='ltr'>l.</span> <span class='ocrx_word' id='word_1_174' title='bbox 193 2267 240 2305; x_wconf 89' lang='lat' dir='ltr'>de</span> <span class='ocrx_word' id='word_1_175' title='bbox 261 2271 471 2305; x_wconf 87' lang='lat' dir='ltr'>Hammero</span> <span class='ocrx_word' id='word_1_176' title='bbox 493 2275 646 2305; x_wconf 87' lang='lat' dir='ltr'>auctore</span> <span class='ocrx_word' id='word_1_177' title='bbox 665 2270 706 2304; x_wconf 88' lang='lat' dir='ltr'>in</span> 
     </span>
     <span class='ocr_line' id='line_1_35' title="bbox 45 2324 705 2376; baseline 0.002 -15"><span class='ocrx_word' id='word_1_178' title='bbox 45 2325 198 2364; x_wconf 85' lang='lat' dir='ltr'>Annall.</span> <span class='ocrx_word' id='word_1_179' title='bbox 219 2327 356 2365; x_wconf 87' lang='lat' dir='ltr'>Vienn.</span> <span class='ocrx_word' id='word_1_180' title='bbox 387 2327 446 2362; x_wconf 91' lang='lat' dir='ltr'>IX</span> <span class='ocrx_word' id='word_1_181' title='bbox 475 2340 515 2376; x_wconf 90' lang='lat' dir='ltr'>p.</span> <span class='ocrx_word' id='word_1_182' title='bbox 543 2324 596 2366; x_wconf 80' lang='lat'>54</span> <span class='ocrx_word' id='word_1_183' title='bbox 618 2326 705 2362; x_wconf 92' lang='lat' dir='ltr'>coll.</span> 
     </span>
     <span class='ocr_line' id='line_1_36' title="bbox 45 2382 706 2434; baseline -0.003 -13"><span class='ocrx_word' id='word_1_184' title='bbox 45 2383 101 2423; x_wconf 84' lang='lat'>72</span> <span class='ocrx_word' id='word_1_185' title='bbox 121 2389 158 2419; x_wconf 83' lang='lat' dir='ltr'>et</span> <span class='ocrx_word' id='word_1_186' title='bbox 179 2383 218 2419; x_wconf 94' lang='lat' dir='ltr'>X</span> <span class='ocrx_word' id='word_1_187' title='bbox 239 2396 278 2434; x_wconf 89' lang='lat' dir='ltr'>p.</span> <span class='ocrx_word' id='word_1_188' title='bbox 300 2382 395 2431; x_wconf 83' lang='lat'><strong>243,</strong></span> <span class='ocrx_word' id='word_1_189' title='bbox 418 2384 485 2434; x_wconf 90' lang='lat' dir='ltr'>qui</span> <span class='ocrx_word' id='word_1_190' title='bbox 511 2382 663 2433; x_wconf 75' lang='lat' dir='ltr'>Cepheus</span> <span class='ocrx_word' id='word_1_191' title='bbox 684 2395 706 2419; x_wconf 91' lang='lat' dir='ltr'>a</span> 
     </span>
     <span class='ocr_line' id='line_1_37' title="bbox 47 2438 707 2488; baseline 0.002 -13"><span class='ocrx_word' id='word_1_192' title='bbox 47 2438 198 2476; x_wconf 87' lang='lat' dir='ltr'>Graecis</span> <span class='ocrx_word' id='word_1_193' title='bbox 218 2446 396 2488; x_wconf 83' lang='lat' dir='ltr'>vocatur,</span> <span class='ocrx_word' id='word_1_194' title='bbox 426 2441 630 2477; x_wconf 84' lang='lat' dir='ltr'>Persarum</span> <span class='ocrx_word' id='word_1_195' title='bbox 652 2445 707 2476; x_wconf 87' lang='lat' dir='ltr'>est</span> 
     </span>
     <span class='ocr_line' id='line_1_38' title="bbox 44 2494 706 2547; baseline 0.002 -16"><span class='ocrx_word' id='word_1_196' title='bbox 44 2495 109 2531; x_wconf 87' lang='lat' dir='ltr'>ille</span> <span class='ocrx_word' id='word_1_197' title='bbox 128 2494 239 2533; x_wconf 88' lang='lat' dir='ltr'>heros</span> <span class='ocrx_word' id='word_1_198' title='bbox 261 2497 542 2547; x_wconf 83' lang='lat' dir='ltr'>antiquissimus</span> <span class='ocrx_word' id='word_1_199' title='bbox 563 2495 645 2534; x_wconf 78' lang='lat' dir='ltr'>Kz‘w</span> <span class='ocrx_word' id='word_1_200' title='bbox 665 2497 706 2532; x_wconf 87' lang='lat' dir='ltr'>in</span> 
     </span>
     <span class='ocr_line' id='line_1_39' title="bbox 47 2551 708 2590; baseline 0.002 -2"><span class='ocrx_word' id='word_1_201' title='bbox 47 2553 215 2589; x_wconf 89' lang='lat' dir='ltr'>carmine</span> <span class='ocrx_word' id='word_1_202' title='bbox 255 2551 555 2590; x_wconf 83' lang='lat' dir='ltr'>Schahnalnneh</span> <span class='ocrx_word' id='word_1_203' title='bbox 605 2554 708 2590; x_wconf 90' lang='lat' dir='ltr'>cele-</span> 
     </span>
     <span class='ocr_line' id='line_1_40' title="bbox 45 2608 708 2660; baseline 0.006 -16"><span class='ocrx_word' id='word_1_204' title='bbox 45 2608 196 2656; x_wconf 81' lang='lat' dir='ltr'>bratus,</span> <span class='ocrx_word' id='word_1_205' title='bbox 225 2608 329 2645; x_wconf 88' lang='lat' dir='ltr'>unde</span> <span class='ocrx_word' id='word_1_206' title='bbox 348 2610 419 2659; x_wconf 90' lang='lat' dir='ltr'>ipsi</span> <span class='ocrx_word' id='word_1_207' title='bbox 445 2611 583 2647; x_wconf 83' lang='lat' dir='ltr'>Persae</span> <span class='ocrx_word' id='word_1_208' title='bbox 620 2612 708 2660; x_wconf 86' lang='grc' dir='ltr'>Κη-</span> 
     </span>
     <span class='ocr_line' id='line_1_41' title="bbox 47 2665 710 2717; baseline -0.003 -13"><span class='ocrx_word' id='word_1_209' title='bbox 47 2667 173 2715; x_wconf 79' lang='grc' dir='ltr'><em>φῆνες</em></span> <span class='ocrx_word' id='word_1_210' title='bbox 192 2666 217 2701; x_wconf 87' lang='lat' dir='ltr'>i.</span> <span class='ocrx_word' id='word_1_211' title='bbox 240 2665 489 2713; x_wconf 77' lang='lat' dir='ltr'>e.Kianidae3</span> <span class='ocrx_word' id='word_1_212' title='bbox 511 2667 577 2717; x_wconf 89' lang='lat' dir='ltr'>qui</span> <span class='ocrx_word' id='word_1_213' title='bbox 587 2666 710 2703; x_wconf 87' lang='lat' dir='ltr'>Grae-</span> 
     </span>
     <span class='ocr_line' id='line_1_42' title="bbox 48 2719 708 2775; baseline 0.003 -17"><span class='ocrx_word' id='word_1_214' title='bbox 48 2722 99 2758; x_wconf 82' lang='lat' dir='ltr'>ciS</span> <span class='ocrx_word' id='word_1_215' title='bbox 115 2719 249 2775; x_wconf 84' lang='grc' dir='ltr'><em>”Αρης</em></span> <span class='ocrx_word' id='word_1_216' title='bbox 270 2729 343 2770; x_wconf 86' lang='lat' dir='ltr'>est,</span> <span class='ocrx_word' id='word_1_217' title='bbox 375 2734 397 2758; x_wconf 88' lang='lat' dir='ltr'>a</span> <span class='ocrx_word' id='word_1_218' title='bbox 416 2723 538 2759; x_wconf 86' lang='lat' dir='ltr'>Persis</span> <span class='ocrx_word' id='word_1_219' title='bbox 550 2730 708 2760; x_wconf 85' lang='lat' dir='ltr'>vocatur</span> 
     </span>
     <span class='ocr_line' id='line_1_43' title="bbox 47 2777 709 2831; baseline 0.002 -16"><span class='ocrx_word' id='word_1_220' title='bbox 47 2777 187 2827; x_wconf 79' lang='lat' dir='ltr'>Aresch,</span> <span class='ocrx_word' id='word_1_221' title='bbox 218 2792 240 2815; x_wconf 84' lang='lat' dir='ltr'>a</span> <span class='ocrx_word' id='word_1_222' title='bbox 267 2792 343 2831; x_wconf 88' lang='lat' dir='ltr'>quo</span> <span class='ocrx_word' id='word_1_223' title='bbox 362 2779 444 2830; x_wconf 89' lang='lat' dir='ltr'>ipso</span> <span class='ocrx_word' id='word_1_224' title='bbox 458 2780 612 2830; x_wconf 83' lang='lat' dir='ltr'>stirpem</span> <span class='ocrx_word' id='word_1_225' title='bbox 634 2778 709 2816; x_wconf 94' lang='lat' dir='ltr'>du-</span> 
     </span>
     <span class='ocr_line' id='line_1_44' title="bbox 50 2829 709 2888; baseline 0.002 -18"><span class='ocrx_word' id='word_1_226' title='bbox 50 2829 358 2887; x_wconf 68' lang='grc' dir='ltr'><em>οιιῃῖἈρταῖοι,</em></span> <span class='ocrx_word' id='word_1_227' title='bbox 401 2836 468 2888; x_wconf 89' lang='lat' dir='ltr'>qui</span> <span class='ocrx_word' id='word_1_228' title='bbox 506 2836 709 2872; x_wconf 88' lang='lat' dir='ltr'>Persarum</span> 
     </span>
     <span class='ocr_line' id='line_1_45' title="bbox 53 2891 709 2945; baseline 0.003 -19"><span class='ocrx_word' id='word_1_229' title='bbox 53 2898 139 2929; x_wconf 85' lang='lat' dir='ltr'>suut</span> <span class='ocrx_word' id='word_1_230' title='bbox 194 2891 420 2930; x_wconf 86' lang='lat' dir='ltr'>Heraclidae</span> <span class='ocrx_word' id='word_1_231' title='bbox 466 2904 709 2945; x_wconf 90' lang='lat' dir='ltr'>quorumque</span> 
     </span>
    </p>
   </div>
   <div class='ocr_carea' id='block_1_11' title="bbox 1101 851 1367 896">
    <p class='ocr_par' dir='ltr' id='par_1_11' title="bbox 1101 851 1367 896">
     <span class='ocr_line' id='line_1_46' title="bbox 1101 851 1367 896; baseline -0.011 0"><span class='ocrx_word' id='word_1_232' title='bbox 1101 853 1168 896; x_wconf 77' lang='grc' dir='ltr'>ἐπὶ</span> <span class='ocrx_word' id='word_1_233' title='bbox 1205 851 1367 895; x_wconf 83' lang='grc' dir='ltr'><em>τούτου</em></span> 
     </span>
    </p>
   </div>
   <div class='ocr_carea' id='block_1_12' title="bbox 759 1126 1428 2608">
    <p class='ocr_par' dir='ltr' id='par_1_12' title="bbox 759 1126 1428 1911">
     <span class='ocr_line' id='line_1_47' title="bbox 761 1126 1424 1183; baseline -0.009 -14"><span class='ocrx_word' id='word_1_234' title='bbox 761 1133 869 1183; x_wconf 78' lang='lat' dir='ltr'>stirps</span> <span class='ocrx_word' id='word_1_235' title='bbox 900 1132 1084 1168; x_wconf 74' lang='lat' dir='ltr'>exstincta</span> <span class='ocrx_word' id='word_1_236' title='bbox 1113 1136 1168 1167; x_wconf 83' lang='lat' dir='ltr'>est</span> <span class='ocrx_word' id='word_1_237' title='bbox 1197 1141 1287 1166; x_wconf 89' lang='lat' dir='ltr'>cum</span> <span class='ocrx_word' id='word_1_238' title='bbox 1306 1126 1424 1164; x_wconf 66' lang='lat' dir='ltr'>heroe</span> 
     </span>
     <span class='ocr_line' id='line_1_48' title="bbox 760 1186 1425 1226; baseline -0.006 -1"><span class='ocrx_word' id='word_1_239' title='bbox 760 1189 967 1226; x_wconf 80' lang='lat' dir='ltr'>Ardewau.</span> <span class='ocrx_word' id='word_1_240' title='bbox 1025 1186 1104 1225; x_wconf 85' lang='lat' dir='ltr'>Sed</span> <span class='ocrx_word' id='word_1_241' title='bbox 1143 1186 1257 1223; x_wconf 88' lang='lat' dir='ltr'>hosce</span> <span class='ocrx_word' id='word_1_242' title='bbox 1277 1186 1425 1222; x_wconf 78' lang='lat' dir='ltr'>Artaeos</span> 
     </span>
     <span class='ocr_line' id='line_1_49' title="bbox 761 1242 1422 1294; baseline -0.009 -11"><span class='ocrx_word' id='word_1_243' title='bbox 761 1247 859 1284; x_wconf 88' lang='lat' dir='ltr'>bene</span> <span class='ocrx_word' id='word_1_244' title='bbox 882 1245 1062 1294; x_wconf 79' lang='lat' dir='ltr'>distingui</span> <span class='ocrx_word' id='word_1_245' title='bbox 1073 1245 1135 1280; x_wconf 90' lang='lat' dir='ltr'>ille</span> <span class='ocrx_word' id='word_1_246' title='bbox 1149 1244 1230 1280; x_wconf 77' lang='lat' dir='ltr'>vult</span> <span class='ocrx_word' id='word_1_247' title='bbox 1251 1244 1297 1279; x_wconf 88' lang='lat' dir='ltr'>ab</span> <span class='ocrx_word' id='word_1_248' title='bbox 1314 1242 1422 1290; x_wconf 59' lang='lat' dir='ltr'>Ardis,</span> 
     </span>
     <span class='ocr_line' id='line_1_50' title="bbox 762 1299 1424 1355; baseline -0.008 -15"><span class='ocrx_word' id='word_1_249' title='bbox 762 1316 927 1355; x_wconf 87' lang='lat' dir='ltr'>quorum</span> <span class='ocrx_word' id='word_1_250' title='bbox 948 1303 1092 1338; x_wconf 76' lang='lat' dir='ltr'>mentio</span> <span class='ocrx_word' id='word_1_251' title='bbox 1114 1300 1156 1337; x_wconf 87' lang='lat' dir='ltr'>fit</span> <span class='ocrx_word' id='word_1_252' title='bbox 1176 1299 1279 1350; x_wconf 88' lang='lat' dir='ltr'>apud</span> <span class='ocrx_word' id='word_1_253' title='bbox 1299 1301 1424 1335; x_wconf 82' lang='lat' dir='ltr'>Hero-</span> 
     </span>
     <span class='ocr_line' id='line_1_51' title="bbox 761 1357 1426 1407; baseline -0.011 -10"><span class='ocrx_word' id='word_1_254' title='bbox 761 1360 897 1397; x_wconf 88' lang='lat' dir='ltr'>dotum</span> <span class='ocrx_word' id='word_1_255' title='bbox 934 1360 1016 1407; x_wconf 84' lang='lat' dir='ltr'>VII,</span> <span class='ocrx_word' id='word_1_256' title='bbox 1048 1361 1115 1399; x_wconf 86' lang='lat'>62.</span> <span class='ocrx_word' id='word_1_257' title='bbox 1172 1359 1271 1393; x_wconf 88' lang='lat' dir='ltr'>Nam</span> <span class='ocrx_word' id='word_1_258' title='bbox 1309 1357 1353 1392; x_wconf 87' lang='lat' dir='ltr'>iis</span> <span class='ocrx_word' id='word_1_259' title='bbox 1383 1357 1426 1391; x_wconf 87' lang='lat' dir='ltr'>iu</span> 
     </span>
     <span class='ocr_line' id='line_1_52' title="bbox 761 1412 1427 1455; baseline -0.012 0"><span class='ocrx_word' id='word_1_260' title='bbox 761 1418 930 1455; x_wconf 85' lang='lat' dir='ltr'>carmine</span> <span class='ocrx_word' id='word_1_261' title='bbox 952 1412 1255 1454; x_wconf 86' lang='lat' dir='ltr'>Schahnahmeh</span> <span class='ocrx_word' id='word_1_262' title='bbox 1280 1425 1427 1449; x_wconf 84' lang='lat' dir='ltr'>nomen</span> 
     </span>
     <span class='ocr_line' id='line_1_53' title="bbox 759 1470 1427 1522; baseline -0.01 -10"><span class='ocrx_word' id='word_1_263' title='bbox 759 1475 907 1513; x_wconf 76' lang='lat' dir='ltr'>Arman.</span> <span class='ocrx_word' id='word_1_264' title='bbox 965 1475 1023 1509; x_wconf 94' lang='lat' dir='ltr'>De</span> <span class='ocrx_word' id='word_1_265' title='bbox 1048 1472 1179 1522; x_wconf 74' lang='lat' dir='ltr'>Cepheo</span> <span class='ocrx_word' id='word_1_266' title='bbox 1201 1478 1237 1508; x_wconf 83' lang='lat' dir='ltr'>et</span> <span class='ocrx_word' id='word_1_267' title='bbox 1259 1470 1427 1519; x_wconf 69' lang='lat' dir='ltr'>Ceplzenis</span> 
     </span>
     <span class='ocr_line' id='line_1_54' title="bbox 761 1527 1425 1569; baseline -0.009 -1"><span class='ocrx_word' id='word_1_268' title='bbox 761 1532 861 1569; x_wconf 89' lang='lat' dir='ltr'>conf.</span> <span class='ocrx_word' id='word_1_269' title='bbox 884 1531 998 1567; x_wconf 86' lang='lat' dir='ltr'>etiam</span> <span class='ocrx_word' id='word_1_270' title='bbox 1021 1531 1146 1566; x_wconf 75' lang='lat' dir='ltr'>SturZ.</span> <span class='ocrx_word' id='word_1_271' title='bbox 1168 1527 1216 1564; x_wconf 84' lang='lat' dir='ltr'>ad</span> <span class='ocrx_word' id='word_1_272' title='bbox 1237 1527 1425 1563; x_wconf 86' lang='lat' dir='ltr'>Hellanic.</span> 
     </span>
     <span class='ocr_line' id='line_1_55' title="bbox 759 1583 1428 1639; baseline -0.009 -14"><span class='ocrx_word' id='word_1_273' title='bbox 759 1601 848 1639; x_wconf 84' lang='lat' dir='ltr'>pag.</span> <span class='ocrx_word' id='word_1_274' title='bbox 870 1590 938 1629; x_wconf 83' lang='lat'>98.</span> <span class='ocrx_word' id='word_1_275' title='bbox 969 1588 1144 1624; x_wconf 85' lang='lat' dir='ltr'>Creuzer.</span> <span class='ocrx_word' id='word_1_276' title='bbox 1168 1585 1332 1622; x_wconf 87' lang='lat' dir='ltr'>conferri</span> <span class='ocrx_word' id='word_1_277' title='bbox 1344 1583 1428 1621; x_wconf 81' lang='lat' dir='ltr'>vult</span> 
     </span>
     <span class='ocr_line' id='line_1_56' title="bbox 760 1639 1427 1684; baseline -0.01 -2"><span class='ocrx_word' id='word_1_278' title='bbox 760 1643 939 1684; x_wconf 86' lang='lat' dir='ltr'>Larcher.</span> <span class='ocrx_word' id='word_1_279' title='bbox 958 1646 997 1680; x_wconf 86' lang='lat' dir='ltr'>in</span> <span class='ocrx_word' id='word_1_280' title='bbox 1014 1644 1218 1680; x_wconf 78' lang='lat' dir='ltr'>Memoires</span> <span class='ocrx_word' id='word_1_281' title='bbox 1234 1639 1427 1678; x_wconf 77' lang='lat' dir='ltr'>d’liistoire</span> 
     </span>
     <span class='ocr_line' id='line_1_57' title="bbox 764 1696 1426 1754; baseline -0.006 -16"><span class='ocrx_word' id='word_1_282' title='bbox 764 1700 885 1754; x_wconf 81' lang='lat' dir='ltr'>(Paris</span> <span class='ocrx_word' id='word_1_283' title='bbox 909 1701 1043 1752; x_wconf 77' lang='grc'><strong>1815)</strong></span> <span class='ocrx_word' id='word_1_284' title='bbox 1075 1702 1126 1737; x_wconf 88' lang='grc' dir='ltr'>Τ.</span> <span class='ocrx_word' id='word_1_285' title='bbox 1153 1701 1190 1736; x_wconf 91' lang='lat' dir='ltr'>II</span> <span class='ocrx_word' id='word_1_286' title='bbox 1220 1711 1308 1750; x_wconf 82' lang='lat' dir='ltr'>pag.</span> <span class='ocrx_word' id='word_1_287' title='bbox 1330 1696 1426 1737; x_wconf 77' lang='grc'><strong>409.</strong></span> 
     </span>
     <span class='ocr_line' id='line_1_58' title="bbox 763 1757 1428 1805; baseline -0.011 -9"><span class='ocrx_word' id='word_1_288' title='bbox 763 1761 837 1805; x_wconf 79' lang='lat' dir='ltr'>Qui</span> <span class='ocrx_word' id='word_1_289' title='bbox 858 1758 1004 1796; x_wconf 74' lang='lat' dir='ltr'>Perseus</span> <span class='ocrx_word' id='word_1_290' title='bbox 1030 1771 1052 1795; x_wconf 85' lang='lat' dir='ltr'>a</span> <span class='ocrx_word' id='word_1_291' title='bbox 1083 1757 1236 1794; x_wconf 84' lang='lat' dir='ltr'>Graecis</span> <span class='ocrx_word' id='word_1_292' title='bbox 1268 1761 1428 1791; x_wconf 81' lang='lat' dir='ltr'>vocatur</span> 
     </span>
     <span class='ocr_line' id='line_1_59' title="bbox 762 1810 1427 1860; baseline -0.011 -7"><span class='ocrx_word' id='word_1_293' title='bbox 762 1819 967 1854; x_wconf 85' lang='lat' dir='ltr'>Persarum</span> <span class='ocrx_word' id='word_1_294' title='bbox 1004 1822 1058 1852; x_wconf 83' lang='lat' dir='ltr'>est</span> <span class='ocrx_word' id='word_1_295' title='bbox 1095 1814 1245 1860; x_wconf 78' lang='lat' dir='ltr'>Bersin,</span> <span class='ocrx_word' id='word_1_296' title='bbox 1288 1810 1427 1848; x_wconf 86' lang='lat' dir='ltr'>eodem</span> 
     </span>
     <span class='ocr_line' id='line_1_60' title="bbox 764 1870 1260 1911; baseline -0.008 0"><span class='ocrx_word' id='word_1_297' title='bbox 764 1873 926 1911; x_wconf 87' lang='lat' dir='ltr'>docente</span> <span class='ocrx_word' id='word_1_298' title='bbox 956 1874 1165 1908; x_wconf 89' lang='lat' dir='ltr'>Hammero</span> <span class='ocrx_word' id='word_1_299' title='bbox 1185 1871 1211 1908; x_wconf 92' lang='lat' dir='ltr'>l.</span> <span class='ocrx_word' id='word_1_300' title='bbox 1231 1870 1260 1907; x_wconf 85' lang='lat' dir='ltr'>l.</span> 
     </span>
    </p>

    <p class='ocr_par' dir='ltr' id='par_1_13' title="bbox 761 1919 1428 2608">
     <span class='ocr_line' id='line_1_61' title="bbox 819 1919 1427 1980; baseline -0.013 -11"><span class='ocrx_word' id='word_1_301' title='bbox 819 1928 904 1970; x_wconf 79' lang='grc' dir='ltr'>ἐπεὶ</span> <span class='ocrx_word' id='word_1_302' title='bbox 937 1926 979 1968; x_wconf 81' lang='grc' dir='ltr'>δὲ</span> <span class='ocrx_word' id='word_1_303' title='bbox 1009 1924 1188 1980; x_wconf 69' lang='grc' dir='ltr'><em>Περσεύς</em></span> <span class='ocrx_word' id='word_1_304' title='bbox 1219 1924 1242 1965; x_wconf 81' lang='grc' dir='ltr'><em>ὅ</em></span> <span class='ocrx_word' id='word_1_305' title='bbox 1264 1919 1427 1974; x_wconf 72' lang='grc' dir='ltr'><em>Δανάης</em></span> 
     </span>
     <span class='ocr_line' id='line_1_62' title="bbox 762 1982 1428 2032; baseline -0.012 -7"><span class='ocrx_word' id='word_1_306' title='bbox 762 2001 802 2026; x_wconf 88' lang='grc' dir='ltr'>τε</span> <span class='ocrx_word' id='word_1_307' title='bbox 835 1985 902 2025; x_wconf 70' lang='grc' dir='ltr'>καὶ</span> <span class='ocrx_word' id='word_1_308' title='bbox 931 1982 1032 2032; x_wconf 59' lang='lat' dir='ltr'>Ande</span> <span class='ocrx_word' id='word_1_309' title='bbox 1066 2000 1104 2023; x_wconf 83' lang='grc' dir='ltr'><strong>κ.</strong></span> <span class='ocrx_word' id='word_1_310' title='bbox 1136 1998 1168 2022; x_wconf 79' lang='grc' dir='ltr'>τ.</span> <span class='ocrx_word' id='word_1_311' title='bbox 1192 1983 1250 2031; x_wconf 82' lang='grc' dir='ltr'>λ.]</span> <span class='ocrx_word' id='word_1_312' title='bbox 1282 1982 1428 2031; x_wconf 80' lang='lat' dir='ltr'>Tangit</span> 
     </span>
     <span class='ocr_line' id='line_1_63' title="bbox 761 2039 1427 2091; baseline -0.009 -11"><span class='ocrx_word' id='word_1_313' title='bbox 761 2041 936 2080; x_wconf 86' lang='lat' dir='ltr'>Eustath.</span> <span class='ocrx_word' id='word_1_314' title='bbox 987 2041 1034 2078; x_wconf 88' lang='lat' dir='ltr'>ad</span> <span class='ocrx_word' id='word_1_315' title='bbox 1078 2042 1237 2091; x_wconf 78' lang='lat' dir='ltr'>DionyS.</span> <span class='ocrx_word' id='word_1_316' title='bbox 1274 2039 1427 2088; x_wconf 82' lang='lat' dir='ltr'>Perieg.</span> 
     </span>
     <span class='ocr_line' id='line_1_64' title="bbox 766 2095 1427 2141; baseline -0.017 0"><span class='ocrx_word' id='word_1_317' title='bbox 766 2100 886 2140; x_wconf 81' lang='lat'>1056.</span> <span class='ocrx_word' id='word_1_318' title='bbox 945 2100 1010 2135; x_wconf 91' lang='lat' dir='ltr'>Tu</span> <span class='ocrx_word' id='word_1_319' title='bbox 1041 2099 1141 2136; x_wconf 85' lang='lat' dir='ltr'>conf.</span> <span class='ocrx_word' id='word_1_320' title='bbox 1173 2095 1316 2134; x_wconf 82' lang='lat' dir='ltr'>Herod.</span> <span class='ocrx_word' id='word_1_321' title='bbox 1344 2095 1427 2141; x_wconf 82' lang='lat' dir='ltr'>VH,</span> 
     </span>
     <span class='ocr_line' id='line_1_65' title="bbox 767 2150 1428 2207; baseline -0.009 -13"><span class='ocrx_word' id='word_1_322' title='bbox 767 2158 845 2198; x_wconf 85' lang='lat'>150</span> <span class='ocrx_word' id='word_1_323' title='bbox 869 2163 906 2193; x_wconf 82' lang='lat' dir='ltr'>et</span> <span class='ocrx_word' id='word_1_324' title='bbox 925 2157 988 2203; x_wconf 87' lang='lat' dir='ltr'>VI,</span> <span class='ocrx_word' id='word_1_325' title='bbox 1011 2154 1064 2196; x_wconf 75' lang='lat'>54</span> <span class='ocrx_word' id='word_1_326' title='bbox 1084 2156 1214 2207; x_wconf 88' lang='lat' dir='ltr'>ibique</span> <span class='ocrx_word' id='word_1_327' title='bbox 1233 2160 1330 2191; x_wconf 89' lang='lat' dir='ltr'>nott.</span> <span class='ocrx_word' id='word_1_328' title='bbox 1364 2150 1428 2188; x_wconf 90' lang='lat' dir='ltr'>Ad</span> 
     </span>
     <span class='ocr_line' id='line_1_66' title="bbox 761 2209 1426 2258; baseline -0.008 -8"><span class='ocrx_word' id='word_1_329' title='bbox 761 2227 899 2250; x_wconf 76' lang='lat' dir='ltr'>vocem</span> <span class='ocrx_word' id='word_1_330' title='bbox 929 2209 1026 2258; x_wconf 73' lang='grc' dir='ltr'><em>πάϊς</em></span> <span class='ocrx_word' id='word_1_331' title='bbox 1060 2212 1138 2250; x_wconf 77' lang='lat' dir='ltr'>vid.</span> <span class='ocrx_word' id='word_1_332' title='bbox 1170 2212 1281 2248; x_wconf 83' lang='lat' dir='ltr'>allata</span> <span class='ocrx_word' id='word_1_333' title='bbox 1312 2209 1360 2246; x_wconf 86' lang='lat' dir='ltr'>ad</span> <span class='ocrx_word' id='word_1_334' title='bbox 1379 2209 1426 2257; x_wconf 87' lang='lat' dir='ltr'>V,</span> 
     </span>
     <span class='ocr_line' id='line_1_67' title="bbox 764 2266 1426 2319; baseline -0.003 -12"><span class='ocrx_word' id='word_1_335' title='bbox 764 2272 817 2311; x_wconf 83' lang='lat'>30</span> <span class='ocrx_word' id='word_1_336' title='bbox 849 2277 885 2307; x_wconf 90' lang='lat' dir='ltr'>et</span> <span class='ocrx_word' id='word_1_337' title='bbox 906 2269 954 2306; x_wconf 87' lang='lat' dir='ltr'>ad</span> <span class='ocrx_word' id='word_1_338' title='bbox 974 2283 1085 2306; x_wconf 88' lang='lat' dir='ltr'>voces</span> <span class='ocrx_word' id='word_1_339' title='bbox 1114 2266 1302 2315; x_wconf 72' lang='grc' dir='ltr'><em>ἅπαις-</em></span> <span class='ocrx_word' id='word_1_340' title='bbox 1317 2266 1426 2319; x_wconf 72' lang='grc' dir='ltr'><em>ἔρσε-</em></span> 
     </span>
     <span class='ocr_line' id='line_1_68' title="bbox 762 2322 1424 2380; baseline -0.006 -15"><span class='ocrx_word' id='word_1_341' title='bbox 762 2341 832 2373; x_wconf 81' lang='grc' dir='ltr'>νος</span> <span class='ocrx_word' id='word_1_342' title='bbox 860 2322 984 2380; x_wconf 80' lang='grc' dir='ltr'><em>γόνου</em></span> <span class='ocrx_word' id='word_1_343' title='bbox 1012 2325 1196 2363; x_wconf 87' lang='lat' dir='ltr'>Herodot.</span> <span class='ocrx_word' id='word_1_344' title='bbox 1226 2326 1308 2372; x_wconf 86' lang='lat' dir='ltr'>VII,</span> <span class='ocrx_word' id='word_1_345' title='bbox 1330 2323 1424 2369; x_wconf 87' lang='lat'>205,</span> 
     </span>
     <span class='ocr_line' id='line_1_69' title="bbox 761 2379 1422 2421; baseline -0.006 -1"><span class='ocrx_word' id='word_1_346' title='bbox 761 2383 828 2420; x_wconf 90' lang='lat' dir='ltr'>ubi</span> <span class='ocrx_word' id='word_1_347' title='bbox 849 2383 985 2421; x_wconf 87' lang='lat' dir='ltr'>eadem</span> <span class='ocrx_word' id='word_1_348' title='bbox 1005 2385 1162 2420; x_wconf 87' lang='lat' dir='ltr'>locutio.</span> <span class='ocrx_word' id='word_1_349' title='bbox 1182 2381 1268 2420; x_wconf 88' lang='lat' dir='ltr'>Vid.</span> <span class='ocrx_word' id='word_1_350' title='bbox 1288 2379 1422 2418; x_wconf 75' lang='lat' dir='ltr'>Matth.</span> 
     </span>
     <span class='ocr_line' id='line_1_70' title="bbox 762 2436 1427 2492; baseline -0.006 -15"><span class='ocrx_word' id='word_1_351' title='bbox 762 2442 828 2478; x_wconf 90' lang='lat' dir='ltr'>Gr.</span> <span class='ocrx_word' id='word_1_352' title='bbox 850 2442 917 2479; x_wconf 87' lang='lat' dir='ltr'>Gr.</span> <span class='ocrx_word' id='word_1_353' title='bbox 940 2442 977 2487; x_wconf 55' lang='grc' dir='ltr'><strong>ᾗ.</strong></span> <span class='ocrx_word' id='word_1_354' title='bbox 999 2443 1080 2482; x_wconf 81' lang='lat'>339</span> <span class='ocrx_word' id='word_1_355' title='bbox 1102 2453 1189 2492; x_wconf 85' lang='lat' dir='ltr'>pag.</span> <span class='ocrx_word' id='word_1_356' title='bbox 1221 2439 1316 2480; x_wconf 77' lang='lat'><strong>647.</strong></span> <span class='ocrx_word' id='word_1_357' title='bbox 1364 2436 1427 2474; x_wconf 90' lang='lat' dir='ltr'>Ad</span> 
     </span>
     <span class='ocr_line' id='line_1_71' title="bbox 761 2494 1424 2548; baseline -0.008 -12"><span class='ocrx_word' id='word_1_358' title='bbox 761 2499 878 2536; x_wconf 82' lang='lat' dir='ltr'>verba</span> <span class='ocrx_word' id='word_1_359' title='bbox 928 2496 992 2537; x_wconf 79' lang='grc' dir='ltr'>ἐπὶ</span> <span class='ocrx_word' id='word_1_360' title='bbox 1031 2494 1177 2537; x_wconf 83' lang='grc' dir='ltr'><em>τούτου</em></span> <span class='ocrx_word' id='word_1_361' title='bbox 1221 2497 1424 2548; x_wconf 77' lang='lat' dir='ltr'>pertinent,</span> 
     </span>
     <span class='ocr_line' id='line_1_72' title="bbox 762 2553 1299 2608; baseline -0.004 -16"><span class='ocrx_word' id='word_1_362' title='bbox 762 2568 862 2608; x_wconf 87' lang='lat' dir='ltr'>quae</span> <span class='ocrx_word' id='word_1_363' title='bbox 888 2554 937 2592; x_wconf 84' lang='lat' dir='ltr'>ad</span> <span class='ocrx_word' id='word_1_364' title='bbox 956 2555 1020 2603; x_wconf 90' lang='lat' dir='ltr'>IV,</span> <span class='ocrx_word' id='word_1_365' title='bbox 1041 2554 1095 2595; x_wconf 83' lang='grc'>45</span> <span class='ocrx_word' id='word_1_366' title='bbox 1118 2553 1299 2591; x_wconf 84' lang='lat' dir='ltr'>diximus.</span> 
     </span>
    </p>
   </div>
   <div class='ocr_carea' id='block_1_13' title="bbox 970 2645 1221 2696">
    <p class='ocr_par' dir='ltr' id='par_1_14' title="bbox 970 2645 1221 2696">
     <span class='ocr_line' id='line_1_73' title="bbox 970 2645 1221 2696; baseline -0.008 -14"><span class='ocrx_word' id='word_1_367' title='bbox 970 2645 1061 2696; x_wconf 82' lang='lat' dir='ltr'>Cap.</span> <span class='ocrx_word' id='word_1_368' title='bbox 1098 2646 1221 2682; x_wconf 87' lang='lat' dir='ltr'>LXII.</span> 
     </span>
    </p>
   </div>
   <div class='ocr_carea' id='block_1_14' title="bbox 763 2717 1427 2887">
    <p class='ocr_par' dir='ltr' id='par_1_15' title="bbox 763 2717 1427 2887">
     <span class='ocr_line' id='line_1_74' title="bbox 819 2717 1427 2776; baseline -0.007 -14"><span class='ocrx_word' id='word_1_369' title='bbox 819 2719 895 2776; x_wconf 67' lang='grc' dir='ltr'>τήν</span> <span class='ocrx_word' id='word_1_370' title='bbox 917 2719 1044 2776; x_wconf 75' lang='grc' dir='ltr'><em>αὐτὴν</em></span> <span class='ocrx_word' id='word_1_371' title='bbox 1072 2720 1221 2773; x_wconf 77' lang='grc' dir='ltr'><em>ταύτην</em></span> <span class='ocrx_word' id='word_1_372' title='bbox 1246 2717 1427 2771; x_wconf 79' lang='grc' dir='ltr'><em>ἐσταλμέ-</em></span> 
     </span>
     <span class='ocr_line' id='line_1_75' title="bbox 767 2775 1427 2832; baseline -0.011 -12"><span class='ocrx_word' id='word_1_373' title='bbox 767 2781 865 2829; x_wconf 86' lang='grc' dir='ltr'>νοι]</span> <span class='ocrx_word' id='word_1_374' title='bbox 924 2781 1061 2832; x_wconf 90' lang='lat' dir='ltr'>Suppl.</span> <span class='ocrx_word' id='word_1_375' title='bbox 1104 2775 1273 2829; x_wconf 75' lang='grc' dir='ltr'><em>σκευήν,</em></span> <span class='ocrx_word' id='word_1_376' title='bbox 1322 2775 1427 2830; x_wconf 87' lang='lat' dir='ltr'>quod</span> 
     </span>
     <span class='ocr_line' id='line_1_76' title="bbox 763 2835 1426 2887; baseline -0.003 -15"><span class='ocrx_word' id='word_1_377' title='bbox 763 2837 890 2887; x_wconf 89' lang='lat' dir='ltr'>ipsum</span> <span class='ocrx_word' id='word_1_378' title='bbox 932 2850 1027 2875; x_wconf 83' lang='lat' dir='ltr'>mox</span> <span class='ocrx_word' id='word_1_379' title='bbox 1062 2837 1270 2874; x_wconf 80' lang='lat' dir='ltr'>subiicitur.</span> <span class='ocrx_word' id='word_1_380' title='bbox 1346 2835 1426 2871; x_wconf 90' lang='lat' dir='ltr'>Nec</span> 
     </span>
    </p>
   </div>
   <div class='ocr_carea' id='block_1_15' title="bbox 766 2891 1426 2944">
    <p class='ocr_par' dir='ltr' id='par_1_16' title="bbox 766 2891 1426 2944">
     <span class='ocr_line' id='line_1_77' title="bbox 766 2891 1426 2944; baseline -0.005 -14"><span class='ocrx_word' id='word_1_381' title='bbox 766 2894 873 2930; x_wconf 85' lang='lat' dir='ltr'>aliter</span> <span class='ocrx_word' id='word_1_382' title='bbox 886 2894 967 2942; x_wconf 87' lang='lat' dir='ltr'>vll,</span> <span class='ocrx_word' id='word_1_383' title='bbox 981 2897 1046 2935; x_wconf 89' lang='lat'>72.</span> <span class='ocrx_word' id='word_1_384' title='bbox 1059 2896 1127 2934; x_wconf 87' lang='lat'>77.</span> <span class='ocrx_word' id='word_1_385' title='bbox 1139 2891 1205 2933; x_wconf 80' lang='lat'>84.</span> <span class='ocrx_word' id='word_1_386' title='bbox 1227 2894 1279 2934; x_wconf 88' lang='grc'>86</span> <span class='ocrx_word' id='word_1_387' title='bbox 1293 2903 1304 2928; x_wconf 87' lang='lat'>:</span> <span class='ocrx_word' id='word_1_388' title='bbox 1326 2903 1426 2944; x_wconf 84' lang='lat' dir='ltr'>quae</span> 
     </span>
    </p>
   </div>
   <div class='ocr_carea' id='block_1_16' title="bbox 1399 919 1699 1023">
    <p class='ocr_par' dir='ltr' id='par_1_17' title="bbox 1399 919 1699 1023">
     <span class='ocr_line' id='line_1_78' title="bbox 1399 919 1699 957; baseline -0.003 -10"><span class='ocrx_word' id='word_1_389' title='bbox 1399 919 1518 957; x_wconf 71' lang='lat' dir='ltr'>OMeili.</span> <span class='ocrx_word' id='word_1_390' title='bbox 1543 919 1699 947; x_wconf 77' lang='lat' dir='ltr'>Dictiolim</span> 
     </span>
     <span class='ocr_line' id='line_1_79' title="bbox 1425 953 1675 990; baseline -0.004 -9"><span class='ocrx_word' id='word_1_391' title='bbox 1425 953 1502 981; x_wconf 74' lang='lat' dir='ltr'>Arii:</span> <span class='ocrx_word' id='word_1_392' title='bbox 1525 954 1603 990; x_wconf 84' lang='lat' dir='ltr'>quod</span> <span class='ocrx_word' id='word_1_393' title='bbox 1622 963 1675 980; x_wconf 84' lang='lat' dir='ltr'>no-</span> 
     </span>
     <span class='ocr_line' id='line_1_80' title="bbox 1420 993 1671 1023; baseline -0.012 -6"><span class='ocrx_word' id='word_1_394' title='bbox 1420 997 1491 1018; x_wconf 79' lang='lat' dir='ltr'>men</span> <span class='ocrx_word' id='word_1_395' title='bbox 1508 993 1671 1023; x_wconf 82' lang='lat' dir='ltr'>mutatum,</span> 
     </span>
    </p>
   </div>
  </div>
 </body>
</html>
