1815 3181
262 482 325 527 21

61 558 153 587 Cuius
170 557 272 586 caedis

59 596 198 621 auctores
228 591 330 619 Persis

81 626 285 660 merentibus,

84 660 232 687 lexander
255 659 330 686 mul-

58 696 98 722 tis
110 694 281 722 muneribus

58 729 200 757 Bubarae
219 729 294 756 datis

60 771 95 789 ac
121 763 248 797 Gygaea
268 769 316 789 so-

60 792 246 824 roref'eidem
264 796 314 823 de-

59 834 202 865 sponsata
238 830 286 864 [8,

58 869 130 901 136]
150 866 263 894 inultus

58 901 172 930 evadit.

387 179 443 219 32

782 170 1242 212 HERODOTI

388 287 592 340 ξανδρος,
641 285 805 337 παρίζει
844 283 997 341 Πέρσῃ
1041 284 1170 338 ἀνδρὶ
1211 283 1351 339 ἄνδρα
1387 284 1641 338 Μακεδόνα,

969 352 1266 368 ΙΙΙΙ

389 354 448 406 ὥς
475 357 660 410 γυναῖκα
681 354 742 406 τῷ
767 350 905 408 λόγῳ·
938 368 980 395 οι
1009 354 1075 404 δε,
1108 368 1196 396 επει
1223 369 1267 396 τε
1289 363 1438 409 σφεων
1469 354 1512 396 οἱ
1532 353 1642 408 Πέρ-

390 434 462 465 σαι
500 420 658 473 ψαύειν
696 419 954 473 ἐπειρῶντο,
1011 422 1287 475 διεργάζοντο
1325 418 1498 471 αὐτούς.

1558 421 1643 463 Καὶ

386 484 508 533 οὗτοι
536 487 614 544 μὲν
642 487 782 544 τούτῳ
812 491 873 544 τῷ
902 487 1025 547 μόρῳ
1057 489 1384 544 διεφθάρησαν,
1413 488 1487 531 καὶ
1517 487 1639 531 αὐτοὶ
1653 494 1697 529 85

389 557 463 600 καὶ
499 555 526 611 ἡ
565 557 782 611 θεραπηΐη
831 554 989 598 αὐτῶν.

1040 559 1180 600 εἵπετο
1225 556 1307 612 γὰρ
1354 555 1407 612 δή
1446 567 1526 611 σφι
1568 555 1642 599 καὶ

387 622 601 680 ὀχήματα,
633 623 703 665 καὶ
728 622 1014 676 θεράποντες,
1045 626 1119 668 καὶ
1147 623 1173 680 ἦ
1205 629 1322 668 πᾶσα
1345 623 1480 678 πολλή
1502 637 1642 677 παρα-

389 689 538 746 σκευή·
578 688 719 733 πάντα
759 691 812 746 δὴ
852 694 1008 743 ταῦτα,
1047 691 1136 747 ἅμα
1173 696 1281 735 πᾶσι
1313 693 1494 734 κείνοισι
1530 689 1641 746 ἠφά-

361 767 524 802 Ξνιστο.

581 756 709 800 Μετὰ
741 757 808 806 δὲ,
849 757 993 816 χρόνῳ
1026 757 1082 802 ου’
1110 763 1257 819 πολλῷ
1286 759 1490 814 ὕστερον,
1523 758 1641 815 ζήτη-

388 839 453 878 σις
482 829 571 869 τῶν
608 824 781 880 ἀνδρῶν
817 826 984 870 τούτων
1021 827 1184 884 μεγάλη
1224 828 1271 871 ἐκ
1307 831 1396 871 τῶν
1436 827 1698 883 Περσέων9ο

329 1009 693 1064 ἐπιδαψιλεύμεθα,
725 1011 827 1063 apud
854 1015 985 1050 Zona-

329 1084 412 1107 ram
427 1085 465 1121 p.
481 1073 560 1110 836
575 1067 985 1120 ἐπιδαψιλευσάμεθα.

327 1129 537 1178 Vulgarum
577 1127 715 1162 retinet
756 1125 892 1163 suidas
934 1128 984 1164 Τ.

328 1186 380 1220 ΙΙΙ
399 1198 437 1235 p.
456 1184 548 1229 805,
569 1183 635 1218 ubi
655 1179 984 1233 ἐπιδαψιλευόμε-

329 1256 398 1287 νος
430 1241 642 1291 explicatur
660 1241 881 1286 πολυτελῶς
900 1240 982 1279 δια-

327 1293 609 1350 πραττόμενος.

386 1374 450 1422 ὥς
492 1377 661 1427 γυναῖκα
697 1376 760 1428 τῷ
809 1369 981 1428 λόγῳ]

329 1431 575 1480 „Alexander
612 1432 801 1467 imberbes
827 1432 983 1469 iuvenes

328 1489 555 1526 Macedonas
576 1487 744 1524 adsidere
771 1489 875 1524 iussit
903 1490 984 1525 sin-

329 1547 426 1596 gulis
446 1546 567 1581 Persis
586 1546 751 1594 singulos
765 1574 774 1592 ‚
814 1548 982 1594 tanquam

327 1603 485 1640 mulieres
503 1601 674 1639 videlicet.
732 1601 890 1651 Saepius
912 1601 982 1638 ad-

328 1658 489 1696 hibitum
509 1657 702 1694 Herodoto
733 1660 785 1710 τῷ
806 1656 908 1710 λόγῳ
929 1660 982 1695 si-

327 1716 481 1766 gnificat
501 1714 551 1762 id,
584 1714 674 1764 quod
690 1716 802 1764 primo
820 1715 981 1751 videatur

327 1773 503 1822 adspectu.
552 1769 618 1816 Ὡς
638 1774 804 1822 γυναῖκα
823 1768 871 1820 δή
888 1773 979 1822 poni

325 1835 498 1880 potuerat
519 1834 555 1864 et
567 1826 628 1863 hic
647 1829 687 1863 in
708 1826 874 1863 eundem
890 1842 979 1864 sen-

325 1899 429 1933 sum,
459 1891 501 1921 ut
531 1883 632 1935 apud
661 1883 854 1920 Plutarch.
876 1886 911 1920 11
938 1899 977 1936 p.

325 1942 406 1982 247
443 1942 484 1978 O.
514 1941 740 1977 muliebrem
758 1941 799 1976 in
818 1941 980 1978 modum

328 1999 477 2035 vestitos
503 1999 601 2033 viros
633 1996 673 2035 οἵ
700 1993 874 2046 φύλακες
908 2013 981 2037 πα-

329 2057 456 2105 ρῆκαν
479 2051 531 2099 ὥς
549 2050 598 2104 δή
626 2057 822 2103 γυναῖκες,
846 2054 892 2091 de
905 2068 980 2106 quo

329 2110 392 2148 Cr.
424 2110 569 2146 confert
603 2110 751 2147 Platon.
784 2109 978 2148 Charmid.

327 2180 365 2217 p.
400 2169 476 2206 163
506 2180 543 2216 p.
566 2168 617 2205 88
649 2165 847 2204 Heindorf.
877 2169 979 2204 eius—

330 2235 402 2273 que
434 2229 528 2258 nott.
559 2223 719 2259 Narrant
739 2223 979 2261 Herodoteae

327 2279 533 2315 simillimas
554 2276 721 2315 historias
751 2282 980 2331 antiquiores

328 2336 532 2371 Pausanias
567 2335 602 2369 in
638 2336 795 2373 Messen.
828 2351 864 2387 p.
897 2333 979 2378 288

332 2392 419 2440 [1v‚
441 2389 466 2430 4
488 2392 523 2436 §.
546 2391 612 2437 2]‚
648 2392 829 2442 Polyaen.
850 2395 881 2439 Ι,
914 2396 980 2439 20,

327 2451 374 2496 23
404 2448 674 2491 recentiorem,
714 2462 811 2499 quae
836 2448 981 2486 Thebis

328 2505 473 2550 evenit,
522 2502 738 2552 Xenophon
770 2506 916 2543 Hellen.
949 2507 982 2543 V

327 2574 364 2611 p-
387 2563 479 2606 331,
511 2562 563 2600 28
596 2559 666 2607 [V,
689 2559 713 2598 4
744 2562 780 2605 ξ.
798 2562 822 2601 5
852 2563 976 2614 seqq]

337 2616 552 2653 Valcken.
596 2615 667 2650 alia
698 2614 889 2666 disputans
932 2619 978 2654 de

329 2674 462 2709 vocula
493 2669 542 2723 δή
572 2673 726 2722 eiusque
749 2685 816 2708 usu
842 2674 880 2708 in
902 2674 980 2709 iro-

330 2730 390 2764 nia
413 2735 447 2764 et
469 2728 515 2764 nd
537 2735 804 2777 argumentum
829 2729 903 2764 loci
924 2731 978 2765 ci-

329 2791 410 2820 tans
431 2786 547 2834 Epist.
569 2785 790 2832 Socrat.28‚
812 2785 979 2821 ubiAle—

1039 1014 1188 1052 xander
1208 1015 1256 1051 ob
1276 1013 1371 1051 illud
1390 1014 1535 1051 facinus
1562 1012 1698 1051 lauda-

1039 1079 1113 1119 tur,
1135 1071 1201 1108 sed
1221 1073 1343 1107 Xerxi
1369 1072 1545 1108 tribuitur
1561 1102 1570 1118 ,
1593 1069 1697 1122 quod

1038 1128 1179 1165 fecerat
1198 1130 1345 1165 Darius.
1383 1129 1445 1163 Ex
1470 1129 1551 1179 ipso
1572 1129 1698 1164 Hero-

1040 1184 1129 1222 doto
1159 1184 1206 1221 ad
1236 1186 1471 1221 locutionem
1491 1185 1621 1221 confer
1648 1185 1698 1221 sis

1037 1243 1067 1289 Ι,
1077 1243 1158 1283 205
1179 1248 1215 1278 et
1225 1242 1295 1286 VI,
1311 1244 1378 1289 70,
1400 1242 1465 1278 ubi
1485 1238 1588 1295 λόγῳ
1602 1235 1696 1292 φάς.

1097 1306 1346 1360 διεργάζοντο
1378 1304 1562 1357 αὐτούς]
1602 1310 1627 1345 i.
1661 1322 1697 1345 e.

1041 1365 1171 1403 Persas
1191 1364 1452 1415 interfecerunt,
1482 1367 1595 1416 plane
1603 1372 1647 1401 ut
1665 1366 1695 1413 Ι,

1040 1425 1135 1462 213.
1154 1423 1199 1470 V,
1217 1425 1270 1463 92
1292 1423 1380 1467 §.3.
1400 1422 1480 1470 VII,
1502 1420 1596 1463 224.
1617 1424 1699 1459 Nec

1042 1480 1149 1515 aliter
1195 1480 1242 1526 V,
1294 1481 1344 1518 19
1403 1475 1696 1530 ἐξεργάζεσθαι.

1037 1537 1165 1586 Ipsam
1193 1548 1276 1572 rem
1313 1536 1434 1585 attigit
1469 1537 1605 1573 Liban.
1643 1536 1696 1572 T.

1036 1593 1073 1628 II
1092 1605 1180 1644 pag.
1202 1591 1284 1631 490
1305 1591 1347 1628 C.

1255 1681 1347 1733 Cap.
1368 1683 1476 1719 XXI.

1092 1757 1217 1812 τούτῳ
1239 1763 1295 1814 τῷ
1334 1757 1440 1815 μόρῳ
1467 1755 1696 1811 διεφθάρη-

1036 1818 1138 1866 σαν]
1196 1817 1282 1854 Vox
1303 1813 1427 1869 μόρος
1446 1817 1696 1855 Homericum

1035 1872 1219 1926 loquendi
1255 1887 1376 1924 genus
1412 1874 1579 1921 redolet,
1629 1874 1696 1910 ubi

1039 1932 1117 1969 scil.
1156 1932 1209 1967 ita
1249 1930 1296 1967 de
1331 1932 1408 1968 fato
1447 1943 1625 1982 supremo
1664 1943 1696 1968 s.

1037 1994 1161 2025 morte
1197 1986 1398 2025 adhibetur
1437 2000 1480 2025 ac
1507 1988 1569 2025 vel
1605 2000 1696 2024 cum

1038 2058 1133 2082 voce
1172 2040 1353 2090 θάνατος
1394 2045 1594 2094 iungitur,
1651 2050 1696 2081 ut

1040 2100 1261 2152 Odyss.1x‚
1286 2103 1352 2140 61.
1384 2102 1451 2147 xl,
1473 2099 1568 2141 408.
1588 2100 1692 2147 XVI,

1036 2156 1113 2198 421
1139 2157 1225 2193 coll.
1245 2158 1352 2204 XXI,
1379 2159 1469 2203 133,
1499 2169 1549 2192 ne
1569 2157 1693 2206 plura.

1094 2219 1176 2274 ἅμα
1206 2225 1333 2262 πᾶσι
1353 2224 1536 2272 κείνοισι]
1582 2223 1694 2269 Quod

1038 2293 1058 2316 a
1085 2281 1254 2331 pluribus
1295 2279 1405 2317 codd.
1449 2281 1553 2317 abest
1581 2283 1694 2328 πᾶσι,

1039 2336 1165 2374 delere
1198 2335 1376 2389 equidem
1415 2338 1548 2373 nolim.
1617 2338 1694 2374 Pro

1036 2389 1237 2443 ἠφάνιστο
1263 2394 1388 2444 plures
1411 2393 1522 2431 codd.
1544 2389 1692 2444 η’φανί-

1039 2452 1131 2497 ζετο.
1159 2472 1205 2478 —-
1262 2449 1323 2486 Ad
1342 2451 1576 2487 locutionem
1596 2446 1692 2502 μετὰ

1039 2504 1104 2555 δὲ,
1139 2504 1265 2560 χρόνῳ
1297 2502 1346 2546 ου’
1373 2510 1507 2561 πολλῷ
1526 2503 1692 2557 ὕστερον

1037 2563 1137 2600 conf.
1231 2570 1273 2600 tt.
1312 2562 1360 2599 ad
1387 2565 1453 2610 ΙΙΙ,
1483 2566 1549 2605 36.
1598 2564 1691 2600 Mox

1037 2619 1125 2655 dedi
1152 2634 1172 2658 τ
1199 2634 1306 2658 υτων
1332 2633 1400 2670 pro
1433 2618 1611 2659 τουτέων.
1633 2640 1690 2647 —-

1036 2675 1147 2720 Quod
1177 2676 1274 2712 infra
1299 2678 1469 2728 sequitur
1488 2674 1689 2725 κατέλαβε,

1037 2731 1172 2768 suidas
1183 2734 1312 2782 Ilpag.
1326 2735 1406 2773 273
1429 2733 1584 2782 exponit
1605 2730 1690 2771 ἐπέ-

1035 2789 1148 2838 λαβε,
1187 2787 1321 2839 ἐπέσχε
1343 2791 1413 2840 τῆς
1439 2787 1576 2841 ὁρμῆς.
1625 2789 1691 2825 Τιι
