1870 3249
0 1040 62 1087 13

368 190 650 229 TERPS

129 304 293 360 ταύτην
330 300 411 358 τήν
439 298 628 357 ἡμέρην,
668 297 990 355 ὑπερεβάλοντο
1021 297 1125 348 τούς
1157 298 1392 350 Φοίνικας·

129 373 204 417 καὶ
234 369 402 413 τούτων
430 369 596 424 Σάμιοι
632 365 913 424 η’ρίστευσαν·

102 444 236 497 Βῆλθε
266 436 318 480 τὰ
350 435 641 492 στρατόπεδα,
682 433 962 491 συμπεσόντα
1003 433 1227 490 ἐμάχοντο.

131 509 177 552 δὲ
207 506 311 558 τούς
352 504 622 560 στρατηγούς
652 502 931 560 ἀμφοτέρους
968 503 1070 547 τάδε
1101 503 1277 559 ἐγίνετο.

679 189 1026 226 ICHORE.
1085 189 1130 225 V.

1310 189 1393 228 217

959 370 1060 423 πεζῇ
1092 366 1160 418 δὲ,
1200 364 1257 418 ὡς
1289 378 1394 410 συν-

1287 433 1397 478 κατὰ

1338 502 1398 553 ὥς

130 574 423 630 προσεφέρετο
462 573 572 626 πρὸς
609 572 687 615 τὸν
723 570 957 627 Ὀνήσιλον
1002 570 1025 615 ὁ
1060 570 1288 627 Ἀρτύβιος
1328 570 1398 614 ἐπὶ

128 646 213 686 τοῦ
243 643 378 685 ἵππου
408 638 668 695 κατήμενος,
714 637 737 683 ὁ
764 639 1013 695 Ὀνήσιλος,
1053 640 1163 682 κατὰ
1193 638 1244 682 τοὶ
1276 650 1397 682 συνε-
1409 644 1454 679 35

128 708 299 766 θήκατο
329 713 392 768 τῷ
421 708 688 765 ὑπασπιστῇ,
719 709 837 750 παίει
867 708 1232 764 προσφερόμενον
1262 705 1399 750 αὐτὸν

129 778 208 822 τὸν
236 777 488 834 Ἀρτύβιον·
519 775 804 833 ἐπιβαλόντος
835 776 882 820 δὲ
908 781 988 820 τοῦ
1019 779 1160 820 ἵππου
1190 775 1294 826 τούς
1324 773 1400 817 πό-

128 847 206 897 δας
246 845 314 889 ἐπὶ
353 846 433 902 τήν
471 844 703 901 Ὀνησίλου
742 844 926 896 ἀσπίδα,
993 844 1188 900 ἐνθαῦτα
1236 843 1259 888 ὁ
1301 842 1399 898 Κοέρ

127 913 327 972 δρεπάνῳ
357 913 536 969 πλήξας,
570 911 816 967 ἀπαράσσει
839 917 920 956 τοῦ
949 914 1085 956 ἵππου
1115 912 1219 964 τούς
1248 911 1398 962 πόδας.

98 980 354 1037 4Ἀρτύβιος
382 984 461 1038 μὲν
491 982 543 1038 δὴ
585 981 609 1024 ὁ
647 981 886 1038 στρατηγός
924 986 1013 1025 τῶν
1052 981 1258 1036 Περσέων
1289 981 1403 1034 ὁμοῦ

130 1054 190 1103 τῷ
219 1052 335 1106 ἵππῳ
367 1052 510 1093 πίπτει
541 1048 681 1093 αὐτοῦ
718 1049 868 1106 ταύτῃ.

935 1049 1213 1104 Μαχομένων
1253 1048 1298 1091 δὲ
1328 1047 1457 1090 namo

132 1122 222 1162 τῶν
262 1119 428 1170 ἄλλων,
468 1117 733 1174 Στησήνωρ,
785 1116 1003 1172 τύραννος
1048 1118 1133 1161 ἐών
1181 1118 1397 1169 Κουρίου,

128 1188 341 1240 προδιδοῖ
359 1186 466 1242 ἔχων
483 1184 672 1242 δύναμιν
698 1184 876 1241 ἀνδρῶν
905 1187 1005 1239 περὶ
1027 1185 1193 1230 ἑωυτόν
1223 1184 1278 1228 οὐ
1310 1196 1400 1239 σμι-

130 1254 258 1310 κρήν·
290 1256 335 1298 οἱ
364 1255 410 1298 δὲ
441 1255 652 1309 Κουριέες
683 1250 807 1298 οὗτοι
827 1254 1028 1310 λέγονται
1060 1252 1172 1297 εἶναι
1197 1252 1400 1309 Ἀργείων

101 1320 325 1366 wazonem.
355 1323 615 1378 προδόντων
652 1323 698 1367 δὲ
727 1327 816 1366 τῶν
846 1321 1101 1378 Κουριέων,
1143 1319 1298 1365 αὐτίκα
1329 1320 1402 1363 καὶ

129 1391 184 1434 τοὶ
222 1394 509 1448 Σαλαμινίων
547 1391 860 1448 πολεμιστήρια
892 1391 1062 1448 ἅρματα
1110 1388 1252 1434 τώυτὸ
1289 1391 1459 1433 τοῖσι45

73 1564 173 1606 τέων
195 1573 232 1604 et
243 1569 419 1617 συνῆλθε
428 1580 497 1617 pro
515 1568 735 1618 συνῆλθον,

75 1622 179 1676 quod
201 1623 277 1660 duo
300 1623 413 1661 codd.
434 1624 610 1661 afferunt.

131 1678 229 1719 κατά
261 1677 308 1719 τά
332 1679 612 1732 συνεθήκατο]
653 1681 735 1718 Vo-

75 1738 203 1773 culam
223 1734 293 1785 τοῖ,
325 1751 442 1790 quam
474 1745 638 1791 quatuor
669 1745 735 1774 tu-

76 1801 189 1830 entur
220 1794 307 1831 libri
335 1796 485 1845 scripti⁷
529 1796 612 1832 eiici
652 1796 735 1832 vult

78 1850 217 1887 Struve
239 1851 351 1900 Spec.
374 1853 392 1886 I
411 1865 450 1902 p.
473 1855 540 1892 36.
599 1853 665 1888 Tu
685 1851 734 1888 cf.

78 1906 124 1950 V,
149 1909 212 1946 11.
235 1909 300 1947 89.
359 1909 404 1943 In
425 1908 644 1944 Florentino
667 1921 738 1944 ex-

79 1968 151 1999 stat
163 1959 290 2000 κατοῖΧ
307 1963 410 2013 (sic).
423 1985 480 1991 —
498 1966 542 2000 In
559 1977 664 2016 seqq.
676 1978 740 2000 re-

78 2019 174 2071 liqui
209 2017 233 2058 o‘
259 2017 369 2071 Καρ,
402 2022 507 2057 cuius
527 2022 613 2058 loco
636 2019 741 2072 quod

78 2074 156 2112 duo
173 2075 286 2114 codd.
316 2076 458 2114 habent
490 2073 690 2126 ὁόποῖων,
722 2091 743 2114 e

78 2134 334 2183 superioribus
373 2135 474 2171 male
516 2136 744 2172 translatum

77 2188 246 2227 credam.

136 2241 386 2297 ἅπαρόσσει]
429 2247 455 2284 i.
488 2259 522 2287 e.
548 2247 741 2298 praecidit,

78 2307 255 2353 amputat.
323 2305 427 2341 Facit
466 2302 542 2341 huc
582 2306 743 2342 Homeri

80 2360 187 2396 locus
215 2361 259 2397 Il.
287 2362 395 2406 XVI,
428 2363 507 2401 116
538 2368 575 2398 et
603 2362 739 2413 Synes.

78 2415 236 2454 Provid.
256 2431 294 2467 p.
309 2419 385 2457 118
401 2419 448 2454 Β.
471 2431 492 2454 a
506 2419 741 2469 Wesseling.

57 2523 59 2526 ι
80 2472 130 2510 ad
144 2473 208 2521 IV,
231 2476 284 2514 62
305 2474 450 2511 allatus.
509 2476 637 2527 Atque
659 2478 742 2513 Ho-

80 2543 209 2567 merus
257 2531 453 2582 aliquoties
502 2531 577 2568 hoc
625 2533 742 2569 verbo

80 2588 220 2634 utitur,
253 2600 329 2638 quo
359 2594 503 2625 veteres
536 2589 744 2626 Gramma-

81 2644 145 2681 tici
168 2643 306 2680 docent
326 2643 485 2680 indicari
500 2642 575 2696 τήν
599 2645 743 2700 ῥἀδίαν

81 2698 150 2739 καὶ
187 2697 343 2740 ἄπονον
384 2696 609 2752 α’ποκοπήν.
661 2704 744 2740 Erit

83 2757 198 2807 igitur
228 2757 432 2795 αόεειηιῖινε
461 2758 649 2808 ω’,οίεηίθν
680 2761 744 2797 ab-

84 2826 249 2865 rumpere.
307 2813 393 2853 vid.
425 2815 468 2852 Il.
508 2817 611 2865 XIII,
648 2815 742 2858 577.

794 1565 897 1614 XIV,
919 1563 1014 1605 497.
1036 1565 1140 1611 XVI,
1163 1562 1348 1606 116.324
1371 1564 1458 1600 coll.

792 1625 828 1659 Π
859 1622 1031 1660 Samuel.
1063 1621 1166 1669 XVI,
1200 1624 1238 1662 9.
1297 1620 1359 1658 Ad
1382 1615 1458 1659 αύ-

793 1681 866 1720 τοῦ
884 1675 1010 1734 ταύτῃ
1033 1679 1134 1717 conf.
1157 1679 1220 1726 IV,
1245 1677 1338 1719 135.

1000 1781 1092 1832 Cap.
1115 1781 1251 1817 CXIII.

850 1846 1046 1901 τύραννος
1067 1846 1142 1888 ε’ὠν
1156 1847 1356 1899 Κουρίου]
1380 1847 1461 1898 Op-

795 1906 933 1958 pidum
961 1905 1035 1943 hoc
1066 1907 1106 1941 in
1139 1907 1255 1942 latere
1276 1904 1462 1941 meridio-

797 1965 875 2000 nali
894 1969 1036 2000 tractus
1058 1963 1248 1999 orientalis
1266 1962 1382 2012 Cypri
1409 1962 1461 1998 si-

798 2028 882 2057 tum
905 2026 983 2057 erat
1004 2020 1050 2056 ab
1068 2021 1212 2072 oriente
1232 2025 1462 2069 promonto-

801 2079 847 2114 rii
866 2076 1031 2114 Phrurii.
1056 2078 1093 2112 A
1112 2077 1238 2113 Plinio
1268 2077 1318 2112 H.
1338 2077 1384 2112 N.
1415 2075 1462 2123 V,

801 2137 850 2175 31
886 2134 977 2184 (35)
1024 2134 1062 2178 ξ.
1087 2135 1166 2173 130
1195 2140 1354 2169 vocatur
1387 2131 1464 2169 Cu-

798 2193 888 2238 rias,
923 2189 1119 2241 Stephano
1141 2191 1237 2242 Byz.
1260 2204 1289 2228 s.
1310 2203 1347 2226 v.
1369 2202 1460 2240 pag.

797 2246 879 2288 474
896 2243 1077 2298 Κούριον
1095 2243 1209 2294 πόλις
1227 2244 1397 2297 Κύπρου
1419 2259 1462 2283 ac

798 2304 888 2342 dein
910 2318 959 2341 ex
974 2303 1169 2342 Herodoto
1191 2306 1280 2341 citat
1300 2301 1342 2342 τὸ
1356 2303 1464 2342 gam.

797 2358 872 2401 κᾶν
912 2359 1112 2413 Κουριεύς
1145 2368 1182 2398 et
1216 2358 1261 2401 το“
1281 2357 1463 2411 θηλυκὸν

802 2414 996 2469 Κουριᾶς.
1047 2419 1160 2455 Nunc
1180 2419 1309 2455 vocari
1331 2417 1464 2454 dicunt

802 2475 971 2526 Piscopia
993 2482 1029 2511 et
1053 2476 1362 2526 promontorium
1394 2473 1464 2510 ad-

800 2534 928 2569 iacens
981 2532 1120 2570 Gavati
1157 2546 1187 2569 s.
1241 2531 1337 2582 Capo
1376 2530 1464 2568 delle

804 2590 930 2626 Gatte.
977 2589 1034 2628 Cf.
1066 2588 1247 2626 Larcher.
1277 2590 1317 2625 in
1361 2588 1462 2624 Tab.

801 2647 943 2696 Geogr.
967 2653 1003 2683 et
1022 2648 1213 2683 Mannert.
1244 2647 1351 2693 V1‚1
1376 2656 1466 2695 pag.

801 2677 909 2744 5820
903 2716 983 2755 seq

857 2754 1142 2824 πολεμιστήρια
1157 2754 1330 2810 ἅρματα]
1355 2757 1466 2805 „Ex-

798 2816 941 2866 plicant
955 2816 1071 2853 critici
1088 2814 1136 2852 ad
1156 2812 1349 2865 Aristoph.
1365 2813 1465 2851 Nub.

1451 294 1541 321 stium
1558 292 1694 333 pineum,

1454 328 1477 354 C
1475 327 1566 368 yprii
1585 335 1603 353 a
1629 314 1728 354 teri-e-

1450 363 1504 388 stri

1452 395 1589 422 exercitu
1608 394 1712 428 proffi-

1454 437 1502 464 ga
1497 433 1574 455 1tu1
1612 427 1704 455 cadit

1532 361 1697 387 Persarum

1456 467 1486 490 et
1507 461 1664 497 Artybius‚

1454 903 1536 945 434

1459 1050 1489 1075 et
1505 1047 1656 1074 onesilue.
