1834 3258
571 227 873 263 ERATO.

933 227 964 263 V
975 227 1004 262 1.
1331 226 1411 265 341

153 336 256 393 ,ψὴν
276 335 423 379 πόλιν·
446 334 493 378 ἐκ
514 338 602 378 τῶν
622 335 668 379 δὲ
686 334 884 390 στηθέων
899 332 1155 390 λάμψαντες,
1175 337 1264 377 πᾶν
1279 334 1322 376 οἱ
1343 348 1415 376 πε-

121 407 358 460 4ποιῆσθαι
378 403 486 446 ὅσον
516 402 539 447 ὁ
562 402 667 453 θεὸς
689 401 893 458 ἐβούλετο
922 402 1166 458 γενέσθαι.“
1202 405 1348 445 Ταῦτα
1372 400 1471 444 δὲόΟ

151 471 299 527 λέγων,
309 469 440 513 πιστά
451 487 496 514 τε
516 471 588 514 καὶ
611 469 764 514 οἰκότα
785 469 927 514 ἐδόκεε
938 469 1237 527 Σπαρτιήτῃσι
1258 469 1411 523 λέγειν,

27 545 92 590 83
148 539 220 583 καὶ
230 537 426 595 ἀπέφυγε
436 539 599 583 πολλὸν
613 537 719 590 τούς
731 537 982 590 διώκοντας.
998 539 1159 594 ’Ἄργος
1175 537 1220 582 δὲ
1234 535 1410 592 ἀνδρῶν

148 605 348 662 ἐχηρώθη
380 607 514 660 οὕτω,
547 606 655 652 ὥστε
685 608 730 650 οἱ
759 608 913 650 δοῦλοι
945 605 1089 650 αὐτῶν
1120 606 1248 662 ἔσχον
1269 603 1412 647 πάντα
1469 617 1485 636 r

145 671 199 715 τοὶ
228 672 475 730 πρήγματα,
505 674 709 731 ἄρχοντές
737 690 781 717 τε
810 674 883 717 καὶ
914 675 1154 726 διέποντες,
1187 674 1229 724 ἐς
1259 671 1285 715 ὃ
1315 672 1412 729 ἐπή-

1471 651 1490 678 P

1468 539 1541 574 Argi
1569 542 1638 574 post
1660 538 1745 565 illam

1470 573 1590 601 cladem
1607 581 1711 612 scrvp-

1489 616 1538 647 um·
1550 610 1659 642 parent
1676 615 1727 633 un-

1495 650 1570 676 eno,
1587 640 1683 668 donec
1698 649 1745 668 oc-

1471 676 1601 703 cisorum
1624 674 1680 701 filii

1472 713 1576 737 aetate
1589 708 1697 736 adulta.

118 741 292 797 ἒβησαν
331 743 376 786 οἱ
409 746 498 787 τῶν
546 742 834 798 ἀπολομένων
879 744 1042 794 παῖδες.
1102 741 1244 786 ἔπειτά
1284 743 1706 797 σφεαςὸὅθῡῦεῑμεᾙυυῑ,

147 802 291 860 οὗτοι,
330 810 632 867 ανακτώμενοι
673 808 813 854 ὀπίσω
844 809 886 860 ἐς
925 809 1117 862 ἑωυτοὺς
1155 809 1204 853 τὸ
1238 808 1412 864 Ἄργος,

145 876 366 933 ἐξέβαλον·
397 878 689 935 ἐξωθεύμενοι
739 877 785 922 δὲ
823 879 866 921 οἱ
907 880 1080 933 δοῦλοι,
1128 878 1242 935 μάχῃ
1288 877 1413 932 ἔσχον

150 946 357 1002 Τίρυνθα.

86 1141 148 1179 Ad
174 1156 310 1181 vocem
340 1139 556 1195 ἅτρεκηΐην
583 1144 632 1180 cf.
653 1150 748 1180 nott.

87 1198 135 1237 ad
169 1201 232 1247 VI,
263 1202 317 1241 69
351 1208 388 1237 et
425 1200 473 1236 ad
514 1201 749 1237 locutionem

87 1252 169 1295 κατ’
188 1254 313 1308 ἄκρης
332 1264 427 1294 nott.
449 1255 497 1294 ad
507 1258 570 1304 vl,
592 1259 631 1297 8.
655 1258 749 1294 Mox

87 1326 176 1350 cum
197 1312 418 1364 Schweigh.
436 1321 472 1350 et
486 1314 603 1351 Gaisf.
626 1315 748 1350 eFlo-

41 1372 49 1377 ‘
86 1371 237 1407 rentino
253 1399 270 1416 ,
291 1371 371 1408 aliis
402 1372 554 1421 reposui
592 1370 635 1411 ἐκ
667 1373 746 1410 τῶν

90 1423 133 1465 δὲ
162 1426 359 1478 στηθέων,
380 1429 447 1464 ubi
467 1429 582 1478 vulgo
603 1426 645 1468 ἐν.
665 1430 746 1467 τῶν

87 1482 268 1534 στηθέων
305 1482 361 1523 δέ.
387 1507 437 1512 --
474 1486 549 1521 Pro
567 1479 747 1536 ἀπέφυγε

84 1539 196 1577 codd.
244 1540 402 1593 quidam
444 1541 628 1593 διέφυγέ,
679 1542 746 1578 sed

84 1597 278 1647 vulgatam
300 1599 503 1634 lectionem
526 1599 612 1635 satis
632 1605 748 1636 tuen-

84 1661 146 1691 tur
163 1656 211 1702 11,
238 1654 328 1695 174.
345 1655 406 1702 VI,
433 1654 510 1695 104
524 1686 533 1703 ‚
566 1656 629 1691 alii
649 1656 746 1692 alio-

83 1724 170 1747 riun
196 1712 270 1748 loci
301 1725 322 1748 a
353 1710 540 1750 Valcken.
574 1711 621 1749 ad
651 1710 690 1752 h.
716 1713 739 1752 Ι,

85 1769 250 1806 excitati.

244 1848 336 1898 Cap.
367 1849 585 1885 Lxxxm.

131 1930 318 1988 ἐχηρώθη
332 1932 454 1986 οὕτω]
478 1938 578 1974 Olim
589 1933 746 1988 ἐχειρώ-

87 1997 146 2044 θη
159 2022 170 2040 ,
199 1992 315 2045 idque
336 1995 451 2030 etiam
469 1995 508 2030 in
524 1995 746 2031 Florentino

88 2063 132 2086 ac
152 2050 343 2088 Sancrofti
361 2051 457 2087 libro
479 2057 646 2102 apparet.
669 2048 747 2087 Sed

87 2103 274 2158 ἐχηρώθη
307 2105 483 2159 (viduata
503 2108 583 2145 urbs
597 2107 678 2158 fuit
700 2110 749 2144 ci-

86 2164 216 2209 vibus)
237 2165 324 2201 satiS
343 2171 471 2202 tuetur
502 2165 577 2202 loci
596 2171 748 2202 seuten-

85 2221 138 2257 tia
162 2221 332 2272 itemque
358 2220 549 2258 Eustathii
580 2222 747 2258 auctori-

84 2283 140 2315 tas
160 2276 206 2315 ad
217 2279 374 2330 Dionys.
395 2279 546 2329 Perieg.
567 2277 649 2318 364
663 2279 744 2314 He-

83 2332 239 2372 rodotea
257 2337 468 2386 tangentis,
497 2334 671 2372 Aristidis
691 2336 744 2372 T.

83 2392 137 2427 111
148 2405 188 2442 p.
199 2392 400 2440 398-(0011.
416 2393 549 2430 Solon.
562 2392 740 2442 fragium.

86 2449 154 2494 28,
176 2446 230 2487 24
250 2460 338 2499 pag.
361 2451 414 2490 83
446 2462 476 2486 S.
502 2451 594 2489 117.
613 2450 743 2485 Poett.

83 2505 267 2541 Gnomm.
287 2505 304 2555 )
352 2506 504 2555 Euuap‚
561 2507 742 2556 Excerpt.

83 2558 248 2598 Hoesch.
269 2575 308 2612 p.
326 2564 390 2601 13.
407 2561 544 2600 Aedes.
557 2563 632 2599 Vit‚
654 2576 741 2614 pag.

85 2619 138 2659 38
170 2618 256 2655 coll.
287 2613 443 2654 Homer.
484 2619 526 2655 ll.
566 2620 611 2667 V,
648 2618 740 2666 642,

84 2674 214 2725 Virgil.
245 2675 343 2713 Aen.
364 2675 464 2721 VIII,
492 2675 585 2715 571.
644 2676 742 2712 Hinc

86 2730 187 2781 apud
205 2730 365 2769 Suidam
387 2733 436 2769 T.
456 2733 471 2766 Ι
492 2745 529 2781 p.
551 2733 632 2772 928
654 2730 742 2782 ἔχη-

88 2782 282 2838 ρώθησαν
321 2784 482 2840 οἷνὸρῶν
515 2784 743 2838 έστηρήθη-

89 2856 173 2891 σαν,
195 2841 433 2898 ἒχήρευσαν,
465 2851 506 2882 ut
526 2843 627 2896 apud
644 2845 740 2883 Aeu.

425 947 543 999 Τέως
577 947 657 1004 μὲν
697 945 750 1003 δή
792 959 868 1003 σφι
911 941 967 1002 ἦν
1005 945 1174 1003 ἄρθμια
1212 945 1254 998 ἐς
1281 944 1411 1002 ἀλλή-

808 1143 1008 1179 polim-cet.
1037 1141 1088 1180 14
1109 1136 1314 1192 ’ἠρημώθη
1339 1138 1367 1191 ἦ
1397 1138 1471 1181 πό-

805 1202 865 1245 λις
899 1195 1072 1249 ἀνδρῶν.
1123 1199 1344 1234 Attulerunt
1375 1197 1469 1234 haec

805 1256 1038 1305 VVesseling,
1061 1261 1097 1290 et
1118 1254 1301 1292 Valcken.
1323 1277 1378 1284 --
1412 1256 1469 1291 De

805 1314 994 1363 genitivo,
1037 1312 1103 1363 qui
1142 1309 1232 1348 huic
1253 1313 1369 1348 verbo
1399 1311 1469 1348 ad-

805 1369 928 1419 ditur,
958 1369 1109 1405 monuit
1138 1367 1276 1405 Matth.
1312 1370 1377 1406 Gr.
1401 1370 1466 1407 Gr.

804 1440 892 1478 pag,
924 1426 1019 1467 664,
1085 1426 1181 1461 Mox
1214 1424 1303 1462 dedi
1336 1421 1469 1464 αὐτῶν

804 1497 872 1534 pro
895 1477 1060 1522 αὐτέων.
1113 1481 1175 1519 Ad
1197 1481 1399 1528 διέποντες
1421 1483 1469 1520 cs.

803 1542 869 1587 111,
893 1539 945 1580 53
969 1546 1006 1576 et
1026 1538 1074 1576 ad
1093 1534 1367 1590 (ἷνακταὲμενοι
1380 1534 1466 1578 ὀπί-

806 1611 859 1636 σω
889 1597 941 1641 V,
963 1599 1017 1637 27
1050 1596 1115 1632 fin.
1149 1592 1358 1647 ἐπήβησαν
1398 1596 1469 1645 (ad

798 1655 1018 1706 pubertatem
1055 1657 1305 1702 peruenerant,
1349 1652 1468 1690 adole-

802 1710 952 1760 verant)
991 1710 1131 1746 retinui
1159 1722 1228 1761 pro
1267 1708 1467 1761 ἐπέβησαν

804 1765 1082 1820 (accesserunt),
1115 1765 1219 1819 quod
1238 1768 1268 1802 F
1270 1767 1408 1803 lorent.
1431 1773 1468 1802 et

803 1824 995 1861 Saucrofti
1023 1823 1113 1860 libel
1162 1821 1340 1860 afferunt.
1398 1823 1467 1858 Iu-

802 1887 984 1931 terpretes
1013 1878 1171 1917 laudant
1200 1877 1382 1931 Aeschyl.
1423 1879 1465 1916 S.

803 1951 837 1974 c.
860 1935 937 1974 Th.
958 1938 1037 1976 671
1063 1933 1163 1986 (662
1181 1935 1260 1986 Bl.)

862 1987 995 2032 ἔπειτά
1021 2003 1146 2041 σφεας
1168 1986 1308 2041 οὗτοι]
1341 1992 1465 2039 „Plu-

807 2048 958 2088 tarchus
986 2049 1023 2084 Π
1051 2062 1090 2100 p.
1120 2046 1202 2089 245
1229 2049 1276 2085 E.
1316 2050 1361 2086 ab
1393 2046 1464 2085 hac

805 2106 991 2144 Herodoti
1009 2106 1230 2142 recensione
1258 2106 1353 2153 abit,
1393 2119 1464 2142 nec

804 2165 919 2201 servis
959 2163 1119 2213 Argivas
1153 2162 1351 2210 mulieres,
1398 2161 1465 2199 sed

804 2222 1018 2258 vicinorum
1047 2219 1220 2270 optimiS,
1267 2221 1306 2256 in
1328 2220 1463 2257 civita—

804 2285 883 2316 te111
913 2277 1073 2328 receptis
1100 2276 1317 2326 coniungit,
1348 2276 1465 2326 Argi-

801 2347 938 2373 vorum
950 2334 1092 2384 gloriae
1102 2332 1330 2371 studiosus.“
1348 2332 1417 2370 We
1428 2347 1463 2369 s-

802 2392 867 2430 sel
876 2394 967 2441 ing.

857 2443 912 2499 ἦν
950 2443 1136 2499 ἄρθμια]
1192 2446 1293 2483 Cave
1324 2446 1463 2483 scribas

801 2502 970 2556 ἅρθμία.
1020 2505 1088 2541 Est
1109 2503 1213 2539 enim
1233 2503 1379 2554 plurale
1389 2514 1463 2538 no-

799 2575 913 2609 meu,
944 2574 998 2598 res
1018 2563 1192 2611 pacata-t,
1230 2559 1461 2605 concordiam,

795 2631 919 2670 pacem
947 2616 1141 2665 indicans,
1184 2623 1225 2654 ut
1246 2623 1346 2653 recte
1369 2611 1460 2652 Sui-

800 2675 865 2713 das
885 2676 903 2711 Ι
922 2687 1010 2726 pag.
1034 2677 1115 2715 330
1137 2671 1314 2724 ἄρθμια·
1347 2672 1461 2717 φίλια

795 2728 1018 2784 Ἡρόδοτος.
1072 2732 1170 2766 Item
1190 2730 1320 2765 Glossa
1336 2729 1461 2764 Hero—

800 2788 910 2826 dotea
942 2795 1056 2839 atque
1087 2784 1299 2837 Hesychius
1324 2786 1339 2820 Ι
1370 2796 1457 2835 pag.

1393 2842 1459 2877 Est

800 2846 880 2886 527
922 2841 1123 2896 ἄρθμιοι·
1185 2842 1307 2891 φίλοι.
