1815 3181
87 618 244 651 Thraces,

85 651 174 678 ludos
200 652 238 686 [3‚

321 555 352 598 3

235 621 331 685 ,ὧοεῑ

416 182 444 219 4
811 180 1265 215 HERODOTI

414 287 491 330 τὸν
520 287 704 341 στρατὸν
733 287 756 330 ὁ
787 286 1047 342 Μεγάβαζος
1076 287 1148 329 διὰ
1176 289 1250 341 τῆς
1283 288 1493 342 Θρηΐκης,
1523 291 1670 332 πᾶσαν

414 355 543 398 πόλιν
580 357 653 399 καὶ
687 359 776 398 πᾶν
815 355 946 405 ἔθνος
984 359 1072 397 τῶν
1110 352 1245 410 ταύτῃ
1288 356 1532 410 οἰκημένων
1561 355 1669 413 ἡμε-

415 421 625 478 ρούμενος
653 422 838 478 βασιλέϊ·

890 426 1026 465 ταῦτα
1054 422 1136 477 γάρ
1168 423 1211 464 οἱ
1239 421 1460 465 ἐντέταλτο
1500 423 1546 467 ἐκ
1576 431 1727 468 Δα-30

414 492 560 544 ρείου,
595 493 789 546 Θρηΐκην
818 489 1203 544 καταστρέφεσθαι.

355 733 456 780 giose
476 729 770 767 Lebensausicht
799 729 863 766 des
885 732 1009 766 Hero-

355 787 463 824 dotus
485 786 811 838 (Essem-1832)
833 800 921 837 pag
943 786 1008 827 48-

412 857 544 893 πᾶσαν
559 849 675 892 πόλιν
698 853 764 892 καὶ
785 857 865 893 πᾶν
888 853 1009 900 ἔθνος

356 913 434 948 τῶν
453 906 573 963 ταύτῃ
597 909 817 959 οικημένων
839 907 1008 962 ήμεοού-

357 981 428 1016 μεν
432 982 474 1013 ος
498 967 674 1017 βασιλέϊ]
714 968 883 1003 Verbum
911 966 1008 1019 ἦμε-

355 1025 531 1073 ροῦσθαι
585 1022 675 1074 (sibi
715 1025 894 1072 subigere,
946 1025 1008 1061 clo-

354 1079 472 1129 mare)
500 1081 578 1116 iam
597 1082 809 1117 invenimus
828 1081 890 1127 IV,
916 1083 1007 1121 118.

354 1137 533 1172 Activum
562 1135 737 1188 ’ἡμεροῦν
766 1139 890 1188 posuit
927 1139 1009 1173 No—

355 1200 428 1229 ster
458 1194 538 1240 VII,
572 1194 608 1234 5.
670 1194 767 1229 Cum
786 1195 907 1230 verbis
928 1196 1009 1232 τῶν

353 1244 475 1302 ταύτῃ
515 1248 735 1299 οἰκημένων
778 1250 1008 1287 Dahlmann.

358 1306 395 1341 in
422 1305 602 1343 Herodot.
627 1320 661 1355 p.
687 1309 763 1346 166
793 1314 878 1357 apte
899 1321 1009 1343 com—

355 1369 460 1412 parat
495 1361 774 1412 Xenophontea
805 1366 845 1399 in
886 1365 1009 1414 Cyro—

354 1418 464 1468 paed.
486 1420 716 1466 V11‚1‚21.:
747 1417 816 1459 τόν
838 1418 1008 1470 ἄρχοντα

355 1477 433 1513 τῶν
449 1472 568 1529 ταύτῃ
592 1472 792 1526 ἁρμάτων,
815 1478 911 1513 bene
922 1491 1010 1514 mo—

357 1544 450 1568 nens
472 1532 572 1582 apud
593 1532 829 1570 Herodotum
850 1548 929 1570 non
963 1534 1010 1571 de

357 1590 461 1624 omni
481 1588 644 1625 Thracia
667 1591 747 1639 agi,
770 1590 835 1627 sed
857 1590 904 1627 de
924 1604 1011 1627 ma-

356 1645 479 1681 ritimo
500 1652 646 1682 tanttun
676 1645 865 1684 Thraciae
892 1649 1011 1684 meri-

357 1700 514 1738 dionalis
545 1709 678 1739 tractu.
736 1705 791 1740 Ita
823 1706 926 1740 enim
947 1706 1010 1741 in—

355 1757 410 1793 fra
440 1759 484 1805 V,
510 1761 559 1798 lO
589 1760 628 1794 iu
657 1759 721 1796 fin.
752 1777 799 1799 τα
819 1766 1009 1810 moccens—

353 1810 494 1852 λάσσια
511 1810 550 1853 δ’
572 1816 628 1853 ὠν
649 1811 771 1865 αυτῆς
795 1815 1008 1867 (Thraciae

352 1871 450 1917 scil.)
474 1867 711 1922 Μεγάβαζος
734 1873 920 1925 Πεοσέων
941 1890 1006 1913 κα-

352 1922 476 1975 τήκοα
512 1926 647 1966 ἐποίεε
696 1930 746 1965 At
776 1932 918 1967 mirtun
947 1933 1007 1968 vi—

349 1981 458 2018 detur
479 1982 644 2020 eidemD
649 1983 868 2035 :,1hlmanuo
887 1988 1003 2039 quod,

351 2051 447 2089 quae
462 2038 507 2075 de
521 2038 744 2088 Thracibus,
766 2051 880 2093 gente
893 2058 1006 2095 prae-

355 2101 410 2130 ter
431 2094 599 2132 indicam
621 2100 794 2135 omnium
823 2101 1006 2152 frequen-

357 2152 515 2199 tissima,
540 2159 582 2188 ut
614 2154 805 2192 Herodoto
827 2164 927 2194 certe
947 2159 1007 2194 vi-

358 2205 487 2253 detur,
526 2210 693 2260 sequitur
716 2210 912 2261 digressio,
944 2227 1008 2251 so-

360 2263 424 2299 lito
456 2265 500 2300 sit
533 2265 691 2302 brevior.
749 2242 859 2313 ὅιιοά
887 2271 1009 2320 pluri-

361 2319 427 2355 bus
449 2333 494 2355 ex
508 2322 624 2358 causis
640 2322 717 2358 fieri
728 2327 891 2373 potuisse
905 2326 1010 2363 idem

360 2376 491 2411 observ
495 2383 529 2412 at
544 2376 893 2418 Dal111nammsive
907 2383 1010 2435 quod

359 2430 524 2468 Thracia
564 2436 778 2483 maritima,
837 2451 885 2474 ex
933 2453 1009 2490 quo

359 2486 676 2525 Atheniensium
667 2504 705 2526 in
728 2491 911 2530 ditionem
941 2509 1010 2533 ve-

362 2547 689 2591 nerat,1nf·lius
680 2559 755 2583 iam
776 2550 956 2587 Graecis
948 2566 1009 2588 in-

363 2608 553 2637 notes‹ere
584 2605 769 2652 coeperit,
800 2607 876 2642 sive
906 2608 1009 2658 quod

362 2657 399 2691 in
431 2657 555 2693 media
593 2657 757 2695 Thracia
799 2670 879 2711 post
907 2665 1009 2700 Darii

364 2711 517 2749 deinum
568 2721 738 2764 tempora
779 2717 1009 2768 Odr)saru1n

363 2780 522 2815 regnum
542 2772 744 2809 exstiterit:
776 2771 822 2809 de
844 2788 919 2826 quo
941 2789 1011 2812 ex—

497 560 696 614 Θρηΐκων
726 559 772 601 δὲ
804 558 934 608 ἔθνος
964 557 1166 612 μέγιστόν
1195 558 1306 609 ἐστι,
1359 556 1465 612 μετά
1503 574 1550 614 γε
1585 557 1668 600 Ἰν-

1064 743 1208 781 ponere
1227 730 1289 768 hic
1310 733 1472 782 longum
1490 733 1583 780 fuit,
1611 745 1725 783 prae-

1066 789 1196 823 sertim
1217 802 1306 824 cum
1325 791 1491 840 incoepti
1520 790 1642 840 operis
1661 802 1725 825 ra-

1065 845 1118 880 tio
1131 852 1265 894 sponte
1277 847 1497 896 scriptorem
1509 847 1549 882 in
1559 859 1724 897 sequen-

1065 901 1164 937 tibus
1206 915 1250 937 eo
1292 902 1478 939 deducere
1522 902 1723 939 videretur.

1066 957 1225 994 Accedit
1246 958 1349 1009 quod
1362 959 1576 996 Herodotus
1596 972 1726 996 remo-

1066 1015 1169 1050 tioris
1202 1014 1392 1052 Thraciae
1420 1023 1545 1067 partes
1565 1017 1725 1052 minime

1065 1072 1144 1121 ipse
1169 1073 1460 1121 perlustraverat
1473 1103 1482 1120 ,
1504 1086 1575 1109 nec
1596 1074 1725 1109 omni-

1064 1141 1115 1163 no
1154 1128 1274 1164 ullam
1308 1131 1582 1166 accuratiorem
1620 1130 1726 1166 noti-

1065 1185 1157 1220 tiam
1179 1187 1353 1235 gentium
1375 1186 1423 1222 ad
1451 1188 1591 1223 Istrum
1611 1185 1724 1222 habi-

1065 1243 1229 1277 tantium
1246 1272 1254 1287 ,
1297 1244 1449 1280 Graecis
1478 1244 1545 1279 vix
1566 1255 1724 1279 accura-

1064 1299 1137 1334 tius
1169 1300 1428 1348 cognstarmn,
1469 1298 1643 1337 habuisse
1663 1300 1723 1335 vi—

1066 1354 1187 1391 detur.

1307 1480 1399 1530 Cap.
1421 1481 1486 1516 111.

1126 1593 1311 1644 Θρηΐκων
1332 1589 1374 1629 δὲ
1397 1590 1517 1637 ἔθνος
1545 1587 1723 1642 μέγιστόν

1067 1649 1148 1688 ἐστι
1168 1665 1202 1687 κ.
1229 1665 1261 1687 τ.
1287 1649 1352 1696 λ.]
1397 1646 1596 1684 Thracum
1625 1660 1725 1698 gen-

1066 1713 1168 1753 tem,
1201 1706 1367 1755 exceptis
1386 1704 1510 1751 Indis,
1551 1706 1725 1741 omnium

1065 1765 1281 1799 maximam
1315 1760 1449 1798 habuit
1485 1761 1722 1798 Herodotus:

1066 1822 1132 1872 qui
1170 1818 1341 1856 Thraces
1378 1819 1409 1854 si
1445 1820 1559 1854 unius
1597 1819 1725 1869 impe.-

1065 1879 1120 1913 rio
1134 1875 1339 1913 concordes
1353 1881 1587 1925 regerentur,
1601 1875 1725 1911 omni-

1064 1946 1132 1969 um
1152 1932 1294 1969 iudicat
1316 1945 1394 1968 esse
1415 1931 1650 1968 firmissimos
1661 1932 1724 1966 iu-

1063 1992 1272 2041 victosque.
1328 1989 1433 2034 Quae
1452 1988 1584 2038 procul
1606 1987 1722 2024 dubio

1063 2048 1275 2083 Pausaniae
1318 2045 1614 2081 obversabantur
1652 2042 1722 2092 (ut

1064 2102 1212 2139 dudum
1230 2102 1381 2138 monuit
1395 2099 1722 2149 Valckenaerius),

1063 2158 1158 2196 haec
1179 2159 1358 2195 scribenti
1387 2159 1415 2203 Ι,
1439 2160 1463 2198 9
1486 2158 1522 2202 ξ.
1547 2159 1594 2196 6:
1620 2157 1721 2206 Θρα-

1064 2218 1147 2254 κῶν
1167 2217 1247 2254 τῶν
1272 2210 1433 2253 πάντων
1447 2208 1606 2260 ου’δένες
1618 2212 1722 2252 πλεί-

1066 2288 1136 2319 ους
1165 2271 1240 2310 εἰσὶ
1266 2273 1345 2310 τῶν
1377 2265 1631 2319 ἀνθρώπων,
1662 2265 1722 2309 ὅτι

1067 2325 1122 2379 μή
1154 2326 1315 2374 Κελτοὶ,
1355 2323 1456 2377 πρὸς
1476 2323 1571 2365 ἄλλο
1604 2325 1722 2371 ἔθνος

1063 2386 1109 2424 ὲν
1158 2379 1458 2432 ἀντεξετάζοντι.
1527 2384 1579 2419 At
1617 2383 1723 2419 aliter

1065 2443 1191 2479 visum
1223 2438 1466 2491 Thucydidi,
1507 2440 1638 2491 quill,
1671 2439 1722 2478 97

1066 2497 1265 2535 Thracum
1284 2497 1410 2534 scribit
1430 2509 1593 2546 regnum
1607 2495 1726 2532 exsti-

1064 2557 1151 2591 tisse
1170 2555 1386 2591 maximum
1414 2552 1538 2590 reditu
1569 2552 1725 2603 aliisque

1067 2612 1200 2661 opibus
1213 2641 1222 2658 ‚
1254 2610 1320 2648 sed
1343 2611 1529 2647 exercitus
1549 2609 1725 2645 multitu—

1067 2666 1156 2704 dine
1184 2668 1398 2719 roboreque
1427 2666 1591 2702 multum
1624 2665 1725 2715 Scy-

1066 2722 1139 2760 this
1160 2725 1334 2771 cessisse3
1365 2724 1500 2775 quibus
1521 2722 1608 2772 ipsis
1629 2733 1724 2757 con-

1067 2779 1242 2817 cordibus
1263 2781 1409 2818 nullam
1428 2785 1584 2830 gentem
1598 2787 1723 2829 neque
