1834 3258
412 268 1051 307 POLYMNIA.V11.
1280 251 1433 310 5211x

1420 385 1582 406 recensere
1614 376 1695 406 ordi-

1419 414 1479 439 tur.
1515 411 1643 439 Persae.

1421 446 1500 476 Olim
1519 446 1592 474 dicti
1608 454 1628 473 a.

95 381 234 438 σῶμα,
261 378 457 428 κιθῶνας
485 375 764 433 χειριδωτούς
794 377 1040 432 ποικίλους,
1083 377 1258 430 λεπίδος
1289 389 1359 422 σι-

37 562 275 610 consistentes,
295 560 362 599 sed
380 560 589 600 inclinatas.
618 561 696 599 Ta-

35 617 90 654 les
107 630 197 656 vero
208 619 326 669 pileos
347 632 426 656 non
446 619 610 669 rigentes
631 617 697 655 sed

34 674 250 712 incurvatos
271 682 418 726 gestare
436 675 614 713 videntur
627 676 698 713 viri

35 731 184 779 Persae,
216 733 346 783 quales
369 739 698 783 repraesentantur

34 788 76 823 in
102 791 361 827 monumentis
392 790 697 840 Persepolitanis.

35 843 120 881 vid.
153 846 329 896 Mongez.
361 846 388 883 l.
417 847 444 883 l.
475 847 552 883 tab.
582 847 617 882 Π
638 859 698 883 nr.

37 903 102 941 12.
112 902 188 941 tab.
200 903 270 939 Vll
285 916 343 942 nr.
355 906 394 943 2.
406 906 444 944 3.
472 902 584 939 Unde
595 902 700 939 haud

33 959 136 994 male
155 960 322 997 Brisson.
338 960 364 996 l.
383 960 409 998 l.
430 961 495 1005 111,
509 958 575 1007 24,
596 961 701 996 mul-

33 1015 80 1051 tis
88 1017 310 1053 testimoniis
320 1017 452 1063 allatis,
464 1018 595 1053 Persas
605 1030 701 1053 con-

34 1071 156 1109 tendit
175 1074 214 1109 iu
227 1075 306 1110 acie
314 1087 391 1110 non
405 1074 572 1123 galeatos
585 1073 699 1111 fuisse

34 1127 103 1166 sed
131 1130 302 1179 pileatos.

89 1188 273 1233 κιθαῖνας
292 1182 544 1238 χειριδωτοῦς
563 1185 700 1226 ποικί-

34 1243 156 1291 λους]
202 1244 228 1283 i.
259 1257 292 1281 e.
326 1245 466 1281 tunicas
502 1245 699 1280 manicatas

10 1324 15 1328 ι
33 1300 130 1336 varii
157 1300 291 1338 coloris.
348 1302 556 1342 Manicatas
593 1300 699 1337 tuni-

35 1368 96 1393 cas
118 1357 242 1394 Persis
272 1358 313 1393 in
341 1371 413 1394 usu
439 1357 554 1394 fuisse
581 1370 698 1394 mon-

34 1419 166 1462 strant,
196 1426 293 1466 quae
314 1415 467 1464 collegit
484 1415 698 1451 Brissonius

34 1469 60 1506 l.
79 1469 106 1505 l.
125 1471 156 1518 Ι,
173 1473 240 1511 60.
293 1472 480 1509 Maiorem
494 1471 700 1508 difficulta-

33 1532 114 1562 tem
143 1526 308 1564 afferunt
322 1529 437 1565 verba
451 1558 461 1576 ,
485 1541 582 1580 quae
602 1541 699 1565 con-

34 1583 141 1619 tinuo
163 1583 409 1622 adiiciuntur:
451 1585 609 1632 λεπίδος
642 1596 699 1623 σι-

35 1637 180 1690 δηρέης
195 1637 295 1691 ὄψιν
310 1639 577 1691 ἰχθυοειδέος,
603 1654 698 1678 nam

34 1696 173 1733 loricae
203 1710 233 1734 s.
264 1693 457 1750 θώρηκος
497 1700 697 1735 notionem

32 1754 223 1805 requirere
243 1753 433 1804 videntur,
455 1756 560 1792 cuius
580 1756 696 1806 ipsius

32 1822 110 1846 una
131 1824 221 1848 cum
240 1809 421 1849 chithone
439 1812 480 1849 fit
499 1814 643 1850 mentio
655 1813 696 1848 in

32 1867 189 1904 Masistii
209 1876 401 1906 armatura
421 1869 524 1920 apud
549 1868 694 1907 Herod.

32 1924 102 1971 IX,
133 1927 189 1965 22
218 1926 304 1962 coll.
335 1925 516 1977 Xenoph.
555 1928 695 1978 Cyrop-

33 1980 115 2027 VII,
137 1983 155 2021 1
178 1982 216 2026 ξ.
237 1983 276 2021 2.
333 1983 467 2034 Itaque
491 1990 576 2033 post
604 1998 697 2023 ποι-

33 2037 169 2083 κίλους
191 2036 279 2074 addi
298 2040 433 2076 volunt
462 2038 530 2078 καὶ
558 2037 696 2092 θώρη-

33 2107 128 2141 κας,
156 2093 259 2145 quod
277 2095 348 2132 nisi
368 2095 614 2144 interciderit,
635 2098 697 2133 vi—

34 2148 114 2186 deri
142 2151 195 2186 illi
229 2160 386 2201 possunt
427 2153 548 2202 (sunt
580 2154 697 2190 verba

33 2205 326 2259 Valckenaerii)
359 2222 438 2246 non
457 2217 589 2261 pectus
609 2217 698 2247 tau—

32 2269 116 2300 tum
136 2262 202 2301 sed
222 2271 347 2302 totum
368 2280 503 2318 corpus
521 2265 697 2304 habuisse

34 2319 145 2358 lorica
164 2327 322 2369 tectum,
344 2336 387 2360 ex
397 2324 532 2374 ferreis
553 2324 697 2362 laminis

35 2389 260 2426 squamarum
285 2380 403 2417 instar
428 2381 498 2418 sibi
529 2382 697 2419 invicem

33 2433 218 2484 impositis
236 2435 357 2484 facta3
377 2444 419 2474 ut
435 2445 542 2475 erant
562 2439 697 2475 armati

36 2491 180 2541 equites
211 2493 458 2543 cataphracti,
481 2494 529 2532 de
560 2496 696 2548 quibus

34 2545 113 2583 vid.
152 2548 318 2587 Brisson.
358 2551 384 2587 l.
418 2552 444 2588 l.
473 2553 538 2600 ΠΙ,
576 2553 629 2594 35
660 2559 698 2589 et

36 2601 248 2653 Spanhem.
271 2604 319 2642 ad
334 2607 470 2645 Iulian.
489 2607 635 2659 p.249,
655 2616 698 2646 ut

36 2657 177 2696 horum
188 2659 282 2698 adeo
298 2666 470 2710 κιθῶνες
480 2664 699 2717 χειριδωτοὶ

35 2716 177 2754 fuerint
202 2719 410 2759 λεπιδωτοὶ
440 2722 502 2758 vel
529 2721 699 2769 φολιδω-

38 2772 113 2813 τοί.
171 2774 389 2813 Herodotus
411 2782 539 2814 tamen
563 2777 699 2826 (idem

37 2830 161 2880 pergit
179 2830 462 2880 Valckenaer.),
503 2834 601 2870 infra
651 2833 699 2871 de

38 2887 203 2926 Masistio
223 2889 383 2941 loquens
403 2890 617 2942 interfecto,
629 2887 700 2930 τόν

754 555 926 612 θώρηκα
946 568 984 598 et
1004 558 1076 601 τόν
1108 563 1268 601 κιθῶνα
1288 561 1419 599 claris-

753 618 847 654 sime
869 617 1064 668 distinguit
1082 620 1228 666 1X‚22,
1250 615 1417 657 1ώίθῶ-

754 688 856 724 ρηκα
872 678 893 713 λ
906 689 960 714 επ
972 691 985 714 ι
998 676 1020 713 δ
1038 690 1067 713 ω
1078 691 1096 713 τ
1109 672 1128 715 ὂ
1139 691 1160 714 ν
1180 674 1286 722 dixit,
1299 688 1417 727 quem

753 730 1159 782 PosidippusComicus
1172 730 1417 783 apudAthen.

752 789 810 824 IX
829 801 868 838 p.
890 791 970 829 376
992 790 1034 825 F.
1063 790 1227 840 appellat
1258 804 1287 838 φ
1302 791 1355 828 ολ
1370 804 1418 827 ι-

756 844 779 883 δ
791 859 820 883 ω
833 859 852 883 τ
866 842 886 884 ο“
900 860 934 892 ν,
966 858 1088 897 quum
1108 844 1279 883 eiusdem
1300 846 1417 896 origi-

755 902 812 938 nis
832 914 944 938 voces
964 901 1074 949 λεπὶς
1097 909 1133 939 et
1157 901 1273 953 φολὶς
1292 903 1332 938 in
1347 915 1419 939 usu

755 959 807 994 ita
828 957 1161 1009 distinguerentur,
1193 966 1235 995 ut
1254 959 1419 1010 piscium

756 1028 939 1067 squamae
973 1016 1140 1063 λεπίδες,
1181 1017 1420 1067 serpentium

758 1072 922 1120 φολίδες
943 1071 1169 1110 dicerentur.
1199 1073 1304 1118 Quae
1327 1085 1418 1109 cum

754 1129 807 1165 ita
826 1130 927 1177 sint,
960 1129 1139 1181 equidem
1177 1130 1312 1166 malim
1339 1136 1418 1166 sta-

755 1192 872 1234 tuere,
895 1186 1025 1223 loricae
1064 1187 1264 1223 notionem
1294 1187 1420 1223 conti-

754 1243 838 1278 neri
850 1255 943 1279 voce
955 1242 1207 1294 praecedente
1223 1245 1419 1291 κιθῶνας,

754 1312 827 1336 nec
857 1306 988 1336 tamen
1007 1323 1018 1328 -
1033 1313 1124 1337 cum
1160 1300 1419 1350 Wesselingio

755 1363 793 1393 et
826 1357 957 1393 Pawio
978 1358 1214 1407 reposuerim
1236 1356 1416 1407 ἰχθυοει-

755 1413 778 1452 δ
790 1411 808 1452 έ
821 1428 845 1452 α
857 1428 876 1460 ς
889 1443 899 1461 ,
928 1413 1033 1465 quod
1053 1413 1102 1451 ad
1117 1416 1298 1460 κιθῶνας
1316 1413 1419 1450 refe-

754 1476 870 1507 ratur.
927 1471 1099 1508 Pertinet
1137 1472 1241 1507 enim
1279 1471 1420 1521 ἰχθυο-

756 1525 879 1574 ειδέος
897 1526 946 1564 ad
966 1528 1138 1576 λεπίδος,
1153 1529 1218 1580 qui
1237 1527 1419 1564 materiae

756 1590 810 1620 est
839 1585 1048 1634 genitivus,
1086 1584 1260 1622 indicans
1293 1591 1419 1621 mate-

754 1642 863 1689 riam,
886 1646 935 1678 ¹ex
956 1641 1031 1693 qua
1053 1642 1172 1678 lorica
1189 1642 1303 1678 fuerit
1323 1653 1420 1678 con-

753 1698 864 1745 fecta,
913 1705 950 1735 et
978 1697 1151 1749 pendens
1184 1699 1230 1736 ab
1265 1705 1420 1736 antece-

755 1754 861 1791 denti
900 1758 1102 1804 κιθῶνας,
1153 1754 1259 1808 quod
1290 1756 1420 1793 loricae

751 1811 1027 1862 significatione
1046 1814 1125 1849 iam
1159 1825 1272 1864 supra
1291 1812 1420 1861 attigi-

752 1882 838 1906 mus
859 1868 908 1905 ad
936 1869 982 1917 V,
1018 1871 1111 1909 106.
1167 1872 1302 1922 Itaque
1329 1880 1420 1906 cum

754 1924 1120 1975 Schweighaeusero
1141 1924 1180 1963 h.
1201 1928 1228 1963 l.
1263 1926 1419 1962 intelle-

753 1983 878 2018 xerim
889 1982 1016 2019 loricas
1036 1985 1236 2020 manicatas
1253 1984 1349 2021 varii
1359 1995 1420 2019 co-

755 2039 839 2075 loris
881 2051 1008 2089 easque
1041 2052 1083 2076 ex
1113 2039 1257 2077 laminis
1288 2039 1419 2090 ferreis

754 2095 950 2146 confectas,
983 2108 1131 2145 quarum
1157 2096 1281 2147 forma
1309 2109 1421 2146 squa-

755 2165 830 2189 mas
845 2154 996 2203 piscium
1017 2153 1198 2201 retulerit3
1235 2155 1314 2191 sive
1333 2153 1420 2189 bre-

754 2210 861 2254 yius:
895 2209 1023 2246 loricas
1043 2212 1242 2248 manicatas
1261 2217 1298 2248 et
1313 2222 1420 2260 squa-

754 2269 880 2305 matas.
938 2267 1046 2303 Bene
1069 2266 1160 2304 hinc
1180 2268 1294 2304 refert
1312 2267 1420 2303 Bris-

754 2336 834 2360 son.
855 2324 879 2360 l.
900 2323 926 2362 l.
948 2324 1014 2371 III,
1030 2326 1082 2365 12
1100 2325 1232 2362 Persas
1245 2323 1420 2361 habuisse

754 2381 853 2417 circa
874 2393 1010 2431 corpus
1029 2383 1169 2418 tunicas
1187 2381 1418 2429 manuleatus,

753 2438 866 2474 variis
889 2439 1044 2487 squamis
1061 2451 1078 2474 e
1083 2437 1188 2488 ferro
1205 2439 1367 2476 consertis
1381 2439 1420 2475 in

753 2494 1016 2532 similitudinem
1028 2497 1190 2546 piscium.
1247 2496 1292 2532 In
1313 2495 1421 2532 clau-

754 2551 837 2588 sula
866 2550 1029 2599 addam,
1078 2550 1274 2604 quomodo
1294 2553 1419 2592 ,Mon-

756 2621 840 2658 gez.
872 2609 899 2645 l.
926 2609 953 2646 l.
981 2609 1032 2645 T.
1063 2610 1116 2647 IV
1145 2621 1234 2660 pag.
1264 2607 1331 2650 45.
1364 2607 1418 2647 49

756 2664 851 2702 haec
871 2666 952 2717 ipsa
965 2666 1117 2703 Gallicis
1127 2666 1250 2703 verbis
1263 2676 1420 2715 expres-

756 2722 844 2759 serit
861 2734 871 2759 :
923 2723 1022 2770 „Les
1043 2724 1175 2759 Perses
1196 2721 1348 2759 avoient
1363 2741 1420 2747 —·

755 2779 791 2815 le
804 2792 913 2829 corps
928 2778 1141 2829 enveloppe
1171 2776 1218 2814 de
1240 2778 1419 2829 tuniques

756 2836 906 2885 garnies
934 2833 982 2872 de
1010 2833 1192 2872 manches
1220 2841 1257 2871 et
1282 2835 1419 2871 teintes

759 2891 806 2928 de
834 2892 1019 2943 plusieurs
1049 2891 1249 2939 couleur-s,
1280 2902 1344 2928 sur
1364 2891 1420 2927 les

1058 2973 1079 2985 Χ
