1851 3181
409 248 494 288 474

809 246 1273 283 HERODOTI

411 354 539 411 δικήν
568 352 714 411 χώρην
745 353 1020 410 ἐμβαλόντες,
1052 353 1209 417 σχεδόν
1234 353 1379 398 πάντα
1398 353 1452 397 τὰ
1479 352 1573 396 ἅνω
1602 357 1680 409 τῆς

405 422 546 479 Ἀσίης
574 422 973 478 καταστρεψάμενοι
1002 423 1221 478 ἐνέμοντο,
1250 424 1340 464 τῶν
1369 422 1530 465 εἵνεκεν
1560 421 1679 466 ὕστε-

381 498 498 544 3ρον
540 494 731 542 Δαρεῖος
769 490 1046 547 ἐτιμωρέετο·
1089 489 1194 547 μήτε
1230 490 1340 533 κατὰ
1378 489 1431 532 τοὶ
1468 489 1680 545 λεγόμενα

408 557 487 600 τὸν
510 555 774 610 Ἀτρειδέων
803 559 846 610 ἐς
872 558 1030 602 Ἴλιον·

1075 557 1181 614 μήτε
1209 557 1287 601 τὸν
1318 557 1492 601 Μυσῶν
1519 574 1564 602 τε
1605 558 1680 601 καὶ
1694 565 1737 598 10

413 628 643 680 Τευκρῶν,
675 624 755 668 τὸν
782 626 869 678 πρὸ
888 630 980 669 τῶν
1011 630 1218 681 Τρωῖκῶν
1238 626 1489 682 γενόμενον,
1521 629 1565 669 οἳ
1586 627 1676 669 δια-

409 691 564 748 βάντες
601 693 646 744 ἐς
681 693 762 750 τὴν
793 693 1019 750 Εὐρώπην
1055 693 1166 737 κατὰ
1200 695 1460 747 Βόσπορον,
1501 692 1607 744 τούς
1635 709 1680 737 τε

411 751 604 804 Θρήϊκας
632 750 974 806 κατεστρέψαντο
1005 750 1192 802 πάντας,
1222 751 1297 795 καὶ
1327 750 1396 794 ἐπὶ
1417 749 1496 794 τὸν
1521 749 1680 793 Ἰόνιον

410 817 575 861 πόντον
603 819 874 875 κατέβησαν,
911 819 1033 875 μέχρι
1061 835 1106 862 τε
1139 822 1333 876 Πηνειοῦ
1364 821 1567 874 ποταμοῦ
1595 821 1679 862 τοῦ

407 984 488 1021 τῶν
511 981 661 1021 εἵνεκεν
669 975 836 1033 ὕστερον
846 982 1016 1032 Δαρεῖος

348 1037 606 1091 ἐτιμωρέετο]
656 1037 768 1075 Conf.
804 1038 868 1086 IV,
891 1040 929 1077 1.
959 1059 1014 1065 -

348 1095 577 1147 ἐτιμωρέετο
618 1093 799 1147 equidem
827 1093 1013 1131 reddam:

347 1154 474 1190 ulcisci
489 1153 647 1200 studuit,
679 1164 728 1188 ex
755 1158 848 1188 noto
867 1152 1013 1202 imper-

347 1210 438 1246 fecti
458 1222 542 1249 usu.
584 1210 629 1245 In
649 1221 755 1260 seqq.
771 1209 889 1246 verba
908 1204 1009 1247 κατοέ

347 1263 396 1305 τὰ
411 1261 601 1318 λεγόμενα
620 1264 826 1314 (secundum
847 1278 900 1312 ea,
923 1277 1013 1315 quae

350 1323 539 1371 dicuntur,
574 1321 685 1372 fama
713 1319 902 1373 seruntur)
925 1322 1012 1358 satis

346 1379 516 1431 produnt
536 1378 724 1429 scriptoris
736 1379 922 1425 animum,
933 1379 1011 1430 qui,

348 1450 447 1488 quae
466 1448 557 1474 vera
566 1442 666 1483 sunt,
688 1435 734 1471 ab
751 1436 807 1481 iis,
829 1436 1016 1487 quaemi-

346 1506 419 1530 nus
452 1499 648 1543 comperta.
680 1490 836 1539 habuit,
880 1490 1014 1529 sedulo

347 1549 528 1586 discernit
559 1556 596 1586 et
626 1561 725 1601 quae
753 1547 854 1585 certa
884 1561 1013 1585 rerum

345 1606 424 1643 fide
444 1605 583 1644 tradita
604 1612 799 1653 constant,
830 1606 929 1641 bene
949 1618 1013 1642 se-

346 1665 473 1714 iungit
492 1664 539 1699 ab
564 1664 630 1711 iis,
661 1675 760 1715 quae
787 1660 892 1698 fama
921 1668 1011 1699 tan-

347 1727 433 1757 tum
463 1726 660 1771 acceperat
691 1726 756 1756 aut
789 1731 888 1770 quae
913 1731 1012 1769 poe-

348 1784 476 1814 tarum
496 1776 727 1813 carminibus
748 1776 935 1813 celebrata
950 1775 1011 1812 fe-

347 1835 548 1871 rebantur:
598 1833 726 1885 qualia
762 1845 801 1870 v.
835 1846 869 1871 o.
903 1838 1011 1869 erant

347 1891 514 1939 Troica3
573 1902 809 1943 quamquam
865 1889 1010 1926 bellum

347 1948 562 1984 Troianum
582 1959 714 1983 revera
734 1944 912 1983 accidisse
932 1947 1011 1982 mi-

346 2005 453 2040 nime
482 2005 537 2041 illi
563 2004 636 2041 fuit
651 2002 830 2050 dubium3
861 2003 910 2040 cf.
930 2004 961 2051 I,
985 2004 1008 2042 3

345 2074 425 2113 seq.
446 2062 495 2109 II,
521 2063 601 2101 112
620 2073 727 2112 seqq.
777 2058 856 2097 Sed
874 2060 1011 2096 monui

344 2116 432 2165 hoc,
455 2130 532 2169 quo
543 2118 700 2154 lectores
712 2115 949 2153 attenderem
961 2115 1011 2152 ad

346 2175 533 2224 scriptoris
554 2175 759 2210 sollertiam
772 2174 928 2225 verique
947 2173 1011 2209 in-

347 2230 514 2281 dagandi
534 2229 716 2278 studium,
735 2231 777 2266 in
807 2243 883 2283 quo
905 2230 1011 2266 criti-

346 2300 413 2324 cae
450 2288 538 2324 art1s
567 2288 714 2324 semina
742 2287 860 2323 latere
879 2286 1010 2323 nemi-

344 2357 436 2380 nem
457 2344 592 2394 fugiet.

402 2395 499 2451 μήτε
539 2397 610 2439 τὸν
661 2399 822 2436 Μυσῶν
861 2412 901 2436 τε
938 2396 1007 2436 καὶ

350 2457 561 2508 Τευκρῶν]
593 2455 702 2494 Couf.
723 2455 810 2498 VII,
826 2453 892 2494 75.
913 2456 1007 2490 Mox

345 2527 436 2550 cum
457 2520 614 2550 recentt.
630 2511 717 2549 edd.
740 2510 897 2547 exhibui
918 2511 1006 2550 δια-

346 2567 489 2622 βάντες
511 2569 560 2617 ἐς
585 2566 659 2619 τήν
681 2564 898 2620 Εὐρώπην,
939 2568 1005 2603 ubi

345 2629 483 2664 vocula
504 2626 542 2673 ἐς
558 2639 579 2663 a
598 2627 787 2677 plerisque
797 2623 909 2662 codd.
926 2637 1004 2660 uno

348 2685 539 2721 Sancrosfi
567 2685 663 2720 libro
693 2688 852 2732 excepto
887 2681 1004 2718 abest.

349 2742 458 2778 (lonf.
479 2741 543 2785 IV,
576 2742 654 2780 118
686 2740 814 2790 ibique
834 2744 926 2774 nott.
948 2759 1004 2765 ——

344 2801 386 2833 ln
419 2811 524 2848 seqq.
556 2797 642 2834 libri
662 2797 837 2834 meliores
855 2791 1005 2833 Ἰόνιον

343 2856 430 2905 (pro
448 2849 639 2903 Ἰώνιον),
657 2860 700 2891 ut
719 2853 782 2902 VI,
806 2854 884 2894 127
913 2851 1004 2897 (ubi

1073 981 1176 1019 conf.
1211 979 1342 1032 nott.)
1372 980 1450 1029 IX,
1482 980 1556 1020 91:
1597 978 1735 1031 quibus

1071 1038 1165 1076 locis
1194 1035 1348 1078 κόλπον
1380 1037 1554 1074 additum
1581 1036 1735 1073 inveni-

1071 1108 1170 1143 mus,
1188 1102 1232 1132 ut
1251 1094 1291 1132 h.
1312 1096 1338 1132 l.
1358 1089 1523 1142 πόντον,
1543 1106 1634 1130 cum
1644 1093 1734 1130 alias

1072 1153 1244 1189 absolute
1274 1151 1349 1188 dici
1377 1152 1497 1187 soleat
1531 1145 1734 1196 ὁἸόνιος.

1068 1208 1154 1246 Vid.
1176 1207 1346 1247 Fischer.
1364 1207 1414 1245 ad
1433 1207 1598 1246 Weller.
1618 1207 1685 1255 HI,
1711 1209 1728 1246 l

1067 1279 1107 1317 p.
1131 1268 1226 1308 160.

1128 1375 1239 1430 μέχρι
1271 1390 1312 1417 τε
1344 1376 1526 1427 Πηνειοῦ
1550 1376 1735 1425 ποταμοῦ

1069 1437 1143 1473 τοῦ
1162 1431 1263 1485 πρὸς
1286 1433 1531 1486 μεσαμβρίης
1556 1429 1735 1483 ἤλασαν]

1070 1493 1155 1529 Ηοο
1170 1492 1223 1527 ita
1241 1489 1557 1540 intelligendum,
1580 1501 1643 1526 eos
1664 1501 1734 1525 oc-

1069 1547 1265 1586 cidentem
1305 1560 1434 1586 versus
1475 1545 1525 1583 ad
1557 1547 1734 1582 Ionicum

1069 1618 1176 1642 mare
1213 1605 1293 1642 sive
1329 1603 1570 1641 Adriaticum
1597 1615 1734 1639 excur-

1069 1663 1181 1710 risse,
1220 1660 1423 1697 meridiem
1453 1673 1583 1698 versus
1603 1665 1733 1696 autem

1066 1732 1188 1770 usque
1208 1717 1258 1754 ad
1276 1719 1453 1754 Peneum
1471 1716 1645 1763 fluvium,
1666 1716 1734 1767 qui

1066 1777 1167 1812 intra
1192 1775 1402 1826 Olympum
1441 1780 1555 1825 atque
1596 1773 1733 1809 Oetam

1067 1831 1117 1870 ad
1134 1844 1241 1868 mare
1262 1830 1470 1878 delabitur,
1491 1828 1733 1866 Thessaliam

1068 1902 1089 1926 a
1117 1889 1374 1940 septentrione
1393 1887 1615 1924 terminans.
1653 1886 1731 1922 Pro

1066 1948 1140 1985 τοῦ
1149 1944 1272 1997 (quod
1282 1943 1483 1982 Bekkerus
1492 1949 1628 1994 sponte
1640 1955 1731 1979 mu-

1066 2004 1160 2041 tavit
1179 2004 1220 2039 in
1240 1998 1311 2052 τὸ)
1342 1997 1440 2053 πρὸς
1471 1999 1729 2051 μεσαμβρίης,

1065 2066 1109 2096 ut
1129 2059 1263 2110 optimi
1283 2059 1425 2110 quique
1444 2058 1532 2094 libri
1552 2055 1729 2104 afferunt,

1067 2117 1160 2154 olim
1171 2117 1253 2168 quis
1263 2115 1425 2152 coniecit
1445 2116 1519 2153 τοῦ
1537 2110 1635 2164 πρὸς
1645 2116 1730 2152 Σα-

1067 2173 1262 2224 λαμβρίης
1291 2170 1413 2223 (quod
1445 2171 1566 2207 Penei
1585 2182 1730 2206 nomen

1067 2230 1140 2266 fuit
1167 2229 1384 2278 antiquius)
1414 2228 1462 2264 ob
1497 2227 1633 2266 Tzetz.
1657 2227 1727 2274 lx,

1067 2288 1162 2326 707.
1222 2286 1273 2321 At
1299 2285 1435 2321 merito
1457 2282 1606 2320 dudum
1628 2283 1728 2319 reie-

1067 2343 1118 2379 cit
1156 2342 1389 2391 Wesseling.
1430 2337 1586 2390 ἤλασαν
1632 2338 1728 2390 (pro

1067 2399 1172 2448 vulg.
1201 2397 1344 2437 ἔλασαν
1361 2396 1374 2448 )
1405 2397 1581 2434 revocavi
1600 2409 1620 2432 e
1639 2397 1729 2433 Flo-

1062 2462 1158 2492 rent.
1181 2462 1217 2491 et
1238 2454 1429 2491 Sancrofti
1454 2454 1570 2501 libro,
1601 2465 1728 2490 asseu-

1061 2513 1179 2548 tiente
1199 2513 1375 2562 Apetzio‚
1397 2512 1463 2563 qui
1482 2509 1555 2546 hoc
1574 2511 1615 2545 in
1637 2522 1727 2546 ver-

1061 2569 1110 2604 bo
1150 2576 1402 2618 augmentum
1441 2568 1487 2604 ab
1530 2565 1726 2603 Herodoto

1061 2625 1204 2677 ubique
1225 2624 1312 2662 addi
1333 2631 1440 2662 notat
1459 2622 1518 2672 (ut
1534 2624 1564 2668 I,
1579 2623 1645 2663 50.
1657 2622 1724 2664 59.

1061 2684 1130 2722 77.
1166 2681 1258 2722 146.
1282 2681 1374 2722 153.
1399 2678 1490 2721 154.
1515 2679 1607 2720 157.
1631 2675 1721 2718 164.

1065 2741 1159 2784 176)
1191 2738 1358 2790 indeque
1379 2738 1494 2774 etiam
1522 2736 1620 2772 infra
1640 2734 1720 2781 VII,
1760 2783 1763 2785 -

1064 2798 1143 2835 133
1166 2797 1378 2832 restituuun
1388 2795 1468 2832 vult
1487 2789 1719 2844 ἐξήλαυνον.

1061 2853 1126 2889 Tu
1147 2850 1236 2890 add.
1250 2852 1333 2901 VII,
1354 2850 1403 2892 41
1420 2851 1503 2887 init.
