1815 3181
353 172 408 212 14

749 168 1211 205 HERODOTI

322 277 400 321 3δὲ
427 275 696 333 χρεωμένους
725 277 917 333 Μηδικῇ.
952 275 1053 327 τούς
1081 277 1128 320 δὲ
1165 277 1326 328 ἵππους
1366 276 1512 320 αὐτῶν
1551 274 1606 321 εἷ-

350 361 423 388 ναι
453 345 630 394 λασίους
664 343 780 386 ἅπαν
817 343 867 387 τὸ
907 348 1053 400 σῶμα,
1094 344 1162 388 ἐπὶ
1199 342 1324 388 πέντε
1363 344 1606 399 δακτύλους

349 414 398 456 τὸ
429 411 569 468 βάθος
596 415 684 454 τῶν
711 414 888 466 τριχῶν·
927 410 1112 467 μικρούς
1141 411 1200 462 δὲ,
1231 412 1303 455 καὶ
1333 411 1502 467 σιμοὺς,
1530 413 1661 456 maso

350 479 592 529 ἀδυνάτους
615 478 778 532 ἄνδρας
803 477 972 534 φέρειν·
1005 479 1319 534 ζευγνυμένους
1349 479 1395 523 δὲ
1418 477 1499 523 ὑπ’
1531 479 1605 534 ἅρ-

352 564 478 603 ματα,
508 544 618 589 εἶναι
648 544 904 598 ὀξυτάτους·
935 545 1272 602 ἁρματηλατέειν
1293 547 1338 590 δὲ
1368 545 1481 601 πρὸς
1505 549 1607 590 ταῦ-

320 619 405 658 4τα
433 614 536 664 τούς
568 614 836 669 ἐπιχωρίους.
885 614 1089 671 κατήκειν
1127 614 1172 657 δὲ
1199 614 1370 658 τούτων
1397 613 1503 666 τούς
1532 613 1607 658 οὔ·

351 699 456 736 ρους
494 679 629 737 ἀγχοῦ
667 679 848 725 Ἐνετῶν
887 686 976 725 τῶν
1015 682 1061 725 ἐν
1102 685 1163 741 τῷ
1194 680 1353 740 Ἀδρίῃ.

321 749 523 805 5Μήδων
564 748 700 805 σφέας
742 748 955 802 ἀποίκους
997 749 1187 806 λέγουσι.

1409 680 1520 725 εἶναι
1557 681 1662 725 δὲ95

1243 749 1356 800 ὅκως
1397 751 1443 794 δὲ
1483 744 1608 794 οὗτοι

349 819 519 874 Μήδων
547 818 724 860 ἄποικοι
745 816 971 873 γεγόνασι,
1007 816 1088 872 ἐγώ
1108 817 1186 873 μὲν
1209 816 1291 861 οὐκ
1321 818 1400 874 ἔχω
1423 815 1606 874 ἐπιφρά-

325 892 347 925 6
359 892 519 929 σασθαι
533 899 542 907 ·

583 885 752 941 γένοιτο
794 883 834 929 δ’
871 884 925 927 ἂν
963 888 1052 927 πᾶν
1082 885 1129 928 ἐν
1167 890 1228 945 τῷ
1255 890 1409 943 μακρῷ
1448 885 1604 946 χρόνῳ.

348 953 568 1011 Σιγύννας
600 952 644 997 δ’
675 949 738 996 ὦν
757 952 961 996 καλέουσι
979 954 1139 1009 Λίγυες
1161 956 1205 998 οἱ
1229 954 1320 998 ἄνω
1342 953 1454 1010 ὑπὲρ
1477 958 1607 998 Μασ-

290 1142 409 1192 gentis
448 1142 604 1177 nomine
621 1171 631 1189 ,
681 1153 845 1192 quorum
884 1139 947 1175 alii

290 1195 489 1250 Σιγύννας
504 1228 513 1245 ,
570 1205 613 1234 ut
651 1198 768 1248 vulgo
809 1195 944 1245 editur,

291 1255 353 1291 alii
393 1251 567 1306 Σιγύνας
588 1284 597 1302 ,
650 1255 713 1290 alii
752 1250 945 1303 Σιγύννα.

289 1311 403 1362 Apud
423 1312 602 1362 Apollon.
623 1309 748 1347 Rhod.
778 1311 841 1357 IV,
864 1312 945 1350 320

289 1381 390 1405 nunc
403 1367 547 1404 editum
564 1368 717 1404 invenio
739 1367 904 1419 Σίγυνοι
927 1379 947 1402 e

288 1426 490 1461 meliorum
536 1425 721 1461 librorum
760 1436 947 1460 consensu

288 1494 355 1532 pro
379 1482 470 1517 olim
490 1482 593 1532 vulg.
610 1482 813 1533 Σίγυννοι.
837 1481 945 1517 Stra-

290 1538 379 1574 boni
409 1540 464 1573 XI
492 1552 531 1588 p.
565 1539 645 1579 520
674 1539 719 1574 Β.
746 1551 776 1574 s,
797 1539 879 1577 790
898 1537 944 1572 B·

289 1602 375 1631 sunt
396 1597 587 1646 Σίγυννοι
607 1596 644 1629 in
665 1595 755 1630 Asia
767 1592 945 1629 habitan-

293 1658 343 1687 tes
358 1681 367 1698 ,
389 1654 476 1703 qui,
506 1664 656 1702 prorsus
677 1658 719 1686 ut
738 1650 942 1700 Europaei,

291 1710 395 1759 equis
424 1715 581 1745 utuntur
610 1715 750 1744 statura
786 1707 943 1756 exiguis,

290 1762 455 1814 hispidis,
480 1771 516 1800 et
546 1763 746 1815 quadrigas
766 1765 944 1813 iungunt.

290 1822 467 1857 Eri-orem
507 1822 651 1857 Zosimi
682 1821 746 1867 lV,
789 1823 854 1866 20,
896 1818 944 1856 de

288 1879 392 1928 equis
420 1891 516 1929 quae
548 1879 674 1914 retulit
708 1879 866 1922 Noster,
896 1875 945 1912 ad

291 1932 462 1970 homines
494 1935 750 1970 transferentis
778 1932 945 1984 indeque

290 1990 480 2040 Sigynnos
496 1992 723 2026 Hunnorum
736 1991 873 2026 abavos
886 1988 945 2025 di—

289 2047 450 2082 ctitantis
472 2045 614 2082 dudum
637 2053 816 2082 notarunt
827 2047 946 2082 Wes-

290 2103 422 2152 seling.
437 2109 549 2153 atque
569 2104 752 2142 Gatterer.
774 2100 945 2138 Larche-

291 2172 375 2194 runi
397 2160 424 2194 si
446 2171 661 2209 sequanun·,
680 2160 944 2208 Sigynnorum

289 2228 381 2264 gens
402 2228 421 2250 a
434 2217 686 2265 septentrione
703 2214 833 2251 habuit
850 2215 943 2251 Car-

290 2278 392 2321 pates
425 2278 591 2317 montes,
635 2284 653 2306 a
685 2270 842 2307 meridie
863 2273 943 2307 Da-

289 2328 461 2374 nubium,
485 2327 530 2363 ad
552 2341 796 2379 (pleniusque
827 2328 945 2365 l‘cneti

289 2383 502 2435 (dequibus
514 2384 773 2431 oonl',1,196),
788 2398 942 2421 onlnem

290 2441 379 2476 olim
412 2440 571 2475 Hadriae
604 2453 710 2476 oram
743 2454 784 2476 ac
816 2442 942 2491 regio-

288 2510 353 2532 nes
384 2497 594 2533 adiacentes
625 2502 815 2543 tenentes,
852 2511 942 2547 por-

288 2555 379 2589 recti
410 2560 534 2599 erant,
583 2553 628 2588 ab
670 2555 812 2589 oriente
841 2555 947 2603 Agu-

289 2608 434 2659 thyrsos
455 2611 491 2645 in
515 2610 790 2659 Transylvunizl
819 2617 945 2647 nostra

289 2663 510 2702 habitantes.
559 2665 668 2710 Quod
690 2678 778 2702 vero
801 2667 945 2716 Sigyn-

290 2734 357 2757 nos
388 2735 454 2771 pro
487 2722 738 2769 Cingarorum‚
788 2724 852 2773 qui
885 2722 943 2757 ‹li-

290 2785 438 2824 cuntur‚
461 2780 663 2814 maioribus
685 2779 775 2815 olim
796 2781 853 2815 vir
871 2779 943 2815 do-

1002 1146 1083 1176 ctus
1104 1138 1261 1191 quidam
1280 1137 1412 1176 haberi
1440 1139 1582 1186 voluit,
1614 1137 1662 1176 de

1005 1209 1049 1233 eo
1071 1198 1191 1233 nolim
1211 1203 1387 1236 statuere.
1429 1196 1538 1232 Conf.
1554 1196 1662 1246 Kop-

1000 1267 1076 1303 pen
1096 1252 1347 1303 Nordgestad.
1370 1252 1434 1289 des
1447 1253 1660 1302 Pont.pag.

1001 1312 1056 1350 72
1087 1317 1124 1346 et
1150 1311 1335 1347 Gatterer.
1356 1311 1396 1346 in
1425 1310 1660 1346 Commentt.

1003 1367 1131 1404 societ.
1163 1368 1334 1417 Gotting.
1363 1367 1414 1403 T.
1443 1366 1534 1402 XIV
1562 1378 1602 1416 p.
1634 1362 1661 1404 4

1003 1436 1108 1475 seqq.
1146 1446 1202 1451 —-
1258 1425 1302 1460 In
1341 1423 1517 1474 proxime
1553 1434 1667 1474 seqq.¹

1003 1477 1134 1519 αὐτῶν
1148 1479 1235 1517 dedi
1256 1493 1324 1531 pro
1335 1475 1485 1518 αὐτέων
1497 1485 1534 1515 et
1545 1478 1659 1530 paulo

1009 1538 1106 1573 infra
1154 1533 1306 1576 τούτων
1354 1549 1423 1587 pro
1474 1534 1660 1574 τουτέων.

1000 1593 1063 1630 Ad
1090 1607 1202 1630 usum
1221 1593 1505 1644 praepositionis
1525 1590 1591 1631 ἐπὶ
1619 1592 1660 1628 in

1001 1651 1146 1687 verbis:
1199 1649 1263 1689 ε’ττὶ
1293 1648 1410 1688 πέντε
1440 1644 1660 1695 δακτύλους

1002 1707 1146 1744 consul.
1167 1705 1331 1743 Fischer.
1355 1705 1659 1750 adWeller.111,

1003 1766 1027 1804 6
1049 1777 1135 1814 pag
1159 1763 1238 1804 243
1260 1777 1318 1800 nr.
1339 1766 1378 1803 2-

1057 1818 1133 1872 ἐγώ
1157 1834 1201 1885 με
1188 1817 1228 1858 ὲν
1251 1835 1323 1859 ουκ
1344 1818 1416 1869 ε’χω
1436 1812 1661 1868 ε’πιφρασα-

1003 1877 1127 1924 σθαι]
1160 1878 1185 1913 i.
1208 1889 1241 1913 e.
1262 1876 1378 1914 Haud
1392 1886 1532 1925 possum
1559 1875 1662 1924 equi-

1003 1932 1075 1969 dem
1100 1933 1296 1981 intelligere
1315 1946 1342 1970 s.
1365 1944 1483 1969 ammo
1511 1941 1661 1980 compre-

1002 1989 1160 2026 hendere.
1212 1990 1277 2027 Sic
1298 1990 1376 2026 fele
1396 1988 1558 2026 verbum
1578 1985 1659 2026 ἔπι-

1003 2042 1226 2098 φράζεσθαι
1247 2047 1282 2091 I,
1303 2045 1379 2092 483
1421 2045 1493 2082 alia
1512 2043 1660 2093 siguifi-

1001 2104 1150 2139 catIOne
1189 2103 1252 2149 IV,
1292 2105 1386 2142 200.
1443 2099 1505 2137 Ad
1544 2099 1659 2136 verba

1000 2172 1106 2211 seqq.
1143 2157 1295 2211 γένοιτο
1318 2154 1358 2197 δ’
1377 2172 1427 2196 αν
1446 2159 1528 2196 πᾶν
1556 2156 1658 2193 conf.

1000 2215 1135 2253 Matth.
1158 2217 1223 2252 Gr.
1246 2216 1311 2251 Gr.
1334 2215 1356 2260 ξ
1380 2213 1472 2261 514,
1494 2215 1533 2253 2.
1557 2213 1593 2250 b.
1618 2226 1657 2264 p.

1000 2274 1104 2320 97'73
1127 2279 1162 2309 et
1183 2271 1231 2308 ad
1249 2272 1364 2309 verba
1385 2270 1428 2309 ἐν
1447 2271 1505 2323 τῷ
1520 2271 1662 2322 μακρῷ

999 2326 1149 2380 χρόνῳ,
1191 2330 1255 2366 ubi
1285 2328 1326 2367 ἐν
1362 2327 1527 2377 tempori
1555 2325 1659 2362 indi-

1000 2385 1121 2422 cando
1164 2386 1318 2423 inservit
1338 2413 1347 2432 ,
1403 2382 1569 2420 Fischer.
1610 2381 1658 2419 ad

998 2443 1160 2482 Weller,
1182 2444 1245 2489 ΙΙΙ,
1267 2443 1305 2479 b.
1325 2453 1412 2492 pag.
1436 2441 1529 2480 139.
1558 2439 1658 2476 Cum

1000 2500 1080 2549 ipsa
1090 2499 1273 2537 Herodoti
1285 2494 1656 2536 sententiaValcken.

1004 2554 1218 2605 Sophoclea
1259 2560 1453 2605 comparat
1479 2554 1520 2588 in
1549 2553 1657 2588 Aiac.

1003 2612 1098 2652 655.
1151 2613 1167 2660 [
1188 2615 1269 2654 632
1311 2624 1418 2663 seqq.
1457 2607 1517 2646 ed.
1557 2609 1656 2644 Her-

1001 2670 1158 2716 meum]

1058 2722 1260 2775 Σιγύννας
1273 2719 1305 2762 δ’
1318 2716 1376 2761 ὧν
1388 2719 1572 2761 καλέουσι
1583 2718 1655 2758 Λί-

1000 2794 1088 2831 γυες
1101 2802 1149 2808 -
1163 2778 1209 2819 τά
1231 2777 1395 2832 δόρατα]
1419 2779 1521 2815 Haec
1540 2776 1656 2815 verba
