1851 3181
451 224 536 265 538

852 220 1318 258 HERODOTI

450 330 534 375 οὐκ
564 329 643 385 ἔχω
665 325 780 371 εἶπαι
808 327 857 370 τὸ
891 327 1085 382 ἀτρεκές·
1116 327 1170 372 οὐ
1189 327 1273 385 γάρ
1303 329 1470 386 λέγεται
1498 330 1606 384 πρὸς
1635 329 1716 375 οὐ-

451 399 600 453 δαμῶν
629 393 901 449 ἀνθρώπων·
937 396 1187 452 σύμπαντος
1219 398 1265 441 δὲ
1295 402 1375 441 τοῦ
1405 402 1594 453 στρατοῦ
1634 402 1716 443 τοῦ

422 468 587 519 Ξπεζοῦ
625 462 674 508 τὸ
716 467 888 520 πλῆθος
925 463 1065 522 ἐφάνη
1104 463 1408 523 ἑβδομήκοντα
1435 467 1520 522 ,καὶ
1561 465 1717 511 ἑκατόν

393 641 468 679 que
496 625 710 664 acciderent
730 632 795 663 aut
821 625 870 663 ad
893 625 1055 677 expedi-

390 686 536 722 tionem
561 684 640 720 ullo
667 682 786 720 modo
806 684 1052 734 pertinerent,

389 740 521 778 sedulo
542 741 816 791 perscriberent
829 741 1053 791 perscripta-

391 811 466 849 que
482 797 682 847 diligenter
701 804 894 834 servarent
918 798 960 833 in
989 811 1052 833 re-

389 855 460 904 giis
489 855 635 905 palatiis
655 852 887 891 thesaurisve
910 854 973 899 (cf.
995 855 1052 890 ci-

388 918 467 948 tata
496 910 545 947 ad
575 911 665 958 VII,
708 910 825 960 1ΟΟ);
874 923 1008 947 eorum
1029 924 1050 947 e

387 969 546 1018 scriptis,
568 980 666 1019 quae
686 966 790 1003 adire
809 968 958 1004 licuerit
969 969 1052 1003 He·-

385 1023 534 1072 rodoto‚
570 1023 670 1061 hanc
700 1025 898 1075 copiarum
924 1025 1053 1061 Persi-

388 1094 520 1118 carum
575 1081 729 1118 fluxisse
788 1083 1051 1118 recensionem

387 1137 543 1175 credam
572 1151 662 1175 cum
691 1139 854 1174 Heereu.
888 1138 946 1175 Id.
965 1139 1001 1182 I,
1028 1141 1042 1177 1

385 1207 473 1245 pag·
505 1197 583 1235 136
602 1208 707 1247 seqq.
728 1196 815 1231 coll.
837 1195 918 1236 517
939 1193 1052 1231 inde-

387 1265 463 1303 que
497 1265 648 1288 summa
672 1265 758 1288 eam
782 1251 858 1288 fide
890 1265 967 1288 esse
989 1250 1050 1288 di·-

387 1321 519 1358 gnam.
577 1310 709 1358 Ipsum
747 1310 873 1359 copias
912 1321 1049 1345 recen-

386 1364 495 1401 sendi
523 1365 686 1402 modum
704 1366 947 1416 persingulas
959 1379 1047 1416 my—

385 1420 508 1458 riades
526 1423 605 1457 iam
624 1423 815 1472 attigimus
845 1421 893 1458 ad
912 1423 976 1468 IV,
995 1421 1047 1463 85

386 1490 510 1529 eoque
532 1479 645 1515 etiam
665 1486 807 1529 spectat
819 1477 1049 1517 Schol.Ari-

384 1534 472 1572 stid.
513 1548 601 1585 pag.
632 1538 715 1576 222
748 1535 809 1572 ed.
838 1536 1045 1574 Frommel.

382 1592 518 1642 Neque
550 1592 653 1627 enim
685 1593 748 1628 ille
779 1593 919 1629 insoliti
954 1592 1047 1643 quid

383 1646 520 1696 habet,
566 1661 642 1699 quo
673 1648 890 1685 offendaris.
947 1648 1047 1685 Illud

382 1706 505 1755 magis
527 1703 754 1756 quibusdam
772 1707 916 1741 mirum
928 1705 1047 1742 videri

384 1768 422 1798 et
450 1763 516 1798 vix
547 1761 724 1798 credibile
744 1763 864 1798 sentio
881 1792 890 1809 ‚
941 1761 1045 1813 quod

382 1831 472 1854 cum
517 1825 574 1855 tot
613 1820 729 1868 copiis
768 1820 808 1854 in
844 1820 1044 1855 Graeciam

381 1876 530 1912 Xerxes
576 1875 689 1911 fuerit
709 1875 912 1925 profectus,
955 1877 1044 1926 quia

380 1932 617 1981 singularum
656 1933 827 1982 gentium
857 1939 894 1969 et
914 1933 1045 1983 copia-

381 2002 469 2024 rum
478 1990 762 2038 computatione
776 1989 887 2037 facta,
908 1990 1043 2039 ingens

381 2043 472 2080 inde
503 2046 626 2082 existit
654 2059 857 2093 numerus,
887 2047 953 2097 qui
983 2047 1044 2083 vel

382 2103 567 2150 quinquies
598 2109 633 2138 et
653 2104 760 2139 vicies
798 2106 939 2139 centena
962 2104 1043 2140 mil-

383 2157 436 2194 lc'a
476 2156 647 2194 excedat.
707 2158 793 2196 vid.
822 2159 903 2206 Vll,
939 2158 1040 2198 184:

382 2227 499 2265 quem
529 2215 658 2249 locum
688 2228 764 2251 una
786 2229 873 2251 cum
890 2215 1042 2266 reliquis

378 2271 604 2307 testimoniis
632 2270 678 2307 de
694 2285 856 2308 numero
886 2270 959 2308 hoc
980 2285 1044 2307 re-

379 2328 464 2363 tulit
494 2328 658 2363 Brisson.
700 2330 756 2363 De
786 2341 865 2377 reg.
893 2329 1040 2367 persar.

384 2384 545 2433 princip.
567 2385 630 2431 111,
648 2386 714 2424 72.
745 2386 932 2435 Namque,
951 2385 1042 2421 alios

379 2447 421 2476 ut
453 2447 600 2476 taceam
632 2448 824 2484 auctores,
873 2440 1043 2478 dissentit

378 2498 618 2548 potissimum
651 2497 697 2533 ab
729 2496 921 2534 Herodoto
952 2497 1043 2533 Cte-

377 2555 450 2590 sias
473 2555 512 2590 in
534 2554 694 2590 Persico.
717 2555 913 2605 Excerptt.
936 2555 972 2599 ξ.
989 2557 1041 2594 23

381 2612 561 2659 octoginta
575 2617 721 2647 tantum
734 2611 910 2661 myriades
930 2612 1042 2648 fuisse

381 2679 560 2704 narrans:
584 2668 703 2704 nisiin
725 2669 825 2718 ipsos
838 2666 950 2703 hosce
970 2681 1041 2704 nu-

380 2736 518 2771 meros,
539 2725 594 2759 uli
615 2725 668 2771 fit,
684 2725 819 2761 vitium
841 2725 1042 2774 irrepserit.

381 2780 479 2824 Quin
491 2783 720 2830 septuaginta
733 2780 849 2818 modo
868 2781 1043 2831 myriades

382 2837 489 2885 ponit
507 2838 656 2876 Aelian.
682 2839 727 2876 V.
739 2839 788 2876 H.
810 2838 915 2886 XIII,
937 2842 975 2878 ὅ.
994 2839 1039 2875 111

1110 627 1247 679 quibus
1275 628 1444 664 numeris
1467 626 1620 665 diversis
1641 641 1771 664 secum

1109 684 1373 735 comparandis
1395 691 1508 736 atque
1526 683 1771 722 conciliandis

1107 742 1230 777 nolim
1249 743 1466 789 immorari,
1495 748 1538 778 ut
1559 742 1624 793 qui
1652 741 1771 792 probe

1107 799 1237 846 sciam,
1258 799 1297 834 in
1318 799 1453 835 talibus
1473 799 1540 834 vix
1559 799 1626 834 uni
1644 798 1769 835 alteri-

1108 868 1183 906 que
1229 855 1401 905 scriptori
1439 856 1641 892 convenire
1681 867 1773 891 cum

1107 913 1239 948 altero.
1296 914 1511 948 Numerum
1539 924 1629 948 vero
1659 912 1771 948 illum

1106 967 1370 1005 Herodoteum
1402 969 1464 1006 vel
1492 968 1523 1004 si
1547 969 1712 1005 nimium
1733 974 1772 1005 et

1107 1032 1380 1076 exaggeratum
1389 1037 1590 1075 ponamus,
1600 1038 1679 1062 non
1689 1027 1771 1061 He-

1106 1081 1255 1130 rodoto,
1286 1081 1353 1119 sed
1391 1083 1595 1119 Persarum
1628 1082 1769 1129 scribis,

1109 1153 1129 1175 e
1142 1152 1307 1191 quorum
1323 1140 1582 1176 voluminibus
1592 1138 1769 1189 inspectis

1105 1197 1170 1232 ille
1203 1196 1382 1243 retulerit,
1403 1194 1477 1232 1100
1503 1196 1617 1232 fuerit
1638 1196 1770 1245 impu-

1105 1249 1281 1289 tandum.
1337 1253 1391 1288 At
1429 1252 1492 1288 ille
1518 1265 1700 1288 numerus
1721 1251 1769 1287 ab

1105 1310 1212 1346 omni
1232 1312 1333 1346 ⁴vero
1363 1309 1524 1345 minime
1565 1306 1769 1344 abhorrere

1104 1365 1256 1403 videtur
1285 1366 1473 1402 Heerenio
1502 1363 1560 1401 Id.
1580 1366 1610 1411 I,
1636 1368 1655 1405 1
1679 1377 1768 1415 pag.

1106 1424 1201 1470 517,
1226 1423 1325 1459 bene
1355 1422 1570 1472 respicienti
1581 1434 1769 1471 magnum

1102 1481 1255 1531 lateque
1277 1486 1479 1516 extensum
1489 1480 1691 1515 Persarum
1703 1491 1768 1514 re-

1102 1549 1226 1587 gnum
1250 1549 1515 1588 magnumque
1553 1536 1769 1586 expeditio-

1103 1594 1163 1630 nis
1195 1600 1420 1644 apparatum
1452 1593 1579 1643 plures
1607 1605 1676 1643 per
1696 1604 1767 1627 an-

1103 1663 1172 1686 nos
1200 1650 1346 1686 factum
1383 1663 1426 1685 ac
1455 1648 1621 1701 denique
1651 1649 1767 1685 etiam

1104 1707 1346 1742 orientalium
1384 1718 1521 1755 regum
1558 1706 1599 1741 in
1630 1703 1765 1742 huius-

1101 1762 1210 1799 modi
1229 1764 1340 1799 rebus
1357 1760 1604 1813 suscipiendis
1624 1761 1766 1798 fastum

1100 1820 1407 1871 superbiamque.
1465 1820 1510 1854 In
1530 1831 1606 1870 quo
1622 1819 1693 1855 viri
1715 1818 1765 1854 il-

1099 1877 1312 1913 lustrissimi
1346 1874 1488 1912 iudicio
1526 1876 1640 1925 plane
1666 1873 1766 1911 mihi

1101 1931 1423 1985 acquiescendum
1436 1931 1599 1968 videtur.
1625 1932 1682 1968 Ac
1696 1932 1768 1968 be-

1100 2003 1151 2026 ne
1171 1989 1276 2026 idem
1296 1989 1514 2026 recentioris
1540 1990 1671 2025 aetatis
1693 2002 1767 2025 ex-

1102 2048 1274 2097 emplum
1297 2045 1406 2082 affert
1427 2046 1542 2082 Gallis
1562 2045 1657 2082 illud
1679 2046 1768 2096 qui-

1101 2103 1190 2140 dem
1200 2104 1369 2139 maxime
1380 2103 1586 2149 funestum,
1599 2114 1766 2153 quorum

1099 2161 1162 2196 vel
1200 2159 1324 2196 decies
1360 2166 1521 2196 centena
1540 2160 1658 2195 millia
1689 2157 1765 2194 du-

1099 2230 1185 2253 cem
1206 2217 1403 2253 Corsicum
1435 2217 1474 2251 in
1497 2214 1766 2252 Ruthenorum

1098 2280 1215 2309 terras
1244 2279 1372 2308 secuta
1401 2285 1479 2308 esse
1501 2271 1690 2308 dicuntur.
1711 2273 1765 2309 At

1100 2342 1198 2380 quae
1233 2329 1431 2365 Gallorum
1472 2335 1571 2364 terra
1608 2330 1639 2365 si
1673 2341 1763 2365 cum

1098 2386 1246 2435 ingenti
1274 2387 1479 2421 Persarum
1513 2397 1632 2435 regno
1653 2397 1763 2422 com-

1098 2440 1269 2493 paretur!
1329 2443 1496 2478 Unicum
1516 2454 1606 2478 vero
1628 2440 1702 2478 hoc
1720 2442 1762 2481 iu

1098 2512 1227 2535 rerum
1248 2497 1414 2544 historia,
1445 2497 1549 2550 quod
1578 2499 1617 2534 in
1638 2511 1762 2535 unum

1098 2556 1228 2592 locum
1245 2562 1299 2592 tot
1318 2562 1449 2605 gentes
1464 2562 1620 2606 tamque
1634 2553 1761 2591 diver-

1097 2625 1161 2650 sae
1193 2625 1236 2649 ac
1266 2613 1393 2650 variae
1424 2612 1566 2648 fuerint
1595 2617 1759 2659 coactae,

1100 2676 1193 2720 quot
1221 2670 1261 2705 111
1290 2669 1436 2705 Dorisci
1469 2669 1611 2719 campis
1638 2667 1760 2704 Xerxi

1098 2727 1200 2763 iussu
1221 2726 1442 2763 convenisse
1462 2725 1690 2776 accepimus,

1155 2784 1230 2822 τοῦ
1259 2783 1382 2828 πεζοῦ
1414 2777 1457 2821 τὸ
1479 2774 1758 2831 πλῆθοςὲφά-

1097 2854 1147 2890 νη
1163 2833 1443 2891 -μυριοὶδες]
1484 2839 1542 2874 De
1570 2842 1756 2875 structura
