1834 3258
424 246 906 304 POLYMNIA.
965 267 1065 304 v11.

75 385 236 434 2,,στης
271 375 434 432 ἡμέρης
474 375 647 431 ἐνόμισε
685 381 808 420 σῖτον
852 374 1091 430 αἵρέεσθαι.

1283 268 1366 308 611

1168 375 1369 431 παρέχειν

102 444 213 500 ,,γοὶρ
243 443 302 487 ὂίν
323 442 624 500 Ἀβδηρίτῃσι,
666 446 702 487 εἰ
741 444 816 486 καὶ
858 444 1040 498 ἄριστον
1063 445 1297 500 προείρητο
1327 443 1369 487 ὁ-

102 516 235 567 ,,μοῖα
269 515 329 569 τῷ
368 513 528 569 δείπνῳ
569 510 934 566 παρασκευάζειν,
975 511 1004 567 ἢ
1033 512 1091 568 μή
1129 509 1424 567 ὑπομένεινδο

100 580 290 634 ,,Ξέρξεα
319 578 507 632 ἐπιόντα,
536 577 567 635 ἢ
595 581 950 661 καταμείναντας,
980 579 1164 624 κάκιστα
1192 579 1370 624 πάντων

101 646 381 701 ,,ἇνθρώπων
421 649 708 704 διατριβῆναι.
723 652 747 672 “
809 649 864 691 Οἱ
900 647 980 703 μὲν
1018 650 1072 704 δὴ
1100 647 1370 705 πιεζόμενοι,

103 715 269 772 ὁμοίως
299 715 349 760 τό
381 714 723 772 ἐπιτασσόμενον
751 716 990 760 ἐπετέλεον.
1095 754 1104 787 ,¹

185 782 344 839 Ξέρξης
384 783 430 827 δὲ
469 784 515 826 ἐκ
554 788 629 840 τῆς
662 781 897 835 Ἀκάνθου,
928 778 1226 839 ἐντειλάμενος
1254 788 1368 827 τοῖσι

102 856 378 908 στρατηγοῖσι
407 852 485 895 τὸν
504 851 713 896 ναυτικὸν
729 849 1170 915 στρατὸνβὲῆτομένειν
1190 853 1237 896 ἐν
1270 851 1371 906 Θέρ-

101 937 174 976 μῃ,
204 919 342 976 ἐπῆκε
382 918 450 962 ἀπ’
494 919 662 963 ἑωυτοῦ
699 919 968 975 πορεύεσθαι
995 918 1088 981 τὰς]
1109 920 1233 972 νέας·
1266 920 1369 973 Θέρ-
1381 927 1423 962 55

100 1005 161 1045 μῃ
202 988 248 1032 δὲ
278 991 331 1046 τῇ
361 987 408 1031 ἐν
444 991 506 1044 τῷ
549 989 750 1047 Θερμαίῳ
790 987 940 1048 κόλπῳ
972 988 1192 1046 οἰκημένῃ,
1221 986 1292 1032 ἀπ’
1321 983 1374 1045 ἧς

100 1056 176 1099 καὶ
205 1054 228 1100 ὁ
259 1056 423 1108 κόλπος
453 1051 583 1108 οὗτος
608 1057 688 1113 τὴν
715 1056 967 1114 ἐπωνυμίην
996 1057 1102 1114 ἔχει·
1132 1054 1267 1114 ταύτῃ
1284 1056 1367 1112 γὰρ

73 1123 376 1169 Ξέπυνθάνετο
417 1124 762 1182 συντομώτατον
801 1124 928 1169 εἶναι.

41 1310 303 1363 proferuntur)
314 1313 635 1363 praepositionem
644 1311 709 1349 de-

41 1367 113 1403 leri
122 1367 305 1406 voluerat.
327 1391 385 1396 —
413 1368 477 1406 Ad
490 1366 539 1408 τοέ
562 1368 708 1408 ἔπιπλα

44 1424 146 1462 conf.
166 1425 197 1473 Ι,
219 1422 288 1465 94.
315 1426 379 1474 VI,
397 1428 465 1466 23.

253 1514 347 1566 cap.
368 1515 489 1553 CXX.

101 1594 212 1632 σῖτον
240 1591 478 1645 αἱρέεσθαι]
511 1593 623 1631 Conf.
642 1595 707 1642 IV,

48 1650 127 1690 128
143 1650 237 1702 ibiq.
247 1657 344 1688 nott.
367 1652 543 1702 νομίζειν
563 1649 626 1688 hic
637 1664 708 1688 va-

44 1705 97 1742 let
119 1706 238 1755 solere,
260 1721 488 1746 consuescere.
517 1707 581 1745 Ad
599 1709 708 1746 verbi

43 1760 374 1815 παρέχεινᾚεωη
413 1766 455 1802 in
493 1778 598 1818 seqq.
645 1765 706 1802 fa—

45 1819 150 1856 ciunt
171 1821 282 1859 allata
303 1821 352 1859 ad
370 1823 416 1871 V,
438 1821 503 1863 49.

100 1872 268 1916 κοῖκιστα
292 1875 457 1917 πάντων
471 1874 707 1930 ανθρώπων

45 1931 326 1985 διατριβῆναι]
366 1936 391 1972 i.
423 1949 455 1973 e.
490 1948 525 1972 se
560 1938 708 1985 pessime

47 1991 198 2026 omnium
235 1994 399 2028 attritum
427 1993 489 2028 iri.
541 1990 706 2042 Hesych.

45 2045 65 2079 Ῑ
88 2058 125 2095 Ρ.
154 2047 248 2087 971.
280 2047 559 2097 διατριβῆναι·
604 2045 708 2087 εἷπο-

45 2099 200 2141 λέσθαι.
256 2105 335 2140 Nec
357 2103 483 2140 differt
510 2102 558 2140 ad
587 2105 707 2155 signi-

45 2157 285 2208 ficationem,
319 2160 422 2213 quod
450 2162 490 2197 in
520 2174 598 2198 uno
621 2160 706 2199 cod.

47 2222 167 2252 exstat
187 2215 437 2269 ἐκτριβῆναι,
467 2217 514 2254 de
545 2231 621 2270 quo
657 2218 706 2259 cf,

45 2271 189 2310 Herod.
220 2274 283 2321 VI,
315 2278 381 2315 37.
412 2277 477 2316 86.
522 2273 706 2325 Sophocl.

47 2327 141 2366 Oed.
162 2331 255 2382 Tyr.
272 2330 367 2372 435.
398 2332 535 2383 Synes.
551 2331 706 2373 Provid,

46 2385 64 2420 Ι
90 2399 130 2436 p.
153 2389 231 2428 108
256 2389 302 2425 D.
342 2411 395 2416 -—
441 2390 500 2425 De
528 2389 707 2426 Abderitis

47 2442 148 2479 conf.
178 2444 277 2491 VIII,
321 2447 412 2486 120.
452 2467 509 2473 —
556 2447 602 2482 In
629 2446 706 2483 fine

49 2511 131 2549 cap.
153 2512 221 2549 pro
243 2498 390 2550 ὁμοίως
417 2500 458 2549 (i.
480 2515 512 2539 e.
543 2505 706 2541 consimi-

47 2553 128 2592 liter
139 2559 179 2591 ut
190 2556 345 2606 reliquae
363 2559 541 2608 civitate-s)
560 2556 604 2599 τό
617 2558 704 2599 ἐπι-

45 2610 292 2656 τασσόμενον
303 2612 502 2654 ἐπετέλεον
523 2614 704 2652 Schaefe-

47 2679 110 2705 rus
130 2668 178 2706 ad
200 2670 358 2719 Gregor.
395 2671 481 2708 Cor.
514 2684 599 2722 pag.
623 2675 701 2713 631

49 2735 138 2761 cum
157 2724 285 2763 Reisk.
305 2728 453 2764 mavult
472 2723 706 2779 ὅμως,([ι]οᾱ

52 2779 156 2819 idem
204 2784 359 2820 forsitan
405 2784 548 2834 legerat
586 2785 705 2832 Valla,

53 2837 232 2891 quodque
255 2838 342 2877 hinc
356 2841 392 2876 in
405 2847 555 2877 textum
565 2841 707 2892 recepit

0 2948 1 2952 Ἰ
53 2892 266 2933 Bekkerus.

996 1125 1139 1181 Μέχρι
1178 1125 1257 1180 μὲν
1286 1124 1369 1181 γὰρ

965 1310 1057 1360 Cap²
1072 1310 1212 1347 CXXI.

822 1365 866 1405 ἐν
886 1364 1049 1421 Θέρμῃ]
1085 1367 1237 1405 Therma
1257 1368 1427 1404 Graeco-

763 1435 851 1459 rum
889 1424 1040 1460 colonia
1069 1422 1118 1460 ad
1149 1437 1257 1461 mare
1286 1426 1356 1461 sita
1384 1425 1426 1461 in

764 1481 846 1530 ipso
885 1481 1022 1517 intimo
1062 1482 1178 1529 sinus,
1232 1483 1298 1533 qui
1336 1480 1428 1518 inde

765 1535 988 1574 Thermajci
1003 1550 1149 1574 nomen
1179 1539 1342 1589 accepit,
1363 1551 1428 1574 re—

766 1606 873 1631 cessu
890 1623 899 1642 ‚
933 1607 978 1631 eo
998 1594 1077 1630 fere
1097 1595 1183 1632 loco
1194 1622 1210 1640 ,
1258 1607 1334 1647 quo
1353 1608 1428 1646 po-

763 1657 843 1687 stea
873 1649 1164 1689 Thessalonices
1204 1652 1293 1689 urbs
1324 1653 1428 1689 cele-

762 1707 947 1753 berrima,
966 1721 1070 1745 nunc
1091 1710 1245 1759 cognita
1264 1710 1424 1746 nomine

765 1763 966 1812 δαῖοηίεῆἰ,
989 1765 1060 1802 fujt
1081 1772 1283 1803 exstructa.
1325 1767 1426 1803 Hinc

766 1821 906 1858 Strabo
940 1823 1013 1858 VII
1044 1835 1084 1873 p.
1115 1824 1196 1862 330
1217 1835 1246 1861 s,
1270 1820 1351 1862 509
1381 1823 1426 1862 Β.

766 1878 1039 1929 Θεσσαλονίκη
1056 1877 1086 1929 ἦ
1108 1873 1300 1929 πρότερον
1327 1877 1428 1930 Θέρ-

765 1949 818 1984 μη
840 1933 1025 1973 ἐκαλεῖτο.
1085 1935 1201 1971 Sinus
1239 1934 1427 1973 Thermai-

763 2004 825 2027 cus
838 1991 1021 2027 Pallenen
1044 1997 1080 2027 et
1102 1989 1344 2028 Chalcidicen
1363 2005 1428 2028 re-

762 2047 910 2097 liquam
938 2060 960 2083 a
982 2046 1209 2084 Macedonia
1249 2061 1426 2099 separans

763 2102 1026 2141 ,Macedonicus
1049 2103 1139 2141 hinc
1170 2118 1325 2157 quoque
1354 2118 1428 2143 vo-

762 2161 938 2208 cabatur3
970 2174 1074 2198 nunc
1094 2174 1239 2198 nomen
1269 2162 1344 2199 fert
1377 2163 1424 2200 ab

762 2218 856 2254 urbe
869 2216 1077 2256 Salonichi.
1099 2218 1186 2256 Vid.
1202 2217 1423 2256 Tzschuck.

763 2273 811 2310 ad
844 2275 935 2312 Mel.
961 2275 1009 2320 Π,
1041 2277 1065 2315 3
1104 2276 1141 2320 ξ.
1173 2278 1192 2315 1
1223 2289 1311 2327 pag.
1344 2279 1424 2318 163

761 2337 858 2368 nott.
894 2344 1033 2382 exegg.
1076 2333 1266 2370 Manuert.
1296 2334 1366 2370 VII
1384 2347 1425 2384 p.

761 2385 842 2428 473
872 2401 979 2440 seqq.
999 2411 1055 2416 —
1092 2390 1186 2426 Mox
1213 2403 1234 2426 e
1262 2391 1424 2427 Floren—

760 2445 841 2481 tino
863 2458 906 2483 ac
926 2446 1043 2483 tribus
1064 2447 1144 2484 aliis
1165 2445 1254 2483 dedi
1273 2441 1422 2499 πορεύ-

763 2505 884 2540 εσθαι
925 2499 998 2550 τοὶς
1035 2502 1154 2552 νεάς,
1204 2504 1272 2540 ubi
1302 2504 1418 2553 vulgo

760 2555 831 2604 τοὶς
851 2573 887 2597 ν.
907 2555 1166 2611 πορεύεσθαι,
1193 2558 1240 2597 de
1261 2573 1338 2612 quo
1357 2561 1422 2596 in-

760 2615 906 2652 finitivo
936 2623 1022 2666 post
1043 2612 1173 2668 οἷπῆκε
1193 2618 1296 2655 illato
1317 2615 1419 2653 conf.

761 2678 855 2709 nott.
878 2670 926 2708 ad
945 2673 1008 2719 VI,
1030 2675 1096 2715 81.
1113 2695 1169 2700 -—
1188 2672 1421 2722 ἐπωνυμίην

761 2727 865 2764 idem
895 2729 1106 2779 significare
1133 2736 1246 2781 atque
1277 2725 1418 2780 ὄνομα,

763 2783 843 2821 dixi
863 2784 911 2821 ad
932 2786 974 2833 V,
998 2788 1065 2825 66.

819 2837 1119 2890 συντομώτατον
1139 2835 1257 2888 εἶναι]
1277 2840 1334 2876 De
1346 2836 1419 2877 hac

762 2909 856 2933 voce
871 2897 972 2935 conf.
986 2903 1080 2934 nott.
1092 2895 1140 2933 ad
1159 2897 1205 2944 V,
1229 2899 1293 2937 17.
1325 2896 1418 2933 Cae-

1045 2948 1145 2994 39*

1428 780 1507 820 Quot
1531 780 1700 815 agminibus

1425 814 1531 850 copiae
1560 815 1651 849 pede-

1427 852 1518 882 stres,
1537 850 1614 876 class
1603 857 1635 876 e
1653 858 1699 876 co-

1409 870 1566 917 mimate,
1585 883 1644 910 lter
1656 892 1700 910 111-

1428 916 1465 943 de
1483 924 1501 942 a
1519 904 1643 944 D0⁷risco

1427 958 1523 989 usque
1534 950 1700 978 Acanthum

1428 983 1565 1012 fecerint.
1585 986 1680 1011 Aean-

1429 1017 1481 1044 tho
1501 1017 1605 1045 classis
1623 1019 1654 1045 in
1663 1019 1702 1046 si-

1425 1060 1497 1079 num
1514 1051 1541 1078 T
1545 1052 1678 1080 hermai-

1426 1093 1491 1113 cum
1520 1086 1699 1122 praemissa,
