1815 3181
406 203 489 243 16⁰

805 201 1271 239 HERODOTI

377 314 633 366 ΞΑθηναῖοι
664 309 732 359 δὲ,
774 313 858 352 τοῦ
889 311 1144 366 δαιμονίου·
1184 310 1488 367 περιγενέσθαι
1527 309 1678 366 μέντοι

411 378 515 422 οὐδὲ
544 381 703 421 τοῦτον
731 376 811 421 τὸν
840 377 937 431 ἕνα,

975 376 1074 422 ἀλλ’
1106 377 1347 423 ἀπολέσθαι
1374 379 1522 435 τρόπῳ
1552 382 1732 435 τοιῷ-Ίο

380 449 477 490 3δε.
531 446 755 501 κομισθεὶς
795 444 880 501 γὰρ
928 446 971 497 ἐς
1011 446 1086 498 τὰς
1113 444 1321 503 Ἀθήνας,
1371 446 1598 503 ἀπήγγειλε
1627 445 1675 489 τὸ

407 513 572 564 πάθος·
603 513 860 569 πυθομένας
890 513 935 557 δὲ
964 513 1041 565 τὰς
1077 520 1290 569 γυναῖκας
1318 519 1407 558 τῶν
1445 512 1514 557 ἐπ’
1546 515 1678 569 Αἴγι-

410 598 493 624 ναν
531 581 918 637 στρατευσαμένων
958 580 1156 644 ἀνδροῖν,
1198 582 1346 627 δεινόν
1375 600 1416 626 τι
1445 580 1678 637 ποιησαμὲ·

410 666 489 700 νας
518 654 668 692 κεῖνον
696 654 868 706 μοῦνον
897 650 940 702 ἐξ
969 649 1177 694 ἁπάντων
1207 655 1418 707 σωθῆναι,
1449 650 1571 706 πέριξ
1599 648 1733 692 τόν75

413 718 658 769 ἄνθρωπον
697 721 857 762 τοῦτον
894 719 1143 774 λαβούσας,
1191 721 1264 763 καὶ
1303 717 1536 768 κεντεύσας
1577 720 1677 774 τῇσι

409 785 618 842 περόνῃσι
664 790 753 828 τῶν
793 788 995 842 ἱματίων,
1051 788 1236 841 εἰρωτᾶν
1277 787 1462 843 ἑκάστην
1510 783 1678 829 αὐτέων

409 854 489 911 ὅκη
520 856 584 910 εἴη
615 852 638 898 ὁ
669 853 834 910 ἑωυτῆς
864 852 998 910 ἀνήρ·
1029 855 1102 898 καὶ
1134 859 1293 899 τοῦτον
1321 855 1400 911 μὲν
1438 852 1555 898 οὕτω
1585 855 1679 896 δια-

380 929 402 963 4
415 927 655 980 φθαρῆναι.

412 991 493 1045 ρόν
520 1009 562 1034 τι
592 990 716 1044 δόξαι
744 988 858 1034 εἶναι
891 989 938 1034 τὸ
979 994 1068 1035 τῶν
1093 994 1318 1047 γυναικῶν
1357 991 1500 1045 ἔργον.

715 921 985 978 Ἀθηναίοισι
1015 923 1061 966 δὲ
1091 923 1152 967 ἔτι
1181 927 1261 965 τοῦ
1293 920 1459 972 πάθεος
1491 920 1678 966 δεινότε-

1560 988 1679 1048 ἄλλῳ

410 1061 490 1115 μὲν
530 1059 583 1117 δὴ
618 1057 701 1103 οὐκ
741 1059 872 1116 ἔχειν,
913 1057 1020 1116 ὅτεῳ
1062 1057 1308 1116 ζημιώσωσι
1343 1057 1419 1110 τοὶς
1455 1062 1737 1116 γυναῖκας,80

353 1246 435 1282 lett.
476 1259 515 1296 p.
553 1246 604 1285 19
644 1243 868 1281 amandans.
944 1244 1018 1290 Qui

353 1302 460 1339 idem
489 1301 539 1339 ad
557 1303 706 1338 Aelian.
728 1303 776 1338 N.
805 1302 854 1337 A.
883 1301 931 1348 II,
966 1301 1017 1341 15

355 1366 394 1396 et
414 1358 462 1395 ad
478 1357 620 1396 Achill.
641 1360 731 1395 Tat.
744 1372 782 1409 p.
804 1357 888 1398 422
909 1356 957 1394 de
980 1358 1017 1394 vi

355 1417 463 1454 verbi
475 1416 705 1468 γίνεσθαιὶι]
715 1415 865 1462 talibus,
877 1415 943 1450 ubi
953 1413 1019 1451 ad-

354 1473 520 1511 veniendi
547 1485 591 1509 ac
605 1472 832 1523 perveniendi
848 1478 1019 1522 potesta-

354 1537 436 1567 tem
455 1542 646 1567 assumere
665 1528 834 1576 videtur,
855 1529 1019 1565 monujt.

411 1602 483 1625 του
529 1586 766 1636 ὁαιμονίου]
816 1586 896 1622 scil.
930 1585 1020 1624 δια-

355 1644 602 1695 φθείραντος
623 1641 664 1681 τὸ
671 1638 842 1682 Ἀττικὸν
860 1637 1021 1692 στρατό-

354 1701 494 1740 πεδον.
516 1721 571 1728 --
602 1695 735 1738 αὐτῶν
756 1698 845 1736 dedi
859 1711 929 1749 pro
943 1693 1020 1737 αυ’-

354 1756 469 1797 τέων.
528 1755 592 1793 Ad
621 1771 664 1795 το
685 1751 824 1802 παθος
843 1755 946 1792 conf.
971 1756 1018 1803 V,

356 1813 411 1854 46
434 1821 470 1850 et
492 1812 540 1850 ad
566 1809 701 1852 δεινόν
731 1827 768 1851 τι
798 1810 1020 1863 ποιησαμέ-

356 1885 430 1917 νας
440 1871 485 1918 V,
497 1873 563 1911 33.
576 1871 642 1917 III,
651 1869 712 1910 14.
728 1870 875 1907 Vocem
884 1873 1021 1907 πυθο-

357 1925 480 1978 μένας
512 1928 599 1964 libri
616 1927 795 1963 nonnulh'
824 1927 1019 1963 omittunt.

416 1983 528 2035 πέριξ
558 2005 609 2012 -
633 1979 864 2034 λαβούσας]
922 1984 948 2019 i.
986 1996 1020 2019 e.

359 2040 591 2090 circumfusas
627 2042 723 2077 circa
752 2040 854 2077 illum
886 2052 916 2076 s.
951 2041 1022 2076 cir-

359 2097 574 2134 cumdedisse
600 2096 702 2134 illum
730 2099 807 2144 ita,
846 2099 888 2132 ut
915 2095 1024 2146 plane

359 2155 396 2191 in
407 2157 616 2203 potestatem
642 2156 802 2204 ipsarum
835 2153 1023 2190 devenerit.

359 2211 395 2246 A
415 2223 492 2261 quo
513 2223 593 2246 non
621 2209 733 2247 valde
764 2208 893 2246 differt
911 2223 1024 2259 περι-

359 2264 605 2317 λαμβάνειν,
651 2265 699 2302 de
729 2278 806 2317 quo
826 2264 905 2302 vid.
925 2271 1022 2301 nott.

361 2322 410 2360 ad
436 2323 479 2371 V,
509 2325 577 2363 23.
635 2323 693 2359 De
721 2335 817 2359 voce
841 2319 953 2370 πέριξ
973 2320 1023 2357 cf.

361 2378 492 2417 laudd.
521 2378 570 2416 ad
599 2379 661 2426 IV,
688 2378 751 2420 15.
810 2378 871 2414 Ab
898 2379 1024 2413 Hero-

362 2435 442 2473 doti
470 2436 687 2472 narratione
713 2436 764 2471 ita
795 2433 920 2471 differt
939 2434 1024 2469 Du-

361 2494 438 2530 rius
459 2492 612 2530 Samius
632 2493 672 2528 in
695 2489 825 2529 Schol.
844 2489 892 2526 ad
909 2491 1024 2526 Euri-

361 2548 440 2601 pid.
461 2549 608 2586 Hecub.
638 2550 718 2589 933
732 2577 741 2595 ‚
764 2554 806 2584 ut
825 2546 1025 2584 homiuem

362 2613 560 2644 caecatmn
584 2606 775 2656 primum,
798 2603 886 2641 dein
907 2615 1026 2640 neca-

361 2670 445 2701 tum
465 2661 600 2700 tradat.

418 2722 470 2773 τῇ
474 2732 510 2758 σι
530 2713 726 2783 περόνῃσι
743 2732 824 2755 των
838 2715 1022 2767 ἱματίων]

364 2776 575 2824 „Videlicet
595 2771 748 2826 περόνη
771 2780 826 2810 est
851 2785 939 2809 acus
960 2786 1026 2809 su-

363 2846 432 2884 per
461 2831 670 2869 humerum
711 2831 938 2869 vestimento
968 2830 1027 2866 af-

1072 1243 1170 1292 fixa;
1213 1239 1351 1295 πόρπη
1383 1242 1522 1292 fibula,
1551 1243 1592 1279 in
1620 1253 1739 1294 quam

1071 1302 1242 1351 infigitur
1269 1299 1299 1352 ἦ
1328 1296 1502 1352 περόνη,
1554 1311 1630 1351 quo
1668 1311 1740 1336 ve-

1072 1360 1296 1395 stimentum
1327 1358 1393 1406 [iu
1426 1363 1580 1408 pectore
1623 1367 1740 1406 supe-

1073 1416 1164 1452 riori
1208 1421 1322 1466 atque
1374 1412 1592 1460 anteriori]
1668 1412 1739 1448 rite

1075 1473 1317 1522 colligatu1·.“
1339 1470 1370 1508 C
1378 1482 1554 1507 reuzer.
1575 1470 1616 1505 iu
1631 1467 1740 1505 Bek-

1075 1527 1161 1565 keri
1190 1529 1304 1579 Spec.
1334 1526 1514 1564 Philostr.
1547 1538 1636 1577 pag.
1659 1526 1740 1564 110

1074 1599 1154 1638 seq.
1180 1586 1290 1636 plura
1319 1585 1438 1621 citans
1460 1582 1508 1620 ad
1527 1581 1603 1619 hoc
1632 1587 1741 1619 vetus

1074 1644 1223 1679 Dorum
1243 1642 1516 1679 vestimentum
1543 1639 1741 1690 pertiuen-

1075 1701 1152 1747 tia3
1182 1705 1295 1749 prout
1316 1697 1364 1734 ad
1375 1696 1561 1733 Herodoti
1581 1707 1738 1747 quoque

1076 1757 1208 1793 locum
1217 1760 1467 1792 annotaverat
1486 1751 1739 1789 Valckenaer.

1077 1814 1144 1850 Tu
1171 1811 1259 1851 add.
1295 1810 1464 1847 eundem
1495 1809 1672 1846 Creuzer.
1699 1808 1741 1843 iu

1077 1870 1232 1906 Anuall.
1255 1869 1390 1905 Vienn.
1407 1869 1525 1904 Tom.
1548 1866 1633 1902 LIV
1651 1876 1742 1916 pag.

1081 1928 1174 1966 109.
1233 1927 1334 1961 Nam
1367 1919 1519 1975 περόνη
1541 1922 1743 1959 Gallorum

1081 1989 1136 2019 est
1175 1981 1349 2032 Agraffe,
1387 1983 1569 2018 Nostrum
1597 1978 1744 2027 Zunge,

1081 2038 1233 2089 Kraffe,
1269 2035 1405 2089 πόρπη
1446 2050 1537 2075 vero
1578 2042 1634 2073 est
1660 2036 1743 2072 No-

1079 2103 1201 2133 strum
1229 2094 1392 2146 Spange.
1435 2115 1479 2121 -—
1536 2091 1599 2129 Ad
1626 2091 1744 2129 verba

1079 2166 1186 2204 seqq.
1210 2150 1265 2191 ε’τι
1291 2154 1362 2190 τοῦ
1391 2147 1548 2195 πάθεος
1571 2143 1744 2188 δεινότε-

1081 2205 1154 2259 ρόν
1188 2223 1223 2246 τι
1257 2203 1367 2254 δοξαι
1397 2205 1475 2244 vicl.
1509 2203 1647 2242 Matth.
1675 2205 1743 2241 Gr.

1081 2266 1149 2302 Gr.
1170 2276 1258 2315 pag.
1282 2263 1379 2304 852.

1139 2317 1245 2374 ἄλλῳ
1259 2317 1331 2371 μὲν
1343 2315 1393 2369 δη
1408 2334 1484 2358 ουκ
1507 2317 1619 2369 ε’χειν,
1644 2313 1742 2371 ότεῳ

1082 2361 1327 2428 ζημιώσωσι]
1346 2373 1439 2414 ἄλλο
1454 2382 1491 2412 et
1502 2358 1744 2426 ζημιώσουσι

1082 2433 1200 2470 edidit
1223 2431 1462 2480 Schaeferus‚
1482 2432 1611 2468 nescio
1625 2429 1743 2467 unde.

1080 2489 1274 2542 Equidem
1294 2490 1438 2526 restitui
1458 2487 1561 2540 quod
1581 2487 1667 2524 libri
1684 2486 1745 2523 fe·-

1082 2548 1216 2583 rebaut
1246 2545 1428 2598 quodque
1453 2546 1566 2582 totius
1585 2544 1661 2581 loci
1679 2555 1744 2579 ra-

1080 2605 1133 2640 tio
1148 2604 1339 2654 postulare
1357 2601 1569 2639 videbatur.
1628 2599 1686 2636 Cf.
1696 2599 1744 2647 V,

1082 2663 1150 2701 82.
1171 2659 1238 2700 43.
1267 2657 1449 2696 Matthiae
1479 2655 1652 2694 exhibuit
1675 2652 1740 2694 δίλ-

1083 2719 1136 2755 λω
1163 2715 1229 2753 sed
1251 2714 1388 2753 deinde
1410 2714 1562 2765 reliquit
1597 2708 1742 2762 ζημιώ-

1084 2784 1210 2811 σουσι.
1268 2773 1405 2822 Attigit
1434 2770 1474 2807 h.
1495 2770 1520 2807 l.
1541 2769 1672 2806 Iacobs
1693 2766 1744 2804 ad

1083 2830 1233 2866 Aehan.
1263 2830 1311 2865 N.
1341 2827 1490 2874 A.V11‚
1521 2827 1589 2866 29·
1648 2825 1744 2861 Mox

1732 715 1815 760 416
