1870 3249
342 220 1000 258 TERPSICHORE.
1059 219 1106 256 V.

1302 220 1354 258 81

101 333 217 392 μένεϊ
243 329 269 387 ἡ
298 329 517 387 θυγάτηρ,
560 333 614 388 τῇ
644 329 817 384 οὕνομα
845 323 901 384 ἦν
932 325 1108 383 Γοργώ·
1151 331 1283 371 τοῦτο
1313 328 1361 372 δέ

106 404 150 447 οἱ
176 399 247 444 καὶ
277 403 448 454 μοῦνον
476 398 631 442 τέκνον
659 397 862 453 ἐτύγχανε
901 396 975 440 έόν
1011 397 1141 440 ἐτέων
1181 394 1292 439 ὀκτώ
1333 395 1363 452 ἢ

75 467 226 514 Ξέννέα
255 465 440 524 ἡλικίην.

503 466 748 523 Κλεομένης
771 464 816 507 δὲ
841 463 982 519 λέγειν
1010 481 1086 521 μιν
1117 463 1281 508 ἐκέλευε
1309 461 1362 506 τὰ

98 535 315 595 βούλεται,
346 536 453 592 μηδὲ
484 535 673 591 ἐπισχεῖν
703 535 787 577 τοῦ
813 533 994 575 παιδίου
1015 534 1168 575 εἵνεκα.
1201 532 1364 575 ἐνθαῦ-

96 621 150 648 τα
190 602 242 660 δὴ
285 603 308 646 6
350 601 660 687 Ἀρισταγόρης
712 601 864 657 ἄρχετο
906 601 952 644 έκ
992 600 1095 644 δέκα
1134 598 1360 643 ταλάντων
1374 605 1418 639 95

95 670 456 728 ὑπισχνεόμενος,
489 671 545 729 η’ν
586 673 630 714 οἱ
668 667 886 725 ἐπιτελέσῃ
926 672 1016 712 τῶν
1048 668 1198 712 ἐδέετο.

1258 664 1362 711 ἅνα-

71 738 314 791 3νεύοντος
344 739 390 782 δὲ
419 743 498 783 τοῦ
528 737 820 793 Κλεομένεος,
862 736 1097 793 προέβαινε
1126 740 1240 778 τοῖσι
1267 734 1366 792 χρή-

97 819 203 864 μασι
220 805 507 863 ὑπερβάλλων
537 805 559 850 6
587 804 914 862 Ἀρισταγόρης,
947 804 989 854 ές
1017 806 1072 847 οὐ
1093 802 1364 859 πεντήκοντά

98 891 142 918 τε
171 875 364 919 τάλαντα
393 873 685 918 ὑποδέδεκτο·

737 874 810 917 καὶ
842 872 892 916 vd
921 873 1100 915 παιδίον
1129 869 1364 927 ηὐδάξατο,

99 941 299 997 ,,Πάτερ,
341 943 596 998 διαφθερέει
623 954 678 992 ,σε
710 941 733 986 ὁ
766 943 925 995 ξεῖνος,
965 939 1021 996 ἢν
1060 939 1118 995 μὴ
1160 938 1389 991 οἷποστάςῑ

69 1011 245 1067 4,,ἴῃς.“
305 1009 330 1053 ὅ
359 1027 403 1054 τε
435 1010 488 1067 δὴ
520 1011 786 1066 Κλεομένης,
816 1007 970 1065 ἡσθεὶς
998 1012 1081 1051 τοῦ
1110 1009 1291 1051 παιδίου
1310 1011 1366 1065 τῇ

97 1076 375 1133 παραινέσει,
406 1076 472 1134 ἤϊε
500 1078 544 1129 ές
573 1078 723 1131 ἕτερον
745 1078 928 1132 οἴκημα,
959 1076 1032 1119 καὶ
1064 1076 1090 1118 6
1116 1073 1364 1131 Ἀρισταγό-

99 1161 177 1201 ρης
206 1143 502 1189 ἀπαλλάσσετο
532 1145 581 1189 τὸ
612 1144 821 1199 παράπαν
851 1144 897 1187 ἐκ
927 1146 1003 1199 τῆς
1032 1141 1256 1198 Σπάρτης,
1291 1142 1365 1187 οὐ·

98 1214 145 1257 δέ
175 1215 220 1257 οἱ
247 1214 457 1270 ἐξεγένετο
480 1214 548 1257 ἐπὶ
578 1214 711 1256 πλέον
740 1212 802 1256 ἔτι
832 1214 1022 1268 σημῇναι
1042 1210 1142 1266 περὶ
1168 1215 1243 1267 τῆς
1262 1209 1364 1255 ἀνό-

0 1344 45 1390 '2
99 1283 182 1325 δου
213 1285 289 1338 τῆς
317 1282 437 1338 παρὰ
467 1280 660 1337 βασιλέα.

0 1363 10 1390 ι

44 1533 192 1570 rentino
212 1532 298 1571 cod.
320 1547 410 1571 cum
429 1542 586 1572 recentt.
610 1534 698 1577 edd.

42 1588 178 1626 reduxi
198 1587 471 1643 προσεστήκεε,
491 1593 558 1629 ubi
582 1593 699 1643 vulgo

42 1643 303 1697 προεστήκεε,
338 1647 442 1684 unde
471 1647 699 1687 Schaeferus

43 1702 190 1740 effinxit
208 1701 460 1757 παρεστήκεε.
510 1706 576 1742 Tu
596 1706 697 1743 conf.

99 1811 238 1867 ἄρχετο
269 1837 324 1844 -
354 1814 699 1870 ὑπισχνεόμενος]

43 1870 154 1912 Conf,
175 1871 387 1910 Matth.Gr.
401 1875 467 1910 Gr.
488 1888 576 1943 pag.
593 1879 701 1916 1100

43 1933 81 1963 et
120 1926 169 1964 ad
207 1929 352 1966 verba:
401 1930 618 1982 προέβαινε
645 1952 702 1958 --

41 1980 375 2036 νπερβάλλων(ἱ.
397 1999 431 2022 e.
451 1987 702 2037 progredwba-

42 2042 102 2076 tur
149 2042 311 2090 augendo
359 2055 488 2093 semper
531 2046 703 2094 pecuniae

41 2099 227 2145 summam)
244 2098 290 2134 cf.
312 2099 342 2146 Ι,
359 2098 439 2139 134
459 2099 586 2136 fin.-
609 2101 703 2137 Mox

40 2165 109 2203 pro
131 2151 171 2200 ἐς
193 2150 239 2202 ὃ,
271 2153 375 2206 quod
404 2154 587 2192 Matthiae
608 2158 702 2193 reti-

38 2210 144 2257 nuit,
177 2223 266 2248 cum
283 2209 503 2268 Schweigh.
525 2220 562 2250 et
581 2213 700 2250 Gaisf.

38 2265 212 2302 refinxi'
195 2282 245 2314 ες
277 2269 349 2307 οὐ.
416 2270 482 2305 Tu
501 2269 579 2307 vid.
600 2277 698 2308 nott.

39 2321 87 2360 ad
115 2324 178 2371 IV,
203 2326 293 2364 160.
332 2326 390 2361 De
417 2328 614 2377 augmenti
636 2341 698 2364 re-

39 2378 296 2430 duplicatione
327 2383 465 2419 omissa
503 2384 542 2420 in
579 2386 696 2422 verbo

38 2434 280 2477 ’ὗποδέδεκτό
292 2438 478 2479 vid.nott.
500 2440 549 2477 ad
567 2441 613 2488 V,
628 2441 698 2482 34.

38 2514 95 2520 —
124 2492 187 2530 Ad
206 2489 407 2543 ηὐδάξατο
438 2498 539 2534 conf.
558 2499 606 2545 ΙΙ,
630 2497 697 2540 55.

40 2548 107 2590 57.
170 2551 227 2586 De
250 2551 372 2601 Gorgo
394 2553 495 2603 conf.
517 2555 628 2591 citata
649 2553 698 2591 ad

38 2606 84 2654 V,
105 2604 171 2647 48.

98 2658 245 2715 Πάτερ,
269 2663 501 2717 διαφθερέει
521 2678 562 2705 σε
583 2664 606 2705 6
628 2666 700 2714 ξεῖ-

38 2732 108 2765 νος
128 2734 166 2759 κ.
189 2734 222 2757 τ.
245 2722 278 2758 λ.
294 2721 312 2768 ]
356 2721 461 2766 Quae
491 2723 541 2759 ita
562 2724 700 2759 Dorice

40 2773 147 2812 effert
165 2775 359 2814 Plutarch.
380 2779 415 2814 II
433 2791 524 2836 pag.
537 2777 620 2820 240
641 2781 699 2816 D.

38 2836 296 2885 καταφθαρεῖ
318 2845 383 2882 σε,
416 2837 447 2875 ὠ
480 2831 625 2888 πάτερ,
655 2832 700 2875 vo*

96 2890 318 2928 HERODOT.
337 2892 405 2929 III.

1371 1289 1393 1322 5

173 1348 291 1406 ’Ἐχει
316 1348 401 1406 γὰρ
433 1347 545 1407 ἀμφὶ
578 1353 631 1406 τῇ
658 1348 746 1406 ὁδῷ
775 1346 914 1404 ταύτῃ
948 1340 1045 1390 ὦδε.
1084 1348 1288 1404 Σταθμοί
1315 1364 1361 1392 τε
1420 1356 1527 1385 Obiter
1551 1358 1589 1387 de
1614 1357 1701 1387 illius

1421 1391 1543 1419 itineris
1562 1394 1602 1424 [c.
1615 1391 1675 1430 50]

1420 1433 1475 1460 per
1497 1427 1658 1463 stammas,

757 1531 983 1583 ξενυλλιον,
1015 1532 1086 1575 έαν
1110 1551 1163 1586 μη
1190 1530 1326 1585 τάχιον
1346 1528 1422 1573 αὖ-

755 1589 822 1631 τὰν
849 1594 920 1642 τῆς
949 1592 1080 1639 οἰκίας
1114 1588 1296 1660 ε’κβάλης.
1356 1590 1420 1628 Ad

755 1650 997 1700 participium
1018 1644 1194 1695 ἀποστὰς
1215 1649 1264 1685 cf.
1283 1647 1421 1685 Matth-

757 1707 825 1743 Gr.
847 1707 914 1743 Gr.
935 1718 1023 1757 pag.
1049 1708 1180 1753 1107,
1213 1711 1251 1741 et
1271 1703 1319 1741 ad
1340 1704 1421 1752 ἒξε-

755 1761 887 1814 γένετο
909 1763 1011 1799 conf.
1033 1763 1145 1798 citata
1167 1761 1215 1798 ad
1235 1762 1302 1809 111,
1327 1760 1420 1802 142.

757 1821 852 1855 Mox
862 1819 1061 1856 seiunctim
1072 1820 1201 1869 scripsi
1212 1816 1276 1857 ἐπὶ
1287 1816 1420 1865 πλέον,

757 1882 800 1912 ut
819 1877 885 1922 ΙΠ,
920 1873 1012 1915 104.
1044 1876 1107 1922 VI,
1130 1874 1183 1914 46
1205 1875 1330 1920 eux,
1353 1873 1420 1921 41,

757 1932 825 1967 ubi
846 1929 910 1970 ἐπὶ
931 1932 1076 1978 πλεῦν,
1106 1931 1278 1982 itemque
1310 1930 1421 1980 βασι-

757 1985 826 2026 λέα
846 1999 916 2038 pro
937 1987 1124 2039 βασιλῆα.

987 2077 1081 2127 Cap.
1101 2076 1184 2112 LII.

815 2151 920 2206 αμφὶ
942 2156 994 2208 τῇ
1013 2152 1110 2209 ὀδῷ]
1132 2152 1285 2191 Eodem
1305 2160 1418 2204 pacto

756 2213 892 2249 Noster
912 2213 1031 2249 utitur
1050 2211 1331 2262 praepositione
1345 2226 1418 2262 αμ-

757 2267 806 2319 φὶ
835 2269 882 2316 V,
912 2270 977 2308 19.
1037 2269 1143 2313 Quae
1163 2268 1336 2320 sequitur
1354 2268 1420 2304 iti-

753 2326 854 2362 neris
881 2324 1081 2376 descriptio
1097 2354 1106 2371 ‚
1141 2337 1186 2361 ea
1205 2325 1420 2361 maximam

755 2389 857 2420 certe
895 2389 1045 2433 partem
1083 2382 1237 2418 fluxisse
1268 2380 1420 2418 videtur

755 2452 803 2476 ex
819 2439 1018 2475 itinerariis
1033 2445 1304 2484 mercatorum,
1323 2450 1418 2489 quos

755 2497 803 2533 ab
823 2496 953 2532 Ioniae
973 2496 1129 2532 urbibus
1157 2494 1205 2531 ad
1225 2495 1415 2531 interioris

754 2553 868 2589 Asiae
888 2559 1049 2600 tractus,
1077 2552 1319 2603 Babylonem
1349 2564 1416 2587 us-

757 2622 833 2661 que
855 2616 891 2645 et
912 2610 1009 2646 Susa
1031 2608 1133 2645 certit
1156 2606 1324 2660 quftdam
1353 2605 1418 2643 vizi

756 2665 942 2717 proficisci
962 2666 1090 2703 solitos
1120 2666 1257 2701 Noster
1278 2676 1420 2700 consu-

757 2723 849 2770 luit,
898 2723 969 2759 nisi
1005 2724 1085 2773 ipse
1124 2720 1287 2757 eandem
1315 2720 1418 2757 viam

759 2792 934 2815 emensus
956 2792 1005 2815 ex
1024 2780 1068 2816 iis
1081 2807 1090 2825 ,
1132 2790 1230 2829 quae
1249 2778 1329 2827 ipse
1350 2788 1418 2813 co-

759 2836 918 2886 gnovit,
956 2834 1050 2872 haec
1078 2835 1248 2870 retulisse
1276 2839 1418 2884 putan-

1113 2892 1139 2930 6

1425 1468 1628 1498 parasangas,
1637 1467 1699 1491 8ῐᾶ-
