1870 3249
0 550 68 594 ,11

379 168 1041 206 TERPSICHORE.
1104 168 1146 203 V.

1319 169 1404 207 215

141 281 220 336 μὲν
247 280 406 328 ἄλλους
438 277 666 331 Κυπρίους
704 275 813 320 κατὰ
862 276 966 327 τούς
1003 275 1161 327 ἄλλους
1198 274 1410 330 στρατιώ-

141 366 218 400 τας
239 344 589 395 ἀντιτάσσοντες·
621 347 904 399 Σαλαμινίων
929 345 973 388 δὲ
996 345 1070 387 καὶ
1100 347 1275 388 Σολίων
1306 343 1410 388 ἀπο-

115 417 336 468 Ξλέξαντες
370 414 418 456 τὸ
440 412 645 466 ἄριστον,
688 411 953 455 ἀντέτασσον
998 413 1205 470 Πέρσῃσι.

1261 411 1403 466 Ἀρτυ-
1418 419 1437 450 5

141 485 221 542 βίῳ
253 482 298 526 δὲ
326 485 386 538 τῷ
417 484 644 537 στρατηγῷ
675 483 764 523 τῶν
797 480 1001 532 Περσέων
1031 481 1260 537 ἐθελοντὴς
1291 478 1409 523 ἄντε-

140 551 321 595 ταῖσσετο
352 548 585 605 Ὀνήσιλος.

634 548 827 591 ’Ήλαυνε
867 549 912 591 δὲ
951 550 1086 592 ἵππον
1122 547 1145 592 ὁ
1182 546 1409 604 Ἀρτύβιος

137 617 449 674 δεδιδαγμένον
481 617 592 671 πρὸς
625 615 807 672 ὁπλίτην
839 618 1044 660 ἵστασθαι
1075 616 1229 672 ὀρθόν.
1271 615 1409 659 πυθό-

134 703 264 743 μενος
295 682 358 729 ὧν
396 689 534 729 ταῦτα
565 684 589 729 ὁ
627 683 880 741 Ὀνήσιλος,
924 680 978 742 ἦν
1011 685 1096 742 γάρ
1137 687 1180 729 οἱ
1220 684 1411 729 ὑπασπι-

135 755 234 812 στὴς
263 754 390 809 γένος
421 754 501 808 μὲν
517 753 640 808 Κὰρ,
671 752 723 795 τοὶ
755 752 801 796 δὲ
830 755 1016 810 πολέμια
1047 753 1186 809 κάρτα
1217 753 1407 806 δόκιμος,

133 823 206 866 καὶ
228 823 368 874 ἄλλως
398 821 589 878 λήματος
618 820 759 873 πλέος,
791 819 881 865 εἶπε
910 822 1022 876 πρὸς
1043 825 1224 865 τοῦτον·
1261 854 1285 872 ,,

1293 824 1409 864 Πυν-
1427 829 1465 858 ¹0

105 900 127 932 2
139 891 362 946 ,.θάνομαι
412 889 490 933 τὸν
527 889 756 970 Ἀρτυβίου
805 891 939 934 ἵππον
977 888 1211 945 ἱσταμενον
1254 888 1405 970 ὀρθὸν,

134 991 159 1010 ‚,
149 959 236 1007 ,καὶ
266 959 371 1002 ποσὶ
403 958 478 1001 καὶ
509 956 690 1012 στόματι
718 958 1060 1014 κατεργάζεσθαι
1101 958 1210 1012 πρὸς
1248 957 1324 1001 τὸν
1354 957 1408 999 ἂν

135 1030 447 1108 ,προσενεχθῇ-
501 1025 555 1069 συ
603 1027 667 1068 ὠν
714 1027 1066 1082 βουλευσάμενος
1113 1025 1273 1070 αὐτίκα
1319 1025 1410 1068 εἰπὲ

136 1092 348 1149 ὁκότερον
378 1094 560 1152 βούλεαι
583 1093 781 1149 φυλάξας
810 1097 988 1151 πλῆξαι,
1019 1094 1059 1137 εἰ’
1077 1109 1121 1137 τε
1151 1093 1230 1138 τὸν
1259 1094 1408 1144 ἵππον,

77 1254 166 1292 dedi
184 1268 254 1306 pro
274 1255 475 1308 βασιλῆες.
533 1254 596 1293 Ad
629 1268 742 1293 usum

20 1362 27 1368 „
76 1313 365 1364 praepositionis
384 1310 485 1352 κατοῖ
504 1314 543 1349 in
564 1326 670 1365 seqq.
693 1313 742 1350 cf.

74 1371 106 1416 Ι,
138 1372 206 1410 76.
232 1371 300 1417 III,
326 1372 389 1418 14,
419 1371 549 1422 ibique
570 1377 667 1407 nott.
687 1392 743 1396 ——

75 1428 152 1463 Pro
168 1426 326 1466 Σολίων
335 1434 413 1464 tres
425 1426 537 1464 codd.
553 1425 742 1474 Σολιέων,

801 1256 937 1293 vimus.
998 1255 1056 1292 cf.
1073 1255 1200 1293 Strab.
1217 1255 1306 1292 XIV
1326 1268 1363 1306 p.
1382 1257 1463 1295 662

799 1314 849 1349 D.
884 1326 915 1350 S.
943 1313 1022 1352 978
1053 1313 1102 1350 A.
1144 1313 1230 1350 coll.
1259 1311 1403 1349 Herod.
1433 1313 1462 1358 l,

803 1372 895 1410 171.
916 1370 964 1416 ΙΙ,
983 1370 1168 1409 61.152.
1194 1367 1286 1409 154.
1307 1370 1374 1417 III,
1400 1371 1463 1408 11.

801 1426 876 1471 Qui
896 1425 1014 1462 iidem
1025 1425 1131 1463 Cares
1145 1426 1366 1477 frequenter
1385 1438 1467 1462 ser-

74 1484 202 1520 nullus
233 1482 418 1531 Σολὲων;
466 1497 557 1520 nam
608 1479 745 1523 Σόλιοι
800 1484 841 1520 vi
883 1481 986 1534 apud
1014 1483 1179 1520 Graecos
1198 1484 1466 1526 inveniuntur,

74 1547 163 1578 sunt
182 1541 331 1577 incolae
351 1542 467 1588 urbis,
490 1542 553 1577 cui
578 1541 650 1591 ipsi
669 1553 741 1577 110-

73 1610 165 1634 men
195 1592 320 1637 Σόλοι
360 1599 401 1634 in
438 1599 565 1634 insula
602 1598 739 1649 Cypri3

74 1652 142 1691 sed
169 1656 309 1701 Σολεῖς
347 1654 396 1691 ad
429 1655 583 1692 Ciliciae
603 1655 740 1691 urbem

74 1711 286 1761 pertinent,
325 1718 367 1747 ut
399 1712 497 1748 bene
528 1713 586 1749 VS
589 1712 739 1748 esselin-

76 1768 160 1817 gius
181 1767 369 1804 observat.
401 1768 458 1806 Cf.
484 1767 620 1819 Steph.
644 1770 739 1820 Β)Ζ.

76 1836 106 1859 3.
136 1837 174 1859 v.
203 1818 322 1862 Σολοι
352 1837 440 1874 pag.
473 1828 553 1865 677
591 1832 677 1862 ets.
703 1839 740 1861 v.

73 1874 215 1925 Ὠτιεῖς
232 1892 320 1929 pag.
334 1883 432 1920 771.
455 1881 542 1916 De
532 1894 613 1931 lpsa
633 1882 740 1928 urbe,

76 1936 183 1972 cuius
203 1934 328 1972 adhuc
348 1937 525 1988 reliquias
554 1937 741 1988 quasdam

75 1993 232 2028 nomine
253 1992 424 2041 Aligorae
444 2007 547 2030 nunc
570 1995 740 2044 cognitas

77 2062 116 2085 se
149 2050 336 2086 invenisse
367 2056 525 2086 testatur
543 2049 737 2098 Pococlxe,

75 2106 184 2156 plura
204 2106 394 2142 Manuert.
414 2108 555 2158 Geogr.
571 2108 634 2156 VI,
660 2110 677 2147 1
701 2121 739 2158 p.

74 2159 155 2202 564
175 2174 254 2213 seq.

130 2213 441 2268 α’πολὲξαντες]“
431 2233 458 2256 1.
480 2233 511 2256 e.
539 2219 736 2268 seligentem.

73 2275 117 2310 In
152 2276 270 2312 tribus
308 2274 420 2313 codd.
463 2271 738 2324 ἀποδέξαντες,

73 2332 186 2368 male.
237 2334 354 2369 Recte.
373 2334 617 2384 Wesseling.
628 2334 736 2370 exci-

72 2393 126 2424 tat
147 2389 213 2436 III,
234 2387 300 2429 40.
319 2390 420 2438 VIII,
445 2392 534 2430 101

304 2491 394 2541 Cap.
417 2491 518 2528 CXI.

129 2551 184 2608 ἦν
200 2572 276 2609 γαρ
298 2557 339 2597 οἱ
355 2555 609 2610 υπασπιστὴς
625 2558 689 2612 γέι
694 2574 739 2606 ος

74 2611 146 2663 μὲν
170 2610 277 2665 Καρ]
302 2613 422 2663 Cares,
449 2622 606 2665 gentem
624 2616 737 2652 belli-

73 2683 227 2719 cosam,
257 2671 295 2707 in
327 2672 436 2710 31133
450 2679 566 2710 terras
586 2679 736 2709 mature

74 2728 206 2764 abiisse
242 2728 449 2765 militatum
481 2736 519 2765 et
557 2728 736 2766 mercede

74 2783 282 2822 conductos
302 2785 433 2823 fecisse
452 2784 639 2837 stipendia
660 2799 734 2822 110-

796 1547 891 1577 teste
912 1538 1218 1591 Aristoph.Avv.
1231 1540 1327 1588 765,
1349 1552 1467 1591 quem

797 1597 929 1634 locum
951 1596 1060 1634 affert
1080 1598 1316 1647 VVesseling.
1353 1597 1465 1633 Cons.

796 1661 893 1691 nott.
916 1653 964 1690 ad
986 1655 1031 1702 V,
1060 1656 1128 1695 66.
1168 1655 1268 1690 Hinc
1288 1652 1395 1690 idem
1425 1651 1467 1692 ὖ-

798 1707 1026 1761 πασπιστής
1040 1723 1136 1747 mox
1149 1718 1309 1749 vocatur
1321 1705 1465 1750 ὀπάων

798 1769 823 1804 i.
858 1775 893 1804 e.
923 1767 1173 1817 pedissequus,
1204 1767 1392 1819 famulus,
1422 1773 1465 1803 ut

797 1826 837 1860 in
859 1823 1038 1875 Aeschyl.
1057 1823 1230 1875 Choeph.
1245 1826 1325 1864 716
1347 1821 1464 1860 Both.

800 1881 936 1931 Suppl.
966 1879 1049 1922 454
1080 1881 1167 1917 coll.
1201 1880 1298 1921 845.
1320 1878 1462 1917 Herod.

797 1938 867 1984 IX,
880 1936 945 1976 50.
959 1935 1029 1984 51,
1045 1937 1112 1973 ubi
1121 1932 1293 1982 ὀπάονες
1316 1934 1465 1973 Sohae-

798 1994 912 2039 ferus,
931 1993 1068 2045 reliqui
1089 1988 1275 2038 ὁπέωνες.
1294 2015 1350 2020 —
1370 1994 1464 2029 Mox

799 2049 888 2087 dedi
908 2046 954 2088 τοέ
968 2048 1148 2100 πολέμια,
1172 2051 1239 2086 ubi
1260 2048 1459 2086 Schaefer.

797 2114 834 2143 et
868 2104 1004 2143 Matth.
1034 2103 1081 2145 τοὶ
1124 2102 1335 2157 πολεμήϊα.
1382 2106 1462 2144 Sed

796 2163 899 2202 conf,
919 2164 986 2210 III,
1009 2161 1048 2201 4.
1069 2163 1114 2211 V,
1137 2165 1206 2204 78.
1227 2164 1460 2213 VVesseling.

795 2220 971 2256 attulerat
991 2221 1243 2257 Homericum
1263 2217 1462 2271 πολεμήϊα

795 2277 890 2329 ε’ργα
920 2290 969 2313 ex
988 2277 1032 2314 ll.
1053 2278 1101 2324 Il,
1123 2279 1218 2318 338.
1241 2279 1346 2321 XIII
1365 2280 1460 2317 727.

795 2335 861 2371 Tu
881 2333 983 2371 conf.
1006 2334 1265 2370 etiamTzetz.
1280 2332 1377 2370 Chil
1394 2335 1462 2380 ΠΙ,

794 2392 890 2432 989·
926 2412 978 2418 —
1021 2391 1067 2426 In
1106 2404 1211 2442 seqq.
1244 2390 1292 2428 ad
1324 2404 1461 2427 vocem

793 2443 970 2499 ληματος
991 2447 1094 2484 conf.
1113 2448 1159 2494 V,
1175 2450 1242 2488 72.

852 2519 918 2542 και
937 2503 1032 2543 ποσι
1049 2502 1117 2542 καὶ
1142 2500 1303 2555 στόματι
1324 2518 1458 2553 κατερ-

795 2557 1000 2626 yagsooe‘htt·
1019 2557 1120 2612 πρὸς
1142 2576 1212 2600 τον
1232 2556 1283 2598 οἶν
1313 2572 1459 2609 προσε-

796 2617 957 2671 νεχθῇ]
991 2618 1016 2653 1.
1038 2631 1071 2654 e.
1093 2630 1150 2654 ore
1164 2617 1380 2668 pedibusque
1399 2616 1458 2652 al-

795 2674 957 2711 laborare
976 2687 1005 2710 3.
1023 2686 1186 2724 pugnare
1205 2686 1282 2711 cum
1305 2685 1352 2720 ευ,
1368 2685 1456 2721 quo-

793 2743 871 2767 cum
891 2743 1094 2778 cougressus
1113 2732 1255 2767 erit.—
1283 2730 1329 2765 ln
1349 2742 1456 2781 seqq.

794 2785 1077 2824 distinctionem
1118 2793 1200 2836 post
1234 2783 1456 2837 βουλευσά-
