1834 3258
406 244 1046 282 POLYMNJA.V11.
1279 243 1360 284 461

71 354 259 411 3,,ποὶρα.
311 351 441 406 Ἀλλ’,
472 351 615 408 ὥσπερ
643 355 720 408 τῆς
748 351 908 409 ἡμέρης
937 350 1201 409 ἐβουλεύσαο
1239 353 1360 396 ποιέ-

104 440 216 476 ,,ειν,
253 421 415 478 ταύτην
443 423 510 465 'cea
537 425 627 464 τῶν
657 419 827 465 ὁδῶν.“
890 421 979 464 Τόν
1006 421 1108 477 μὲν,
1142 422 1278 463 ταῦτα
1307 420 1361 463 εἶ’-

1 479 30 524 3
99 507 262 542 παντα,
315 488 460 533 ἐδόκεε
499 489 522 532 ὁ
555 488 725 545 Ξέρξηςι
754 487 1047 533 ἀποπτάσθαι.
1102 488 1287 544 Ἡμέρης
1316 487 1362 531 δὲ

102 555 420 614 ἐπιλαμψάσης,
471 554 647 611 ὀνείρου
675 557 756 613 μὲν
783 556 946 600 τούτου
977 556 1111 612 λόγον
1127 555 1290 599 οὐδένα
1319 553 1357 597 ἐ·
1444 559 1525 601 516

89 624 270 679 ποιέετο,
301 622 324 668 ὁ
363 624 408 667 δὲ
436 625 642 678 Περσέων
672 626 906 675 συναλίσας
922 625 1025 676 τούς
1054 641 1126 668 και
1143 613 1695 685 προτερον61ῃὛξῗῇιῗξξὟοξῗξῖ

99 693 313 746 συνέλεξε,
357 692 471 748 ἐλεγέ
502 704 581 749 σφι
609 694 732 737 τάδε·
792 692 999 746 ,,”Ανδρες
1030 692 1219 747 Πέρσαι,
1258 702 1358 746 συγ·
1414 679 1694 749 ξιῖᾞιξὲἷῗὲῖἕξιῑῖω

97 760 304 818 ,,γνώμην
345 778 419 816 μοι
463 762 594 819 ἔχετε,
647 761 712 805 ὅτι
759 759 1031 817 ἀγχίστροφα
1080 756 1360 816 βουλεύομαι.
1418 747 1498 775 ΜΨ

68 833 304 885 2,,φρενῶν
333 846 377 873 τε
396 830 478 886 γὰρ
505 831 545 882 ἐς
566 829 618 874 τὰ
651 829 875 885 ἐμεωυτοῦ
907 832 1057 884 πρῶτα
1079 828 1132 871 οὔ
1163 843 1226 870 κω
1261 824 1419 882 ανῆ-65

96 915 207 951 ,,κω,
238 899 311 942 καὶ
342 900 386 942 οἱ
414 897 793 954 παρηγορεύμενοι
821 901 943 940 κεῖνα
976 896 1163 949 ποιέειν,
1205 893 1365 938 οὐδένα

1421 485 1523 516 Nihilo
1533 486 1630 514 secius
1644 489 1694 516 die

1421 524 1501 556 post,
1518 522 1693 558 proceribus

97 966 287 1022 ,,χρο’νον
314 982 396 1022 μευ
426 965 670 1024 ἀπέχονται.

37 1155 84 1191 sit
123 1165 328 1190 assensurus
341 1182 350 1200 ‚
409 1155 472 1203 quz'
508 1153 702 1200 consilium,

37 1210 128 1261 quod
138 1211 363 1257 nunciniisti,
386 1211 432 1246 sit
449 1211 702 1260 probaturus.“

38 1266 70 1304 S
82 1280 99 1303 c
110 1267 132 1303 Ῐι
144 1266 302 1315 weigh.
343 1267 499 1317 inm-Lex.
540 1267 699 1314 Herod„

36 1324 103 1360 ubi
123 1322 232 1360 affert
250 1323 313 1370 VI,
336 1326 403 1364 61.
428 1322 518 1365 140.
539 1325 608 1372 ΙΧ,
629 1323 696 1363 41.

34 1379 96 1417 Ad
127 1393 240 1417 usum
268 1381 370 1416 vocis
392 1378 497 1420 ὁδῶν
526 1381 567 1417 in
587 1394 695 1433 seqq.

35 1436 138 1474 conf.
162 1438 209 1485 II,
226 1439 292 1477 20.
313 1439 381 1477 22.

253 1527 347 1578 Cap.
367 1528 473 1564 XIII.

87 1602 263 1656 “”Ημε’ρης
292 1603 336 1644 δὲ
377 1601 688 1657 ἐπιλαμψάσης]

31 1663 58 1700 i.
81 1675 114 1699 e.
153 1663 217 1699 ubi
243 1663 316 1698 dies
343 1662 479 1701 illuxit.
529 1664 639 1700 Conf.
659 1665 689 1711 Ι,

35 1721 115 1760 190
136 1725 173 1755 et
192 1719 304 1755 allata
324 1718 372 1756 ad
392 1720 457 1768 111,
483 1720 576 1760 135.

91 1828 115 1869 ὁ
155 1828 197 1870 δὲ
247 1829 436 1883 Περσέων
481 1831 695 1878 συναλίσας

33 1883 128 1934 τούς
155 1885 222 1925 καὶ
255 1884 449 1939 πρότερον
481 1886 690 1936 συνέλεξε]

33 1941 96 1979 Ad
116 1941 140 1982 ὅ
173 1941 223 1981 δὲ
245 1945 346 1981 conf.
357 1945 467 1980 allata
479 1943 527 1980 ad
542 1944 586 1991 V,
601 1946 691 1983 120.

33 2000 110 2035 Pro
130 1996 224 2045 τούς
242 1999 309 2038 καὶ
328 1995 521 2053 πρότερον
536 1997 598 2052 (ut
608 2001 694 2035 Me-

34 2055 174 2104 diceus‚
206 2057 467 2105 Florentium,
499 2058 561 2093 alii
582 2055 694 2092 exhi-

32 2113 142 2163 beut)
202 2112 361 2150 Aldina:
417 2111 511 2160 τούς
548 2109 693 2159 αὐτούς

31 2165 126 2216 τούς
159 2185 182 2208 κ
200 2168 250 2208 αὶ
288 2165 511 2222 πρότερο
529 2185 571 2209 νε
622 2183 694 2206 eos-

32 2225 108 2263 dem
139 2239 219 2277 quos
242 2228 346 2264 etiam
374 2231 498 2275 antea3
530 2239 693 2278 eamque

30 2285 150 2320 secuti
169 2290 257 2320 sunt
278 2282 473 2321 Schaefer.
496 2291 531 2320 et
542 2282 691 2332 Matth„

30 2340 83 2375 ita
97 2347 139 2376 ut
159 2338 220 2377 hic
234 2341 338 2377 locus
350 2342 535 2391 pertineat
555 2340 604 2377 ad
615 2354 690 2389 eos,

33 2396 161 2447 quales
204 2397 310 2447 attigi
337 2399 376 2434 in
411 2405 502 2434 nota
536 2397 584 2434 acl
609 2398 690 2446 VII,

32 2454 100 2492 66.
159 2451 238 2489 Sed
257 2460 358 2490 recte
379 2453 690 2505 Schweighaeus.

32 2515 69 2544 et
108 2509 224 2546 Gaisf.
261 2523 373 2547 voces
411 2508 505 2557 τούς
545 2506 692 2557 αὐτούς

31 2565 173 2616 quippe
194 2579 214 2601 e
235 2564 377 2603 scholio
400 2566 556 2604 adscitas
576 2581 692 2618 repu-

33 2620 203 2669 diarunt,
224 2623 409 2672 probante
431 2624 557 2662 Sth.
577 2625 691 2675 Spec.

32 2678 50 2713 I
69 2691 108 2728 p.
138 2679 190 2718 25
205 2709 214 2726 ‚
261 2680 327 2730 qui
347 2686 476 2716 tamen
497 2679 601 2716 idem
622 2680 692 2717 ad-

33 2734 123 2783 iicit,
144 2748 253 2786 posse
274 2737 442 2787 aliquem
456 2735 593 2773 eodem
610 2738 691 2773 iure

33 2792 223 2842 suspicari,
236 2793 364 2830 oculos
376 2794 514 2830 librarii
525 2806 545 2829 a
567 2794 691 2843 priore

35 2845 127 2895 τούς
175 2848 224 2886 ad
276 2850 459 2900 posterIus
514 2850 689 2887 aben-an-

730 964 970 1010 ἀκούσαντι
1009 965 1155 1022 μέντοι
1184 980 1260 1020 μοι
1287 967 1363 1020 τῆς

759 1159 814 1190 tes
858 1153 1069 1190 omissionis
1113 1165 1267 1189 causam
1307 1165 1416 1203 prae-

758 1210 897 1248 buisse.

814 1294 874 1338 ὅτι
923 1293 1246 1350 ἀγχίστροφα
1317 1299 1416 1349 βου-

754 1351 822 1394 λεύ
828 1371 847 1395 0
852 1356 938 1406 μαι]
962 1355 1162 1402 „Subitam
1171 1359 1203 1392 et
1211 1357 1325 1405 priori
1333 1368 1416 1392 con—

753 1414 904 1450 trariam
930 1415 1147 1449 sententiam.
1206 1413 1321 1448 Tales
1344 1407 1416 1463 οἶγ-

750 1469 959 1520 χίστροφοι
1001 1467 1215 1520 μεταβολαὶ
1254 1470 1414 1519 Gregor.

749 1527 930 1562 Nazianz.
965 1526 1028 1562 Or.
1063 1527 1230 1562 XXVIII
1258 1540 1296 1576 p.
1329 1525 1413 1566 473

748 1584 795 1618 Β.
829 1582 876 1619 ad
914 1581 1155 1633 Thucydidis
1194 1583 1414 1633 exemplmn

746 1641 795 1687 ΙΙ,
819 1643 885 1681 57.
890 1640 913 1658 ‘⁶
949 1638 1233 1688 Wesselz‘ng.

809 1732 974 1770 φρενων
987 1733 1026 1757 τε
1047 1734 1124 1787 γαρ
1136 1718 1175 1765 ἐς
1197 1734 1243 1757 τα
1266 1717 1413 1768 ἐμεωυ-

750 1777 824 1814 τοῦ
863 1790 1002 1827 πρωτα
1046 1773 1096 1814 οὔ
1136 1790 1192 1813 κω
1246 1770 1412 1823 οἷνήκω]

751 1829 877 1879 „Nam
907 1835 940 1867 et
970 1844 1034 1880 ego
1059 1831 1108 1868 ad
1143 1832 1183 1869 id
1204 1831 1417 1881 prudentiae

751 1887 897 1935 culmen,
928 1901 994 1937 quo
1015 1888 1139 1934 tendo,
1169 1888 1416 1938 nondumper-

751 1945 865 1981 υεηί.“
924 1945 981 1980 lta
1030 1943 1416 1994 Schweighaeuserus

750 2001 1031 2050 interpretatur.
1082 2002 1146 2037 Tu
1168 2001 1216 2038 cf.
1239 2000 1285 2037 de
1295 2002 1412 2038 verbo

753 2052 920 2107 οἷνήκειν
934 2065 1028 2094 nott.
1040 2056 1087 2094 ad
1097 2059 1142 2104 V,
1159 2057 1223 2098 49.
1245 2057 1413 2095 Valcke-

750 2115 900 2150 naerius
932 2117 1093 2166 φρενῶν
1123 2113 1161 2160 ἐς
1199 2111 1246 2153 ἰα’
1275 2117 1414 2166 πρῶτα

749 2169 854 2207 idem
885 2184 963 2207 esse
992 2172 1042 2207 ait
1075 2178 1189 2222 atque
1217 2173 1354 2222 ψυχῆς
1374 2171 1414 2218 ἐς

749 2224 793 2266 τό
833 2223 1153 2279 φρονιμώτατον,
1188 2241 1413 2278 comparans

748 2283 930 2335 Xenoph.
963 2284 1142 2335 Sympos.
1174 2286 1261 2321 VIII
1289 2287 1326 2331 ξ.
1361 2285 1412 2325 14

749 2347 786 2377 et
817 2340 1000 2392 Sophocl.
1022 2342 1158 2392 fragm.
1181 2341 1284 2392 apud
1312 2343 1411 2392 Ety-

747 2399 892 2448 molog.
913 2412 943 2435 s.
963 2412 1000 2435 v.
1017 2402 1162 2445 νεῖκος.
1222 2400 1327 2444 Quae
1355 2412 1411 2435 se-

748 2462 919 2506 quuntur·
938 2456 1053 2492 verba
1073 2454 1140 2494 καὶ
1159 2453 1201 2494 οἱ
1231 2470 1411 2507 παρηγο-

748 2511 934 2561 ρεύμενοι
969 2515 1082 2550 κεῖνα
1118 2527 1151 2550 κ.
1184 2527 1216 2549 τ.
1239 2515 1286 2558 λ.,
1320 2525 1410 2549 cum

749 2566 970 2618 Schweigh.
991 2570 1042 2605 sic
1065 2567 1223 2605 reddere
1243 2570 1354 2605 licet:
1377 2571 1410 2604 ct

749 2627 811 2675 qui
828 2626 877 2662 ad
895 2625 991 2662 istud
1007 2625 1214 2676 faciendum
1233 2638 1284 2662 me
1310 2626 1409 2661 exci-

747 2685 847 2729 tant,
888 2682 987 2718 nullo
1017 2686 1165 2732 tempore
1183 2694 1206 2717 a
1226 2694 1277 2717 me
1298 2681 1410 2717 disce-

748 2738 848 2774 dunt.
918 2739 992 2775 Pro
1032 2737 1215 2788 μέντοι
1251 2739 1290 2773 ἰιι
1320 2749 1410 2787 pro-

745 2795 850 2831 xime
880 2808 987 2846 seqq.
1026 2793 1226 2830 Bekkerus
1263 2794 1411 2831 mavult

747 2848 839 2901 μὲν
873 2848 947 2902 δή,
970 2857 1010 2888 ut
1031 2851 1112 2898 VH,
1134 2852 1160 2892 8
1181 2850 1218 2895 ξ.
1240 2852 1280 2890 3.
