1870 3249
412 166 1065 225 TERPSICHORE.
1123 181 1169 218 v.

1375 189 1431 228 65

169 271 372 326 σάμενος,
416 274 458 325 ἐς
490 274 644 331 ἥντινα
684 283 767 336 γῆν
797 283 954 326 κτίσων
989 286 1058 341 ἴῃ,
1100 287 1201 332 οὔτε
1239 294 1426 349 ποιήσας

139 337 297 381 Βοῦδὲν
329 343 416 382 τῶν
452 345 765 397 νομιζομένων.

825 347 897 393 οἷα
951 353 996 395 δὲ
1051 356 1219 409 βαρέως
1258 362 1479 415 φέρων,45

163 404 279 449 ἀπίει
308 406 461 464 ἐςντὴν
492 411 665 468 Λιβύην
708 415 760 457 τοὶ
789 422 944 461 πλοῖα·
996 424 1257 479 κατηγέοντο
1295 429 1341 472 δὲ
1378 433 1422 473 οἱ

160 471 318 526 ἄνδρες
362 477 558 529 Θηραῖοι.
597 476 860 536 ἀπικόμενος
899 486 942 531 δ’
973 487 1015 539 ἐς
1047 493 1243 542 Κίνυπα,
1285 498 1420 541 οἴκισε

156 542 301 595 χῶρον
331 541 561 588 κάλλιστον
589 551 674 591 τῶν
704 551 885 608 Λιβύων
924 555 1043 610 παρὰ
1072 561 1290 617 ποταμόν·
1340 566 1419 617 ἐξε-

95 736 200 786 tinet,
224 739 327 790 quod
345 741 436 778 inde
457 745 758 799 aDoricaegen-

93 793 139 829 tis
168 795 408 836 incunabulis
438 804 566 839 onmia
596 805 676 842 fiere
695 808 756 859 ⁵ad

91 849 266 901 Delphos
301 854 587 911 Pythictunque
617 874 754 900 oracu-

90 906 192 955 lum,
230 917 273 946 ut
304 925 354 948 ex
374 926 451 964 quo
478 918 605 953 omnia
627 922 751 969 gentis

89 963 258 1002 instituta
278 968 512 1018 prodierint,
543 975 645 1024 apud
666 978 749 1014 Do-

88 1032 146 1056 res
166 1022 437 1063 referebantur.
477 1028 654 1082 Namque
666 1034 747 1085 Ly—

87 1089 250 1127 curgum
271 1079 446 1120 dicebant
467 1085 660 1136 ePythiae
681 1103 746 1127 ore

84 1132 211 1183 leges,
253 1149 344 1188 quas
385 1140 579 1190 Spartanis
617 1145 744 1196 ferret,

85 1193 292 1242 accepisse,
315 1195 418 1233 unde
433 1198 535 1248 ipsae
555 1200 658 1251 leges
670 1219 743 1242 πυ-

83 1244 320 1299 θόχρηστοι,
360 1252 400 1289 id
422 1255 525 1306 quod
545 1261 742 1297 neminem

82 1302 202 1353 fugit3
235 1318 277 1343 ac
307 1309 367 1344 vel
392 1318 521 1361 postea
542 1315 742 1355 Laconum

81 1360 193 1397 rebus
242 1364 403 1413 publicis
453 1372 651 1409 oraculum
690 1375 742 1412 ita

80 1429 251 1466 praeesse
270 1423 485 1473 putabatur,
498 1433 539 1463 ut
551 1441 611 1465 eas
633 1434 745 1482 quasi

78 1485 222 1523 regere,
238 1489 506 1533 summamque
527 1497 659 1523 earum
669 1484 759 1525 cti—²

78 1541 160 1566 ram
174 1543 306 1581 gerere
317 1536 520 1588 videretur,
534 1545 737 1593 magistra-

74 1591 210 1639 tusque
237 1591 466 1642 Pythiorum
496 1607 619 1636 essent
640 1615 735 1638 con-

73 1643 211 1693 stituti,
249 1651 420 1688 maximo
451 1651 600 1692 honore
618 1656 742 1708 prae—¹

72 1697 139 1736 diti
159 1714 371 1757 regumque
392 1720 435 1745 ac
455 1723 591 1748 senum
612 1726 732 1752 asses-

70 1767 182 1805 sores,
199 1762 334 1811 quibus
355 1765 630 1816 Delphicorum
643 1785 730 1809 ora-

70 1813 242 1852 culorum
253 1831 341 1855 cura
354 1829 433 1858 erat
439 1826 620 1872 permissa
633 1828 729 1876 (vid.

68 1869 209 1907 Herod.
232 1873 294 1919 VI,
317 1875 412 1925 57).
470 1881 603 1932 Neque
625 1885 729 1921 enim

68 1925 280 1978 quidquam
299 1932 452 1980 publice
470 1937 727 1991 privatimque

65 1984 321 2034 suscipiebant
336 1988 524 2039 Spartani,
545 1995 618 2031 nisi
639 2009 726 2034 ora—

64 2039 151 2076 culo
162 2041 348 2092 Delphico
361 2049 533 2085 consulto
545 2062 554 2097 3
567 2050 606 2087 id
620 2054 723 2104 quod

60 2094 101 2130 in
123 2097 270 2135 colonIa
287 2100 486 2140 condenda
507 2118 624 2157 quam
635 2122 722 2147 ma—

57 2152 164 2189 xime
176 2156 356 2202 valuisse,
377 2168 512 2209 sponte
525 2165 646 2212 quivis
657 2168 721 2202 in-

57 2209 204 2259 telligit.
274 2214 408 2266 Itaque
444 2216 492 2254 de
522 2220 718 2271 Spartanis

54 2265 458 2320 DoribusDelphicum
479 2274 595 2314 deum
617 2292 713 2316 con—

53 2323 261 2363 sulentibus
271 2328 462 2377 sigillatim
475 2333 712 2387 valuit,quod

51 2379 91 2414 in
122 2382 343 2420 universum
383 2386 431 2423 de
463 2389 615 2428 Graecis
658 2395 710 2431 ita

51 2438 263 2476 enuntiavit
284 2441 415 2480 Cicero
436 2445 494 2480 De
517 2446 633 2486 divin.
659 2452 707 2499 II,

52 2493 71 2530 1
97 2493 134 2537 ξ.
158 2496 205 2534 3:
246 2497 404 2544 „Quam
428 2514 519 2539 vero
549 2506 708 2545 Graecia

47 2549 240 2587 coloniam
260 2555 361 2591 misit
381 2557 419 2592 in
440 2558 626 2612 Aeoliam,
643 2565 707 2600 Io-

46 2605 164 2654 niam,
183 2609 325 2658 Asiam,
348 2611 530 2664 Siciliam,
544 2619 705 2668 Italiam,

46 2661 126 2727 sin-e
153 2664 292 2715 Pythio
318 2675 383 2705 aut
410 2671 618 2711 Dodonaeo
640 2685 706 2714 aut

46 2717 272 2758 Hammonis
293 2727 446 2764 oraculo
463 2724 483 2764 Ξ)
512 2738 577 2767 aut
599 2734 703 2784 quod

46 2772 189 2813 bellum
224 2789 440 2832 susceptum
469 2786 515 2823 ab
547 2800 592 2825 eo
621 2791 702 2828 sine

100 2832 321 2875 Hssnonor.
340 2840 407 2878 ΙΠ.

814 756 970 792 consilio
993 755 1154 796 deorum
1176 761 1298 801 est?“
1339 768 1401 804 Tu
1423 770 1472 807 cs.

812 810 860 847 de
888 810 946 848 his
978 814 1021 851 C.
1054 817 1097 852 O.
1125 814 1275 858 M'dller.
1302 824 1395 862 Dor.
1421 827 1469 874 II,

813 869 865 907 17
892 882 998 921 seqq.
1027 873 1045 907 I
1071 886 1111 923 p.
1138 875 1208 915 57.
1236 880 1327 919 137.
1360 882 1402 919 C.
1424 884 1467 920 F.

806 924 1018 963 Hermann.
1048 929 1252 970 Lehrbuch
1275 934 1310 972 d.
1323 938 1467 987 griech.

805 979 1082 1022 Staatsalterth.
1115 988 1152 1032 ξ.
1181 993 1235 1030 23
1265 1001 1346 1030 not.
1369 998 1393 1035 9
1430 1004 1466 1033 et

806 1037 843 1081 ξ.
874 1039 928 1079 75
956 1047 1035 1077 not.
1067 1041 1106 1082 4.
1142 1043 1211 1081 Ch.
1240 1048 1282 1084 F.
1306 1051 1466 1089 W'ilster

802 1094 860 1129 De
880 1096 1053 1145 religion.
1077 1105 1112 1135 et
1141 1105 1283 1140 oracul.
1317 1107 1467 1157 Apolli-

801 1151 858 1186 nis
887 1152 1065 1203 Delphici
1096 1156 1246 1204 (Havn.
1271 1163 1396 1212 1827)
1418 1167 1464 1203 P.

800 1208 818 1242 I
840 1208 876 1252 ξ.
900 1209 952 1249 34
973 1224 1060 1261 pag.
1083 1215 1136 1253 78
1157 1228 1264 1268 seqq.
1284 1239 1341 1247 —
1368 1222 1464 1260 Mox

800 1277 889 1300 cum
910 1265 1131 1319 Schweigh.
1153 1279 1190 1309 et
1210 1274 1326 1312 Gaisf.
1348 1290 1463 1330 repo-

798 1323 857 1357 sui
880 1321 933 1376 ἴῃ,
967 1324 1071 1376 quod
1093 1326 1203 1366 offert
1224 1333 1389 1381 optimus
1409 1337 1459 1372 li-

797 1378 865 1414 ber
904 1381 1158 1421 Florentinus.
1235 1388 1459 1429 Coniuncti—

770 1475 777 1480 .
795 1448 864 1471 vus
886 1438 990 1474 enim
1010 1440 1047 1475 in
1070 1435 1368 1493 interrogatione
1383 1463 1458 1499 po·—

794 1493 909 1540 nitur,
932 1496 1088 1544 utI,53,
1111 1499 1176 1535 ubi
1199 1500 1273 1539 vid.
1287 1511 1383 1541 nott.
1394 1507 1458 1544 VI.

793 1548 861 1589 35.
903 1550 1083 1590 Probavit
1114 1556 1160 1592 G.
1183 1558 1394 1600 Hermann.
1414 1564 1455 1600 iu

791 1598 954 1656 O'puscc.
975 1610 1028 1646 IV
1047 1623 1135 1661 pag.
1161 1614 1227 1654 90.

802 1667 807 1679 ·’
847 1660 937 1702 οὕτε
950 1663 1123 1718 ποιήσας
1143 1665 1264 1709 οὐδὲν
1282 1674 1361 1712 τῶν
1384 1690 1456 1715 νο-

787 1718 1038 1772 μιζομένων]
1071 1726 1251 1775 Neglexit
1268 1731 1453 1769 nimirum

788 1775 852 1811 ille
879 1780 1009 1815 omnia
1031 1794 1095 1828 ea,
1139 1794 1237 1833 quae
1266 1798 1286 1821 a
1308 1788 1451 1827 civibus

788 1831 836 1867 ad
865 1834 1057 1872 coloniam
1091 1837 1335 1878 condendam
1355 1857 1449 1895 pro-

786 1886 1041 1929 ficiscentibus
1060 1893 1131 1929 rite
1151 1894 1232 1932 fieri
1260 1899 1445 1950 solebant,

784 1956 888 1980 sacra
917 1948 1089 1997 publica,
1120 1951 1213 1988 ritus
1243 1955 1443 2006 solemnes,

785 2001 856 2037 alia
876 2001 916 2038 id
936 2015 1081 2053 genus,
1113 2005 1161 2042 de
1182 2010 1318 2060 quibus
1340 2016 1442 2053 conf.

780 2057 923 2095 Herod.
945 2061 974 2107 I,
1000 2061 1078 2103 146
1107 2063 1199 2116 ibiq.
1221 2074 1317 2106 nott.
1339 2077 1375 2107 et
1398 2072 1440 2110 C.

778 2114 821 2150 F.
865 2116 1077 2156 Hermann.
1115 2120 1335 2163 Leia-buch.
1368 2135 1440 2166 etc.

777 2170 814 2214 ξ.
845 2172 897 2213 75
932 2181 1013 2211 not.
1035 2178 1073 2216 3.
1095 2197 1152 2204 ᾖ
1200 2179 1294 2218 Mox
1315 2178 1438 2234 οἷπίει,

774 2234 816 2263 ut
839 2227 930 2275 ἐξίει
945 2231 973 2278 Ι,
987 2234 1024 2277 6,
1048 2232 1112 2269 ubi
1123 2233 1201 2272 vid.
1221 2244 1318 2276 nott.
1331 2234 1436 2282 α’νίει

769 2285 836 2330 ΙΙΙ,
860 2287 950 2333 109,
982 2288 1067 2326 alia.
1125 2292 1246 2343 Magis
1274 2295 1435 2336 advertit

770 2341 870 2377 celer
882 2345 1057 2382 transitus
1068 2357 1087 2381 a
1095 2348 1433 2406 praesenti(cc'5vt'u)

769 2398 818 2434 ad
876 2404 1122 2449 praeteritum
1170 2408 1429 2460 κατηγέοντο;

768 2467 1006 2508 quamquam
1034 2461 1072 2496 in
1105 2462 1301 2502 Herodoto
1340 2469 1426 2504 talia

764 2513 892 2549 minus
923 2513 1118 2553 offendere
1138 2518 1290 2560 debent.
1339 2525 1423 2562 Vid.

764 2568 875 2605 allata
897 2569 945 2606 ad
966 2571 1010 2619 V,
1032 2573 1100 2614 55.

818 2625 1056 2678 κατηγέοντο
1074 2628 1116 2668 δὲ
1130 2628 1281 2684 οἵίίνὸρ
1289 2647 1326 2678 ες
1340 2634 1422 2684 Θη-

762 2682 888 2731 ραῖοι]
923 2683 1096 2723 Theraeos
1117 2687 1216 2724 viros
1238 2690 1420 2727 exstitisse

761 2736 875 2775 duces
916 2738 1018 2778 haud
1064 2744 1229 2792 mirum,
1280 2747 1422 2798 quippe

759 2807 924 2846 quorum
954 2800 1124 2835 maxhne
1152 2800 1280 2839 floruit
1308 2815 1419 2841 com-

1117 2854 1142 2896 5
