1870 3249
21 507 85 551 23

377 198 1042 236 TERPSICHORE.
1100 199 1145 235 V.

139 313 278 364 γεῖος,
329 307 482 362 ἐκρίθη
527 323 571 350 τε
609 305 718 350 εἶναι
745 306 927 362 ’Ἐλλην,

1347 199 1403 239 35

980 307 1052 350 καὶ
1090 304 1407 363 ἀγωνιζόμενος

140 375 316 419 στάδιον
346 374 624 426 συνεξέπιπτε
655 379 717 431 τῷ
745 375 916 432 πρώτῳ.
946 379 1084 419 ταῦτα
1102 375 1181 432 μέν
1210 392 1295 419 νυν
1325 375 1400 420 οὕ-

138 460 196 487 τω
225 460 279 499 κη
309 442 487 497 ἐγένετο.

228 510 492 566 Μεγάβαζος
523 509 568 554 δὲ
600 509 719 566 ἄγων
757 509 861 560 τοὺς

133 579 213 622 τὸν
239 577 582 634 Ἑλλήσποντον·
624 578 828 622 ἐνθεῦτεν
853 577 898 621 δὲ
929 579 1312 631 διαπεραιωθεὶς,
1308 577 1403 622 ἀπί-

105 654 234 691 Ξκετο
264 645 307 697 ἐς
332 645 513 701 Σάρδις.
556 645 630 689 ἅτε
651 647 697 690 620-
725 645 964 702 τειχέοντος
992 644 1075 702 ἤδη
1102 645 1303 691 Ἱστιαίου
1323 652 1402 692 τοῦ

132 715 356 770 Μιλησίου
384 713 464 770 τὴν
501 714 621 768 παρά
652 716 848 769 Δαρείου
878 712 1059 770 αἰτήσας
1089 714 1208 771 ε’τυχε
1236 716 1400 770 μισθόν

891 511 1087 561 Παίονας
1125 508 1301 555 απίκετο
1333 511 1401 555 ἐπὶ
1415 512 1684 579 loxglgssgggpws

1462 581 1575 609 Sardes
1588 584 1732 622 duxisset,

1460 615 1636 657 M-yrciuum
1662 620 1716 647 Hi-

1460 650 1557 677 stiaeo
1576 653 1699 681 incaute

1459 684 1602 713 traditam
1624 689 1663 720 [c.
1674 687 1732 724 11.]

1456 716 1583 754 docens
1609 723 1719 749 suadet

1457 752 1559 786 Dario,
1571 756 1606 781 ut
1623 755 1732 784 donum

133 781 302 839 δωρεὴν
332 785 530 839 φυλακῆς
558 786 635 840 τῆς
660 783 849 838 σχεδίης·
881 780 1033 833 ἐόντος
1064 783 1110 827 δὲ
1140 787 1220 826 τοῦ
1248 783 1397 866 χώρου
1454 785 1500 814 ¹¹¹¹
1518 787 1649 817 auferat

130 851 297 895 τούτου
327 866 447 905 παρα
477 850 718 907 Στρυμόνα
747 850 966 905 ποταμόν,
1006 855 1068 906 τῷ
1098 849 1269 908 ου’νομά
1310 852 1400 897 ἐστι

127 918 381 975 Μύρκινος·
411 918 570 974 μαθών
591 920 637 964 δὲ
662 938 684 964 ο
674 916 961 974 ’Μεγάβαζος
992 918 1040 962 τό
1060 920 1327 976 ποιεύμενον
1350 921 1397 966 ἐκ
1413 931 1453 964 1’”
1433 943 1455 964 ι

128 991 210 1030 τοῦ
234 986 458 1037 Ιστιαίου,
487 985 546 1039 ὥς
574 983 683 1044 ἦλθε
713 985 889 1042 τάχιστα
914 985 958 1036 ἐς
987 1002 1064 1038 τας
1084 987 1251 1056 Σάρδις
1277 989 1397 1045 άγων

98 1053 234 1106 3τούς
281 1056 511 1108 Παίονας,
541 1056 656 1112 ε’λεγε
692 1056 867 1111 Δαρείῳ
904 1052 1026 1098 τάδε·

1086 1058 1163 1109 ,,ῼ
1201 1059 1397 1112 βασιλεῦ,

127 1121 280 1176 ,,κοῐόν
308 1139 349 1165 τι
378 1126 522 1179 χρῆμα
558 1123 790 1180 εποίησας,
838 1120 967 1177 ἀνδρὶ
986 1120 1161 1180 Έλληνι
1193 1126 1324 1182 δεινῷ
1353 1142 1397 1170 τε

71 1283 249 1337 Philippo
277 1286 426 1324 Maced.
455 1300 544 1338 pag.
583 1289 666 1327 272
697 1292 734 1322 et

126 1397 194 1437 καὶ
239 1394 528 1464 ἀγωνιζόμενος
557 1395 733 1449 στάδιον,

71 1454 326 1503 συνεξέπιπτε
353 1459 409 1510 τῷ
439 1451 608 1510 πρώτω]
639 1456 734 1493 Val-

71 1509 249 1549 okeuael.
292 1498 502 1564 suspicatur
548 1514 733 1564 scripttun

69 1567 183 1605 fuisse
207 1565 427 1622 α’γωνισόμε
432 1585 499 1617 νος
516 1600 525 1618 ,
553 1568 627 1607 hoc
651 1571 731 1606 fere

69 1638 210 1663 sensu:
241 1630 274 1663 et
294 1627 412 1664 stadio
433 1627 651 1664 decertatum·
669 1641 732 1664 ηο-

68 1693 144 1719 men
162 1696 238 1720 una
263 1696 338 1721 cum
357 1686 470 1734 primo
488 1685 622 1721 nomine
642 1687 732 1721 sorte

67 1739 267 1785 excidebat,
281 1739 613 1792 quemadmodum
628 1740 732 1792 apud

67 1795 223 1833 Livium
232 1798 377 1846 XXIII,
395 1801 418 1838 3
433 1810 444 1835 ε
477 1805 546 1846 „ut
564 1799 732 1849 primam

67 1851 183 1902 ipsius
222 1861 259 1890 et
293 1856 554 1905 antagonistae
587 1861 730 1891 sortem

69 1909 204 1946 exiisse
234 1911 399 1960 optimus
421 1917 553 1947 auctor
583 1911 732 1960 signifi-

69 1965 170 2000 cet.“
227 1964 324 2002 Mihi
353 1968 419 2003 vix
455 1980 550 2018 opus
580 1966 732 2003 videtur

67 2020 186 2057 futuri
203 2023 413 2073 participio,
434 2037 506 2060 nec
526 2024 613 2060 satis
635 2036 730 2060 oau-

66 2089 130 2114 sae
150 2079 302 2116 subesse
323 2079 499 2128 credam,
522 2087 566 2116 ut
587 2075 729 2132 ιῖγωνί-

67 2128 255 2185 ζόμενος,
298 2136 340 2172 iu
381 2149 457 2188 quo
486 2137 614 2187 scripti
642 2137 731 2173 libri

56 2192 307 2242 conspirant,
351 2201 601 2230 commutem.
670 2193 729 2231 Ac

64 2249 181 2285 moris
190 2249 304 2286 fuisse
315 2252 542 2301 accepimus,
563 2256 617 2297 ut,
638 2250 729 2301 plu-

65 2317 124 2341 res
164 2318 285 2357 quum
329 2306 503 2344 adessent
550 2305 726 2356 athletae,

65 2368 208 2398 sortem
229 2362 413 2401 ducerent
427 2393 443 2409 2
475 2365 634 2417 quinam
647 2365 728 2414 pri-

66 2419 122 2454 mi
162 2421 512 2469 committerentur3
563 2421 610 2457 de
651 2433 727 2472 qua

65 2476 263 2513 sortitione
284 2478 457 2515 classicus
479 2485 535 2515 est
564 2478 727 2514 Luciani

63 2531 168 2569 locus
190 2534 230 2569 in
251 2535 476 2572 Hermotim.
500 2534 587 2582 §40
608 2536 726 2572 Tom.

64 2589 116 2626 IV
136 2601 224 2640 pag.
249 2589 300 2631 55
323 2590 382 2627 ed.
403 2593 488 2643 Bip.
530 2591 642 2628 Unde
662 2604 726 2628 sa·-

65 2646 110 2682 tis
140 2653 266 2697 patet,
307 2647 400 2699 quid
442 2648 488 2686 de
519 2649 724 2685 vernacula

66 2699 180 2739 huius
216 2704 291 2740 loci
327 2705 640 2756 interpretatione
677 2706 725 2742 sit

64 2758 335 2797 iudicandum:
379 2762 484 2809 „und
517 2762 572 2798 als
610 2775 646 2799 er
676 2763 723 2799 im

69 2813 240 2854 Stadium
278 2817 345 2855 den
392 2817 573 2868 Wettlaus
604 2818 723 2856 hulten

790 1284 928 1332 wollte,
968 1285 1050 1323 kam
1079 1299 1115 1323 er
1140 1286 1258 1336 glez‘ch
1285 1289 1350 1325 mit
1378 1288 1454 1326 dem

790 1341 964 1380 Ersten.“
994 1344 1115 1393 Magis
1134 1345 1346 1395 perspicue,
1369 1347 1453 1396 opi-

788 1412 872 1443 nor,
893 1398 1129 1437 Larcherus:
1172 1415 1260 1449 „son
1282 1414 1359 1439 nom
1379 1415 1454 1439 sor-

789 1458 835 1493 tz‘t
856 1456 898 1493 de
926 1456 1040 1494 l'urne
1072 1470 1156 1495 avec
1190 1458 1283 1495 celui
1308 1458 1357 1495 du
1371 1472 1451 1509 pre-

789 1514 875 1549 mier
904 1514 1178 1560 combattant‚·“
1222 1528 1344 1567 quum
1375 1515 1452 1563 ἐξὲ-

788 1570 1023 1608 πιπτείἀειη
1035 1573 1081 1608 sit
1101 1578 1214 1623 atque
1227 1572 1267 1611 ἐκ
1292 1568 1325 1611 δ’
1335 1572 1456 1625 ἔθορε

788 1626 892 1677 apud
911 1628 1070 1666 Homer.
1090 1629 1134 1665 Il.
1156 1629 1245 1677 VII,
1271 1631 1351 1671 182
1370 1643 1449 1682 seq.

990 1718 1083 1770 cap.
1104 1720 1250 1756 XXIII.

844 1792 914 1835 ἅτε
943 1794 986 1836 δὲ
1010 1796 1227 1848 τειχέοντος
1261 1813 1296 1837 κ.
1337 1814 1370 1838 τ.
1397 1800 1451 1848 λ.]

787 1853 1028 1891 Florentinus
1051 1851 1118 1893 ἅτε
1138 1852 1188 1906 δή
1203 1884 1212 1901 ,
1234 1868 1450 1905 perperam,

787 1908 875 1945 mest
886 1909 1045 1961 quidem
1057 1910 1257 1959 sententia,
1279 1925 1368 1948 omn
1378 1925 1453 1963 po-

786 1967 860 2002 tius
880 1967 1107 2016 particulam
1128 1965 1171 2006 δὲ
1200 1967 1370 2018 flagitare
1390 1970 1451 2007 vi-

789 2020 924 2058 deatur
951 2023 1026 2059 loci
1055 2037 1206 2072 sensus3
1246 2038 1344 2076 quae
1384 2039 1451 2062 ea-

788 2077 878 2115 dem
889 2080 1074 2130 particula
1094 2082 1253 2131 repetita
1267 2088 1353 2133 post
1373 2098 1449 2134 μα-

785 2131 879 2174 θών
899 2137 1061 2173 minime
1090 2138 1208 2174 trium
1236 2138 1348 2176 codd.
1378 2152 1448 2176 au-

786 2193 958 2230 ctoritate
968 2195 1050 2230 tolli
1059 2193 1221 2232 debebat
1229 2208 1251 2231 a
1263 2194 1448 2247 Schwgh.

785 2255 823 2286 et
854 2250 1042 2288 Gaisford.
1091 2253 1171 2289 Nec
1201 2266 1333 2290 moror
1354 2266 1448 2289 ean-

785 2305 875 2343 dem
906 2309 1131 2376 particulam
1161 2310 1202 2345 in
1221 2311 1345 2347 verbis
1367 2307 1446 2350 ἐόν-

783 2378 850 2410 τος
867 2362 917 2402 δ
904 2378 921 2403 ε
941 2367 1014 2403 τοῦ
1026 2362 1198 2417 χώρουκ
1214 2381 1245 2404 τ.
1258 2369 1318 2405 λ.-
1347 2379 1447 2418 quae

782 2419 1027 2471 parenthesin
1060 2423 1168 2474 quasi
1197 2425 1444 2473 constituunt,

785 2478 927 2528 quippe
958 2478 1176 2529 explicandi
1208 2493 1320 2517 causa
1339 2481 1446 2531 prio-

783 2534 887 2571 ribus
908 2533 1047 2572 addita.
1070 2536 1258 2573 Voculam
1278 2533 1443 2588 μισθὸν,

784 2603 902 2642 quam
940 2593 1110 2643 spurIam
1136 2591 1270 2630 habuit
1300 2592 1448 2631 Sohae-

782 2647 883 2685 ferus
903 2650 1010 2685 uncis
1038 2649 1259 2697 includens,
1291 2650 1444 2686 caucel-

779 2704 824 2741 lis
852 2705 1010 2743 liberavi
1040 2713 1082 2743 ut
1111 2709 1282 2743 maxime
1310 2719 1444 2743 sanam

783 2767 820 2797 et
861 2763 1037 2798 omnium
1076 2762 1188 2799 codd.
1221 2765 1444 2800 auctoritate

781 2818 996 2868 probatam.
1027 2820 1161 2871 Neque
1172 2833 1326 2857 necesse
1336 2827 1442 2871 pute,

1092 2872 1164 2916 δὲ·
