<?xml version="1.0" encoding="UTF-8"?>
<!DOCTYPE html PUBLIC "-//W3C//DTD XHTML 1.0 Transitional//EN"
    "http://www.w3.org/TR/xhtml1/DTD/xhtml1-transitional.dtd">
<html xmlns="http://www.w3.org/1999/xhtml" xml:lang="en" lang="en">
 <head>
  <title>
</title>
<meta http-equiv="Content-Type" content="text/html;charset=utf-8" />
  <meta name='ocr-system' content='tesseract 3.04.00' />
  <meta name='ocr-capabilities' content='ocr_page ocr_carea ocr_par ocr_line ocrx_word'/>
</head>
<body>
  <div class='ocr_page' id='page_1' title='image "./musaeherodoto03hero/musaeherodoto03hero_0773.png"; bbox 0 0 1789 3213; ppageno 0'>
   <div class='ocr_carea' id='block_1_1' title="bbox 127 216 1459 652">
    <p class='ocr_par' dir='ltr' id='par_1_1' title="bbox 127 216 1459 652">
     <span class='ocr_line' id='line_1_1' title="bbox 465 216 1403 257; baseline 0.004 -4"><span class='ocrx_word' id='word_1_1' title='bbox 465 217 923 255; x_wconf 84' lang='lat' dir='ltr'><strong>POLYMNlA</strong></span> <span class='ocrx_word' id='word_1_2' title='bbox 981 216 1077 254; x_wconf 88' lang='lat' dir='ltr'>VII.</span> <span class='ocrx_word' id='word_1_3' title='bbox 1320 216 1403 257; x_wconf 72' lang='lat'>757</span> 
     </span>
     <span class='ocr_line' id='line_1_2' title="bbox 155 319 1403 381; baseline -0.002 -13"><span class='ocrx_word' id='word_1_4' title='bbox 155 327 336 368; x_wconf 80' lang='grc' dir='ltr'>τοιαῦτα</span> <span class='ocrx_word' id='word_1_5' title='bbox 374 324 594 380; x_wconf 79' lang='grc' dir='ltr'><em>ποιήσειν·</em></span> <span class='ocrx_word' id='word_1_6' title='bbox 651 319 706 381; x_wconf 81' lang='grc' dir='ltr'>ἦν</span> <span class='ocrx_word' id='word_1_7' title='bbox 745 323 829 381; x_wconf 69' lang='grc' dir='ltr'>γάρ</span> <span class='ocrx_word' id='word_1_8' title='bbox 860 325 968 369; x_wconf 74' lang='grc' dir='ltr'>κατα</span> <span class='ocrx_word' id='word_1_9' title='bbox 997 322 1135 368; x_wconf 84' lang='grc' dir='ltr'>τωύτὸ</span> <span class='ocrx_word' id='word_1_10' title='bbox 1172 322 1403 378; x_wconf 81' lang='grc' dir='ltr'>Ὀλυμπιὰς</span> 
     </span>
     <span class='ocr_line' id='line_1_3' title="bbox 127 390 1403 449; baseline 0 -15"><span class='ocrx_word' id='word_1_11' title='bbox 127 393 352 436; x_wconf 84' lang='grc' dir='ltr'>4τούτοισι</span> <span class='ocrx_word' id='word_1_12' title='bbox 379 397 490 436; x_wconf 87' lang='grc' dir='ltr'>τοῖσι</span> <span class='ocrx_word' id='word_1_13' title='bbox 511 392 731 449; x_wconf 79' lang='grc' dir='ltr'><em>πρήγμασι</em></span> <span class='ocrx_word' id='word_1_14' title='bbox 761 396 1054 448; x_wconf 85' lang='grc' dir='ltr'>συμπεσοῦσα.</span> <span class='ocrx_word' id='word_1_15' title='bbox 1116 390 1262 435; x_wconf 81' lang='grc' dir='ltr'>οὔκων</span> <span class='ocrx_word' id='word_1_16' title='bbox 1283 391 1403 434; x_wconf 86' lang='grc' dir='ltr'>δοκέ-</span> 
     </span>
     <span class='ocr_line' id='line_1_4' title="bbox 153 458 1459 515; baseline -0.003 -11"><span class='ocrx_word' id='word_1_17' title='bbox 153 476 273 512; x_wconf 83' lang='grc' dir='ltr'>οντες</span> <span class='ocrx_word' id='word_1_18' title='bbox 299 458 408 504; x_wconf 76' lang='grc' dir='ltr'>κατὰ</span> <span class='ocrx_word' id='word_1_19' title='bbox 437 458 566 515; x_wconf 78' lang='grc' dir='ltr'>τάχος</span> <span class='ocrx_word' id='word_1_20' title='bbox 584 459 700 504; x_wconf 86' lang='grc' dir='ltr'>οὕτω</span> <span class='ocrx_word' id='word_1_21' title='bbox 731 460 1091 515; x_wconf 80' lang='grc' dir='ltr'>διακριθήσεσθαι</span> <span class='ocrx_word' id='word_1_22' title='bbox 1120 458 1199 502; x_wconf 82' lang='grc' dir='ltr'>τόν</span> <span class='ocrx_word' id='word_1_23' title='bbox 1226 458 1272 502; x_wconf 81' lang='grc' dir='ltr'>έν</span> <span class='ocrx_word' id='word_1_24' title='bbox 1305 462 1459 512; x_wconf 86' lang='grc' dir='ltr'>Θερ-50</span> 
     </span>
     <span class='ocr_line' id='line_1_5' title="bbox 150 521 1403 584; baseline -0.001 -13"><span class='ocrx_word' id='word_1_25' title='bbox 150 527 371 584; x_wconf 81' lang='grc' dir='ltr'>μοπύλῃσι</span> <span class='ocrx_word' id='word_1_26' title='bbox 398 526 600 582; x_wconf 86' lang='grc' dir='ltr'>πόλεμον,</span> <span class='ocrx_word' id='word_1_27' title='bbox 630 528 819 583; x_wconf 76' lang='grc' dir='ltr'>ἔπεμπον</span> <span class='ocrx_word' id='word_1_28' title='bbox 848 527 951 578; x_wconf 78' lang='grc' dir='ltr'>τούς</span> <span class='ocrx_word' id='word_1_29' title='bbox 982 526 1276 583; x_wconf 80' lang='grc' dir='ltr'><em>προδρόμους.</em></span> <span class='ocrx_word' id='word_1_30' title='bbox 1318 521 1403 570; x_wconf 77' lang='grc' dir='ltr'>οὗ-</span> 
     </span>
     <span class='ocr_line' id='line_1_6' title="bbox 150 593 1091 652; baseline -0.002 -14"><span class='ocrx_word' id='word_1_31' title='bbox 150 611 218 639; x_wconf 92' lang='grc' dir='ltr'>τοι</span> <span class='ocrx_word' id='word_1_32' title='bbox 245 595 324 652; x_wconf 76' lang='grc' dir='ltr'>μὲν</span> <span class='ocrx_word' id='word_1_33' title='bbox 357 594 410 650; x_wconf 82' lang='grc' dir='ltr'>δή</span> <span class='ocrx_word' id='word_1_34' title='bbox 442 594 556 638; x_wconf 83' lang='grc' dir='ltr'>οὕτω</span> <span class='ocrx_word' id='word_1_35' title='bbox 587 597 841 639; x_wconf 72' lang='grc' dir='ltr'>διενένωντο</span> <span class='ocrx_word' id='word_1_36' title='bbox 882 593 1091 651; x_wconf 84' lang='grc' dir='ltr'>ποιήσειν.</span> 
     </span>
    </p>
   </div>
   <div class='ocr_carea' id='block_1_2' title="bbox 1456 674 1730 778">
    <p class='ocr_par' dir='ltr' id='par_1_2' title="bbox 1456 674 1730 771">
     <span class='ocr_line' id='line_1_7' title="bbox 1456 674 1698 704; baseline 0.004 -1"><span class='ocrx_word' id='word_1_37' title='bbox 1456 674 1611 703; x_wconf 76' lang='lat' dir='ltr'>Leonidae</span> <span class='ocrx_word' id='word_1_38' title='bbox 1636 684 1698 704; x_wconf 84' lang='lat' dir='ltr'>ma-</span> 
     </span>
     <span class='ocr_line' id='line_1_8' title="bbox 1461 710 1730 750; baseline 0.004 -14"><span class='ocrx_word' id='word_1_39' title='bbox 1461 710 1632 750; x_wconf 79' lang='lat' dir='ltr'>gnanimum</span> <span class='ocrx_word' id='word_1_40' title='bbox 1661 719 1730 737; x_wconf 83' lang='lat' dir='ltr'>con-</span> 
     </span>
     <span class='ocr_line' id='line_1_9' title="bbox 1458 744 1730 778; baseline 0.004 -8"><span class='ocrx_word' id='word_1_41' title='bbox 1458 744 1571 778; x_wconf 78' lang='lat' dir='ltr'>silium,</span> <span class='ocrx_word' id='word_1_42' title='bbox 1599 744 1730 771; x_wconf 77' lang='lat' dir='ltr'>caeteris</span> 
     </span>
    </p>
   </div>
   <div class='ocr_carea' id='block_1_3' title="bbox 120 682 1729 1216">
    <p class='ocr_par' dir='ltr' id='par_1_3' title="bbox 120 682 1716 1216">
     <span class='ocr_line' id='line_1_10' title="bbox 235 682 1400 742; baseline -0.001 -15"><span class='ocrx_word' id='word_1_43' title='bbox 235 685 290 728; x_wconf 84' lang='grc' dir='ltr'>Οἱ</span> <span class='ocrx_word' id='word_1_44' title='bbox 315 685 362 728; x_wconf 78' lang='grc' dir='ltr'>δὲ</span> <span class='ocrx_word' id='word_1_45' title='bbox 391 686 438 729; x_wconf 78' lang='grc' dir='ltr'>ἐν</span> <span class='ocrx_word' id='word_1_46' title='bbox 472 684 776 742; x_wconf 76' lang='grc' dir='ltr'>Θερμοπύλῃσι</span> <span class='ocrx_word' id='word_1_47' title='bbox 795 683 1009 741; x_wconf 79' lang='grc' dir='ltr'>ΙἝλληνες,</span> <span class='ocrx_word' id='word_1_48' title='bbox 1039 683 1184 739; x_wconf 81' lang='grc' dir='ltr'>ἐπειδὴ</span> <span class='ocrx_word' id='word_1_49' title='bbox 1202 684 1332 734; x_wconf 82' lang='grc' dir='ltr'>πέλας</span> <span class='ocrx_word' id='word_1_50' title='bbox 1361 682 1400 726; x_wconf 87' lang='grc' dir='ltr'>έ-</span> 
     </span>
     <span class='ocr_line' id='line_1_11' title="bbox 148 749 1688 813; baseline -0.002 -19"><span class='ocrx_word' id='word_1_51' title='bbox 148 750 294 807; x_wconf 75' lang='grc' dir='ltr'>γένετο</span> <span class='ocrx_word' id='word_1_52' title='bbox 330 755 407 808; x_wconf 85' lang='grc' dir='ltr'>τῆς</span> <span class='ocrx_word' id='word_1_53' title='bbox 443 752 623 809; x_wconf 79' lang='grc' dir='ltr'>ἐσβολῆς</span> <span class='ocrx_word' id='word_1_54' title='bbox 661 751 683 796; x_wconf 90' lang='grc' dir='ltr'>ὁ</span> <span class='ocrx_word' id='word_1_55' title='bbox 716 752 899 808; x_wconf 80' lang='grc' dir='ltr'>Πέρσης,</span> <span class='ocrx_word' id='word_1_56' title='bbox 928 751 1326 807; x_wconf 71' lang='grc' dir='ltr'>καταρρωδέοντες,</span> <span class='ocrx_word' id='word_1_57' title='bbox 1366 749 1402 792; x_wconf 85' lang='grc' dir='ltr'>έ-</span> <span class='ocrx_word' id='word_1_58' title='bbox 1458 764 1658 813; x_wconf 59' lang='lat' dir='ltr'>Peloponne</span> <span class='ocrx_word' id='word_1_59' title='bbox 1652 778 1688 804; x_wconf 53' lang='lat' dir='ltr'>is</span> 
     </span>
     <span class='ocr_line' id='line_1_12' title="bbox 120 811 1713 880; baseline -0.002 -19"><span class='ocrx_word' id='word_1_60' title='bbox 120 817 418 875; x_wconf 70' lang='grc' dir='ltr'>Ξβουλεύοντο</span> <span class='ocrx_word' id='word_1_61' title='bbox 447 821 546 875; x_wconf 87' lang='grc' dir='ltr'>περὶ</span> <span class='ocrx_word' id='word_1_62' title='bbox 573 819 830 877; x_wconf 79' lang='grc' dir='ltr'>ἀπαλλαγῆς·</span> <span class='ocrx_word' id='word_1_63' title='bbox 888 824 1001 864; x_wconf 87' lang='grc' dir='ltr'>τοῖσι</span> <span class='ocrx_word' id='word_1_64' title='bbox 1021 818 1100 874; x_wconf 90' lang='grc' dir='ltr'>μέν</span> <span class='ocrx_word' id='word_1_65' title='bbox 1120 835 1203 861; x_wconf 90' lang='grc' dir='ltr'>νυν</span> <span class='ocrx_word' id='word_1_66' title='bbox 1234 815 1403 861; x_wconf 77' lang='grc' dir='ltr'>ἄλλοισι</span> <span class='ocrx_word' id='word_1_67' title='bbox 1415 811 1713 880; x_wconf 44' lang='grc' dir='ltr'>ὅόξξὶἱῖωῶῗζζῗξξ</span> 
     </span>
     <span class='ocr_line' id='line_1_13' title="bbox 150 879 1729 949; baseline -0.002 -19"><span class='ocrx_word' id='word_1_68' title='bbox 150 890 541 945; x_wconf 85' lang='grc' dir='ltr'>Πελοποννησίοισι</span> <span class='ocrx_word' id='word_1_69' title='bbox 569 887 712 933; x_wconf 79' lang='grc' dir='ltr'>ἐδόκεε</span> <span class='ocrx_word' id='word_1_70' title='bbox 722 919 733 940; x_wconf 94' lang='grc'>,</span> <span class='ocrx_word' id='word_1_71' title='bbox 767 888 947 931; x_wconf 77' lang='grc' dir='ltr'>ἐλθοῦσι</span> <span class='ocrx_word' id='word_1_72' title='bbox 975 887 1017 938; x_wconf 79' lang='grc' dir='ltr'>ἐς</span> <span class='ocrx_word' id='word_1_73' title='bbox 1048 886 1401 941; x_wconf 83' lang='grc' dir='ltr'>Πελοπόννησον,</span> <span class='ocrx_word' id='word_1_74' title='bbox 1459 879 1654 949; x_wconf 55' lang='lat' dir='ltr'>ssffigffiifflffi</span> <span class='ocrx_word' id='word_1_75' title='bbox 1680 886 1729 914; x_wconf 78' lang='lat'>⁰1&#39;</span> 
     </span>
     <span class='ocr_line' id='line_1_14' title="bbox 148 954 1402 1013; baseline -0.002 -15"><span class='ocrx_word' id='word_1_76' title='bbox 148 954 225 999; x_wconf 81' lang='grc' dir='ltr'>τὸν</span> <span class='ocrx_word' id='word_1_77' title='bbox 259 954 432 1012; x_wconf 81' lang='grc' dir='ltr'>Ἰσθμὸν</span> <span class='ocrx_word' id='word_1_78' title='bbox 469 956 578 1013; x_wconf 74' lang='grc' dir='ltr'>ἔχειν</span> <span class='ocrx_word' id='word_1_79' title='bbox 617 957 664 1000; x_wconf 86' lang='grc' dir='ltr'>έν</span> <span class='ocrx_word' id='word_1_80' title='bbox 694 959 891 1012; x_wconf 83' lang='grc' dir='ltr'>φυλακῇ·</span> <span class='ocrx_word' id='word_1_81' title='bbox 950 956 1171 1011; x_wconf 84' lang='grc' dir='ltr'>Λεωνίδης</span> <span class='ocrx_word' id='word_1_82' title='bbox 1201 954 1270 1005; x_wconf 79' lang='grc' dir='ltr'>δὲ,</span> <span class='ocrx_word' id='word_1_83' title='bbox 1304 956 1402 995; x_wconf 90' lang='grc' dir='ltr'>Φω-</span> 
     </span>
     <span class='ocr_line' id='line_1_15' title="bbox 146 1019 1401 1079; baseline -0.002 -14"><span class='ocrx_word' id='word_1_84' title='bbox 146 1021 259 1065; x_wconf 84' lang='grc' dir='ltr'>κέων</span> <span class='ocrx_word' id='word_1_85' title='bbox 286 1023 360 1066; x_wconf 81' lang='grc' dir='ltr'>καὶ</span> <span class='ocrx_word' id='word_1_86' title='bbox 388 1027 574 1079; x_wconf 78' lang='grc' dir='ltr'>Λοκρῶν</span> <span class='ocrx_word' id='word_1_87' title='bbox 602 1023 999 1079; x_wconf 79' lang='grc' dir='ltr'>περισπερχεόντων</span> <span class='ocrx_word' id='word_1_88' title='bbox 1028 1025 1081 1079; x_wconf 85' lang='grc' dir='ltr'>τῇ</span> <span class='ocrx_word' id='word_1_89' title='bbox 1109 1021 1262 1078; x_wconf 75' lang='grc' dir='ltr'>γνώμῃ</span> <span class='ocrx_word' id='word_1_90' title='bbox 1295 1019 1401 1064; x_wconf 83' lang='grc' dir='ltr'>ταύ-</span> 
     </span>
     <span class='ocr_line' id='line_1_16' title="bbox 146 1087 1405 1147; baseline -0.002 -15"><span class='ocrx_word' id='word_1_91' title='bbox 146 1106 213 1145; x_wconf 83' lang='grc' dir='ltr'>τῃ,</span> <span class='ocrx_word' id='word_1_92' title='bbox 242 1087 382 1133; x_wconf 78' lang='grc' dir='ltr'>αὐτοῦ</span> <span class='ocrx_word' id='word_1_93' title='bbox 409 1107 454 1134; x_wconf 82' lang='grc' dir='ltr'>τε</span> <span class='ocrx_word' id='word_1_94' title='bbox 479 1091 623 1146; x_wconf 86' lang='grc' dir='ltr'>μένειν</span> <span class='ocrx_word' id='word_1_95' title='bbox 652 1091 896 1147; x_wconf 79' lang='grc' dir='ltr'>ἐψηφίζετο,</span> <span class='ocrx_word' id='word_1_96' title='bbox 925 1091 1106 1147; x_wconf 79' lang='grc' dir='ltr'>πέμπειν</span> <span class='ocrx_word' id='word_1_97' title='bbox 1134 1106 1178 1134; x_wconf 87' lang='grc' dir='ltr'>τε</span> <span class='ocrx_word' id='word_1_98' title='bbox 1199 1087 1405 1145; x_wconf 80' lang='grc' dir='ltr'>ἀγγέλους</span> 
     </span>
     <span class='ocr_line' id='line_1_17' title="bbox 147 1154 1544 1216; baseline -0.001 -16"><span class='ocrx_word' id='word_1_99' title='bbox 147 1155 191 1207; x_wconf 79' lang='grc' dir='ltr'>ἐς</span> <span class='ocrx_word' id='word_1_100' title='bbox 225 1155 306 1207; x_wconf 78' lang='grc' dir='ltr'>τοὶς</span> <span class='ocrx_word' id='word_1_101' title='bbox 335 1157 511 1211; x_wconf 87' lang='grc' dir='ltr'>πόλιας,</span> <span class='ocrx_word' id='word_1_102' title='bbox 542 1157 798 1210; x_wconf 78' lang='grc' dir='ltr'>κελεύοντάς</span> <span class='ocrx_word' id='word_1_103' title='bbox 839 1170 917 1214; x_wconf 83' lang='grc' dir='ltr'>σφι</span> <span class='ocrx_word' id='word_1_104' title='bbox 948 1157 1239 1216; x_wconf 80' lang='grc' dir='ltr'>ἐπιβοηθέειν,</span> <span class='ocrx_word' id='word_1_105' title='bbox 1271 1157 1328 1207; x_wconf 80' lang='grc' dir='ltr'>ὠς</span> <span class='ocrx_word' id='word_1_106' title='bbox 1358 1154 1544 1199; x_wconf 76' lang='grc' dir='ltr'>έ-60602</span> 
     </span>
    </p>
   </div>
   <div class='ocr_carea' id='block_1_4' title="bbox 0 681 84 727">
    <p class='ocr_par' dir='ltr' id='par_1_4' title="bbox 0 681 84 727">
     <span class='ocr_line' id='line_1_18' title="bbox 0 681 84 727; baseline 0.012 -1"><span class='ocrx_word' id='word_1_107' title='bbox 0 681 84 727; x_wconf 69' lang='grc' dir='ltr'>ζθῗ</span> 
     </span>
    </p>
   </div>
   <div class='ocr_carea' id='block_1_5' title="bbox 96 1277 364 1285">
    <p class='ocr_par' dir='ltr' id='par_1_5' title="bbox 96 1277 364 1285">
     <span class='ocr_line' id='line_1_19' title="bbox 96 1277 364 1285; baseline 0 0"><span class='ocrx_word' id='word_1_108' title='bbox 96 1277 364 1285; x_wconf 95' lang='lat' dir='ltr'> </span> 
     </span>
    </p>
   </div>
   <div class='ocr_carea' id='block_1_6' title="bbox 147 1348 745 1406">
    <p class='ocr_par' dir='ltr' id='par_1_6' title="bbox 147 1348 745 1406">
     <span class='ocr_line' id='line_1_20' title="bbox 147 1348 745 1406; baseline 0.002 -13"><span class='ocrx_word' id='word_1_109' title='bbox 147 1348 203 1405; x_wconf 74' lang='grc' dir='ltr'>ἦν</span> <span class='ocrx_word' id='word_1_110' title='bbox 225 1351 300 1406; x_wconf 75' lang='grc' dir='ltr'>γὰρ</span> <span class='ocrx_word' id='word_1_111' title='bbox 318 1349 419 1394; x_wconf 72' lang='grc' dir='ltr'>κατι-ἒ</span> <span class='ocrx_word' id='word_1_112' title='bbox 440 1349 565 1394; x_wconf 73' lang='grc' dir='ltr'>τῶυτὸ</span> <span class='ocrx_word' id='word_1_113' title='bbox 579 1365 745 1406; x_wconf 86' lang='grc' dir='ltr'>-συμ-</span> 
     </span>
    </p>
   </div>
   <div class='ocr_carea' id='block_1_7' title="bbox 49 1407 744 1460">
    <p class='ocr_par' dir='ltr' id='par_1_7' title="bbox 49 1407 744 1460">
     <span class='ocr_line' id='line_1_21' title="bbox 49 1407 744 1460; baseline 0.007 -14"><span class='ocrx_word' id='word_1_114' title='bbox 49 1416 55 1419; x_wconf 37' lang='lat' dir='ltr'><em>s</em></span> <span class='ocrx_word' id='word_1_115' title='bbox 89 1412 285 1460; x_wconf 78' lang='grc' dir='ltr'>πεσοῦσα]</span> <span class='ocrx_word' id='word_1_116' title='bbox 330 1412 388 1447; x_wconf 90' lang='lat' dir='ltr'>De</span> <span class='ocrx_word' id='word_1_117' title='bbox 419 1408 549 1447; x_wconf 73' lang='lat' dir='ltr'>dativis</span> <span class='ocrx_word' id='word_1_118' title='bbox 570 1407 744 1451; x_wconf 78' lang='grc' dir='ltr'>τούτοισι</span> 
     </span>
    </p>
   </div>
   <div class='ocr_carea' id='block_1_8' title="bbox 83 1462 746 2868">
    <p class='ocr_par' dir='ltr' id='par_1_8' title="bbox 83 1462 746 2868">
     <span class='ocr_line' id='line_1_22' title="bbox 89 1462 743 1518; baseline 0 -14"><span class='ocrx_word' id='word_1_119' title='bbox 89 1470 191 1506; x_wconf 91' lang='grc' dir='ltr'>τοῖσι</span> <span class='ocrx_word' id='word_1_120' title='bbox 209 1462 414 1518; x_wconf 80' lang='grc' dir='ltr'>πρήγμασι</span> <span class='ocrx_word' id='word_1_121' title='bbox 428 1465 509 1503; x_wconf 72' lang='lat' dir='ltr'>vid:</span> <span class='ocrx_word' id='word_1_122' title='bbox 525 1466 660 1507; x_wconf 80' lang='lat' dir='ltr'>Matth.</span> <span class='ocrx_word' id='word_1_123' title='bbox 675 1469 743 1505; x_wconf 85' lang='lat' dir='ltr'>Gr.</span> 
     </span>
     <span class='ocr_line' id='line_1_23' title="bbox 90 1521 746 1571; baseline 0.003 -11"><span class='ocrx_word' id='word_1_124' title='bbox 90 1524 157 1561; x_wconf 84' lang='lat' dir='ltr'>Gr.</span> <span class='ocrx_word' id='word_1_125' title='bbox 179 1524 216 1569; x_wconf 65' lang='grc' dir='ltr'>ξ.</span> <span class='ocrx_word' id='word_1_126' title='bbox 238 1523 330 1571; x_wconf 81' lang='grc'>385,</span> <span class='ocrx_word' id='word_1_127' title='bbox 355 1527 375 1564; x_wconf 85' lang='lat'>1</span> <span class='ocrx_word' id='word_1_128' title='bbox 399 1529 435 1559; x_wconf 86' lang='lat' dir='ltr'>et</span> <span class='ocrx_word' id='word_1_129' title='bbox 456 1522 502 1559; x_wconf 85' lang='lat' dir='ltr'>cle</span> <span class='ocrx_word' id='word_1_130' title='bbox 517 1525 653 1560; x_wconf 81' lang='lat' dir='ltr'>vocula</span> <span class='ocrx_word' id='word_1_131' title='bbox 674 1521 746 1564; x_wconf 77' lang='grc' dir='ltr'>οὕ-</span> 
     </span>
     <span class='ocr_line' id='line_1_24' title="bbox 87 1578 741 1630; baseline -0.002 -12"><span class='ocrx_word' id='word_1_132' title='bbox 87 1594 141 1618; x_wconf 88' lang='grc' dir='ltr'>τω</span> <span class='ocrx_word' id='word_1_133' title='bbox 162 1581 368 1630; x_wconf 87' lang='lat' dir='ltr'>postposita</span> <span class='ocrx_word' id='word_1_134' title='bbox 387 1578 571 1616; x_wconf 81' lang='lat' dir='ltr'>Herodot.</span> <span class='ocrx_word' id='word_1_135' title='bbox 605 1581 668 1628; x_wconf 75' lang='lat' dir='ltr'>VI,</span> <span class='ocrx_word' id='word_1_136' title='bbox 705 1583 741 1620; x_wconf 84' lang='lat'>3.</span> 
     </span>
     <span class='ocr_line' id='line_1_25' title="bbox 87 1635 743 1686; baseline 0 -14"><span class='ocrx_word' id='word_1_137' title='bbox 87 1635 150 1672; x_wconf 91' lang='lat' dir='ltr'>Ad</span> <span class='ocrx_word' id='word_1_138' title='bbox 170 1643 440 1686; x_wconf 81' lang='lat' dir='ltr'>argumentum</span> <span class='ocrx_word' id='word_1_139' title='bbox 454 1637 528 1672; x_wconf 91' lang='lat' dir='ltr'>loci</span> <span class='ocrx_word' id='word_1_140' title='bbox 539 1637 591 1672; x_wconf 87' lang='lat' dir='ltr'>sic</span> <span class='ocrx_word' id='word_1_141' title='bbox 613 1635 743 1686; x_wconf 89' lang='lat' dir='ltr'>dispu-</span> 
     </span>
     <span class='ocr_line' id='line_1_26' title="bbox 87 1691 744 1740; baseline 0 -11"><span class='ocrx_word' id='word_1_142' title='bbox 87 1699 141 1729; x_wconf 83' lang='lat' dir='ltr'>tat</span> <span class='ocrx_word' id='word_1_143' title='bbox 166 1691 472 1740; x_wconf 82' lang='lat' dir='ltr'>Wesseling..·</span> <span class='ocrx_word' id='word_1_144' title='bbox 504 1693 606 1728; x_wconf 89' lang='lat' dir='ltr'>Anni</span> <span class='ocrx_word' id='word_1_145' title='bbox 626 1699 744 1729; x_wconf 83' lang='lat' dir='ltr'>aestas</span> 
     </span>
     <span class='ocr_line' id='line_1_27' title="bbox 88 1744 744 1800; baseline 0.003 -15"><span class='ocrx_word' id='word_1_146' title='bbox 88 1755 167 1786; x_wconf 87' lang='lat' dir='ltr'>erat</span> <span class='ocrx_word' id='word_1_147' title='bbox 196 1747 350 1796; x_wconf 86' lang='lat' dir='ltr'>media,</span> <span class='ocrx_word' id='word_1_148' title='bbox 381 1750 453 1799; x_wconf 80' lang='grc' dir='ltr'>τῆς</span> <span class='ocrx_word' id='word_1_149' title='bbox 485 1744 592 1800; x_wconf 70' lang='grc' dir='ltr'>ὥρης</span> <span class='ocrx_word' id='word_1_150' title='bbox 623 1747 744 1800; x_wconf 87' lang='grc' dir='ltr'>μέσον</span> 
     </span>
     <span class='ocr_line' id='line_1_28' title="bbox 86 1803 745 1857; baseline -0.006 -13"><span class='ocrx_word' id='word_1_151' title='bbox 86 1803 207 1856; x_wconf 84' lang='grc' dir='ltr'>θέρος</span> <span class='ocrx_word' id='word_1_152' title='bbox 216 1806 386 1853; x_wconf 78' lang='lat' dir='ltr'>VIII,12‚</span> <span class='ocrx_word' id='word_1_153' title='bbox 394 1805 434 1840; x_wconf 85' lang='lat' dir='ltr'>iu</span> <span class='ocrx_word' id='word_1_154' title='bbox 446 1817 560 1857; x_wconf 84' lang='lat' dir='ltr'>quam</span> <span class='ocrx_word' id='word_1_155' title='bbox 574 1812 610 1841; x_wconf 86' lang='lat' dir='ltr'>et</span> <span class='ocrx_word' id='word_1_156' title='bbox 626 1806 745 1855; x_wconf 83' lang='lat' dir='ltr'>Spar-</span> 
     </span>
     <span class='ocr_line' id='line_1_29' title="bbox 85 1861 743 1911; baseline -0.002 -13"><span class='ocrx_word' id='word_1_157' title='bbox 85 1868 265 1898; x_wconf 85' lang='lat' dir='ltr'>tanorum</span> <span class='ocrx_word' id='word_1_158' title='bbox 304 1861 441 1898; x_wconf 84' lang='lat' dir='ltr'>Oarnia</span> <span class='ocrx_word' id='word_1_159' title='bbox 474 1868 510 1897; x_wconf 88' lang='lat' dir='ltr'>et</span> <span class='ocrx_word' id='word_1_160' title='bbox 546 1861 743 1911; x_wconf 86' lang='lat' dir='ltr'>Olympias</span> 
     </span>
     <span class='ocr_line' id='line_1_30' title="bbox 84 1917 744 1954; baseline -0.002 0"><span class='ocrx_word' id='word_1_161' title='bbox 84 1918 230 1954; x_wconf 89' lang='lat' dir='ltr'><strong>LXXV</strong></span> <span class='ocrx_word' id='word_1_162' title='bbox 249 1917 504 1954; x_wconf 79' lang='lat' dir='ltr'>incurrebant.</span> <span class='ocrx_word' id='word_1_163' title='bbox 545 1917 681 1953; x_wconf 82' lang='lat' dir='ltr'>Carnia</span> <span class='ocrx_word' id='word_1_164' title='bbox 700 1918 744 1953; x_wconf 90' lang='lat' dir='ltr'>il-</span> 
     </span>
     <span class='ocr_line' id='line_1_31' title="bbox 86 1972 744 2024; baseline -0.002 -14"><span class='ocrx_word' id='word_1_165' title='bbox 86 1975 155 2022; x_wconf 89' lang='lat' dir='ltr'>los,</span> <span class='ocrx_word' id='word_1_166' title='bbox 187 1972 269 2010; x_wconf 85' lang='lat' dir='ltr'>ludi</span> <span class='ocrx_word' id='word_1_167' title='bbox 298 1974 487 2024; x_wconf 83' lang='lat' dir='ltr'>Olympici</span> <span class='ocrx_word' id='word_1_168' title='bbox 519 1980 662 2010; x_wconf 86' lang='lat' dir='ltr'>ceteros</span> <span class='ocrx_word' id='word_1_169' title='bbox 695 1987 744 2010; x_wconf 85' lang='lat' dir='ltr'>ex</span> 
     </span>
     <span class='ocr_line' id='line_1_32' title="bbox 86 2029 744 2080; baseline 0 -14"><span class='ocrx_word' id='word_1_170' title='bbox 86 2031 350 2080; x_wconf 85' lang='lat' dir='ltr'>Peloponneso</span> <span class='ocrx_word' id='word_1_171' title='bbox 372 2042 414 2066; x_wconf 89' lang='lat' dir='ltr'>ac</span> <span class='ocrx_word' id='word_1_172' title='bbox 436 2031 614 2079; x_wconf 78' lang='lat' dir='ltr'>Graecia,</span> <span class='ocrx_word' id='word_1_173' title='bbox 645 2029 744 2066; x_wconf 88' lang='lat' dir='ltr'>hosti</span> 
     </span>
     <span class='ocr_line' id='line_1_33' title="bbox 87 2087 746 2136; baseline 0 -14"><span class='ocrx_word' id='word_1_174' title='bbox 87 2100 137 2122; x_wconf 89' lang='lat' dir='ltr'>ne</span> <span class='ocrx_word' id='word_1_175' title='bbox 158 2087 310 2123; x_wconf 81' lang='lat' dir='ltr'>obviam</span> <span class='ocrx_word' id='word_1_176' title='bbox 331 2087 458 2123; x_wconf 82' lang='lat' dir='ltr'>cuncti</span> <span class='ocrx_word' id='word_1_177' title='bbox 478 2088 586 2134; x_wconf 87' lang='lat' dir='ltr'>irent,</span> <span class='ocrx_word' id='word_1_178' title='bbox 620 2087 746 2136; x_wconf 86' lang='lat' dir='ltr'>impe-</span> 
     </span>
     <span class='ocr_line' id='line_1_34' title="bbox 87 2141 746 2194; baseline 0.002 -16"><span class='ocrx_word' id='word_1_179' title='bbox 87 2141 251 2179; x_wconf 86' lang='lat' dir='ltr'>diebant.</span> <span class='ocrx_word' id='word_1_180' title='bbox 291 2144 364 2179; x_wconf 87' lang='lat' dir='ltr'>Res</span> <span class='ocrx_word' id='word_1_181' title='bbox 394 2141 442 2179; x_wconf 87' lang='lat' dir='ltr'>ad</span> <span class='ocrx_word' id='word_1_182' title='bbox 466 2142 746 2194; x_wconf 71' lang='lat' dir='ltr'>Thermopylas</span> 
     </span>
     <span class='ocr_line' id='line_1_35' title="bbox 86 2199 744 2249; baseline 0.003 -15"><span class='ocrx_word' id='word_1_183' title='bbox 86 2200 266 2249; x_wconf 87' lang='lat' dir='ltr'>opinione</span> <span class='ocrx_word' id='word_1_184' title='bbox 277 2200 383 2235; x_wconf 88' lang='lat' dir='ltr'>citius</span> <span class='ocrx_word' id='word_1_185' title='bbox 391 2199 462 2235; x_wconf 75' lang='lat' dir='ltr'>fuit</span> <span class='ocrx_word' id='word_1_186' title='bbox 471 2206 621 2249; x_wconf 83' lang='lat' dir='ltr'>peracta</span> <span class='ocrx_word' id='word_1_187' title='bbox 632 2201 744 2247; x_wconf 65' lang='lat' dir='ltr'>etjsub</span> 
     </span>
     <span class='ocr_line' id='line_1_36' title="bbox 86 2254 745 2306; baseline 0 -15"><span class='ocrx_word' id='word_1_188' title='bbox 86 2257 211 2306; x_wconf 86' lang='lat' dir='ltr'>ipsum</span> <span class='ocrx_word' id='word_1_189' title='bbox 242 2254 397 2306; x_wconf 86' lang='lat' dir='ltr'>quidem</span> <span class='ocrx_word' id='word_1_190' title='bbox 434 2255 615 2292; x_wconf 85' lang='lat' dir='ltr'>ludorum</span> <span class='ocrx_word' id='word_1_191' title='bbox 645 2263 745 2292; x_wconf 88' lang='lat' dir='ltr'>tem—</span> 
     </span>
     <span class='ocr_line' id='line_1_37' title="bbox 83 2311 743 2362; baseline 0.003 -15"><span class='ocrx_word' id='word_1_192' title='bbox 83 2324 177 2362; x_wconf 86' lang='lat' dir='ltr'>pus:</span> <span class='ocrx_word' id='word_1_193' title='bbox 217 2324 309 2347; x_wconf 87' lang='lat' dir='ltr'>nam</span> <span class='ocrx_word' id='word_1_194' title='bbox 329 2311 510 2362; x_wconf 85' lang='lat' dir='ltr'><strong>perfugae</strong></span> <span class='ocrx_word' id='word_1_195' title='bbox 532 2326 580 2348; x_wconf 80' lang='lat' dir='ltr'>ex</span> <span class='ocrx_word' id='word_1_196' title='bbox 596 2325 639 2348; x_wconf 84' lang='lat' dir='ltr'>ea</span> <span class='ocrx_word' id='word_1_197' title='bbox 663 2313 743 2349; x_wconf 86' lang='lat' dir='ltr'>cla-</span> 
     </span>
     <span class='ocr_line' id='line_1_38' title="bbox 87 2366 742 2419; baseline 0.005 -16"><span class='ocrx_word' id='word_1_198' title='bbox 87 2366 135 2404; x_wconf 86' lang='lat' dir='ltr'>de</span> <span class='ocrx_word' id='word_1_199' title='bbox 167 2367 332 2404; x_wconf 83' lang='lat' dir='ltr'><strong>Arcades</strong></span> <span class='ocrx_word' id='word_1_200' title='bbox 347 2398 356 2416; x_wconf 88' lang='lat'>‚</span> <span class='ocrx_word' id='word_1_201' title='bbox 379 2368 545 2419; x_wconf 76' lang='lat' dir='ltr'>Olympia</span> <span class='ocrx_word' id='word_1_202' title='bbox 565 2381 642 2405; x_wconf 83' lang='lat' dir='ltr'>cum</span> <span class='ocrx_word' id='word_1_203' title='bbox 662 2382 742 2406; x_wconf 85' lang='lat' dir='ltr'>ma-</span> 
     </span>
     <span class='ocr_line' id='line_1_39' title="bbox 85 2424 742 2475; baseline 0.006 -16"><span class='ocrx_word' id='word_1_204' title='bbox 85 2425 177 2460; x_wconf 73' lang='lat' dir='ltr'>xime</span> <span class='ocrx_word' id='word_1_205' title='bbox 214 2424 399 2472; x_wconf 81' lang='lat' dir='ltr'>celebrari,</span> <span class='ocrx_word' id='word_1_206' title='bbox 446 2427 678 2475; x_wconf 78' lang='lat' dir='ltr'>gymnz&#39;caque</span> <span class='ocrx_word' id='word_1_207' title='bbox 718 2439 742 2463; x_wconf 84' lang='lat' dir='ltr'><em>a</em></span> 
     </span>
     <span class='ocr_line' id='line_1_40' title="bbox 86 2480 740 2530; baseline 0.002 -13"><span class='ocrx_word' id='word_1_208' title='bbox 86 2480 232 2517; x_wconf 81' lang='lat' dir='ltr'>Graecis</span> <span class='ocrx_word' id='word_1_209' title='bbox 251 2483 404 2530; x_wconf 79' lang='lat' dir='ltr'>spectari</span> <span class='ocrx_word' id='word_1_210' title='bbox 430 2483 642 2529; x_wconf 82' lang='lat' dir='ltr'>certamina,</span> <span class='ocrx_word' id='word_1_211' title='bbox 675 2494 740 2518; x_wconf 90' lang='lat' dir='ltr'>ro-</span> 
     </span>
     <span class='ocr_line' id='line_1_41' title="bbox 86 2536 739 2588; baseline 0.006 -17"><span class='ocrx_word' id='word_1_212' title='bbox 86 2536 291 2585; x_wconf 84' lang='lat' dir='ltr'>gitantibus</span> <span class='ocrx_word' id='word_1_213' title='bbox 340 2538 464 2574; x_wconf 89' lang='lat' dir='ltr'>Persis</span> <span class='ocrx_word' id='word_1_214' title='bbox 509 2537 739 2588; x_wconf 83' lang='lat' dir='ltr'>respondent</span> 
     </span>
     <span class='ocr_line' id='line_1_42' title="bbox 85 2592 738 2644; baseline 0.003 -16"><span class='ocrx_word' id='word_1_215' title='bbox 85 2593 184 2638; x_wconf 90' lang='lat' dir='ltr'>VIII,</span> <span class='ocrx_word' id='word_1_216' title='bbox 206 2595 273 2633; x_wconf 82' lang='lat'>26.</span> <span class='ocrx_word' id='word_1_217' title='bbox 331 2592 430 2637; x_wconf 80' lang='lat' dir='ltr'>Quin</span> <span class='ocrx_word' id='word_1_218' title='bbox 457 2594 738 2644; x_wconf 80' lang='lat' dir='ltr'>Peloponnesii,</span> 
     </span>
     <span class='ocr_line' id='line_1_43' title="bbox 86 2647 739 2697; baseline 0.003 -12"><span class='ocrx_word' id='word_1_219' title='bbox 86 2647 214 2685; x_wconf 85' lang='lat' dir='ltr'>audita</span> <span class='ocrx_word' id='word_1_220' title='bbox 231 2647 424 2684; x_wconf 84' lang='lat' dir='ltr'>Leonidae</span> <span class='ocrx_word' id='word_1_221' title='bbox 440 2661 545 2697; x_wconf 78' lang='lat' dir='ltr'>nece,</span> <span class='ocrx_word' id='word_1_222' title='bbox 561 2651 626 2686; x_wconf 91' lang='lat' dir='ltr'>ubi</span> <span class='ocrx_word' id='word_1_223' title='bbox 646 2651 739 2687; x_wconf 82' lang='lat' dir='ltr'>Car-</span> 
     </span>
     <span class='ocr_line' id='line_1_44' title="bbox 85 2705 738 2755; baseline 0.003 -15"><span class='ocrx_word' id='word_1_224' title='bbox 85 2705 149 2741; x_wconf 88' lang='lat' dir='ltr'>nia</span> <span class='ocrx_word' id='word_1_225' title='bbox 180 2711 216 2741; x_wconf 88' lang='lat' dir='ltr'>et</span> <span class='ocrx_word' id='word_1_226' title='bbox 249 2705 424 2755; x_wconf 87' lang='lat' dir='ltr'>Olympia</span> <span class='ocrx_word' id='word_1_227' title='bbox 458 2707 738 2755; x_wconf 77' lang='lat' dir='ltr'>praeterierant,</span> 
     </span>
     <span class='ocr_line' id='line_1_45' title="bbox 86 2758 740 2813; baseline 0.003 -16"><span class='ocrx_word' id='word_1_228' title='bbox 86 2761 303 2813; x_wconf 85' lang='lat' dir='ltr'>frequentes</span> <span class='ocrx_word' id='word_1_229' title='bbox 315 2760 360 2797; x_wconf 85' lang='lat' dir='ltr'>ad</span> <span class='ocrx_word' id='word_1_230' title='bbox 373 2758 561 2798; x_wconf 87' lang='lat' dir='ltr'>Isthmum</span> <span class='ocrx_word' id='word_1_231' title='bbox 572 2762 642 2799; x_wconf 90' lang='lat' dir='ltr'>iter</span> <span class='ocrx_word' id='word_1_232' title='bbox 653 2775 740 2799; x_wconf 87' lang='lat' dir='ltr'>ma-</span> 
     </span>
     <span class='ocr_line' id='line_1_46' title="bbox 85 2815 586 2868; baseline 0.002 -14"><span class='ocrx_word' id='word_1_233' title='bbox 85 2823 270 2866; x_wconf 82' lang='lat' dir='ltr'>turarunt,</span> <span class='ocrx_word' id='word_1_234' title='bbox 301 2815 390 2856; x_wconf 91' lang='lat' dir='ltr'>ibid.</span> <span class='ocrx_word' id='word_1_235' title='bbox 414 2830 473 2868; x_wconf 87' lang='lat' dir='ltr'>cp.</span> <span class='ocrx_word' id='word_1_236' title='bbox 495 2819 586 2858; x_wconf 82' lang='lat'><strong>72.“</strong></span> 
     </span>
    </p>
   </div>
   <div class='ocr_carea' id='block_1_9' title="bbox 794 1352 1461 2815">
    <p class='ocr_par' dir='ltr' id='par_1_9' title="bbox 999 1352 1260 1404">
     <span class='ocr_line' id='line_1_47' title="bbox 999 1352 1260 1404; baseline -0.004 -14"><span class='ocrx_word' id='word_1_237' title='bbox 999 1353 1091 1404; x_wconf 83' lang='lat' dir='ltr'>cap.</span> <span class='ocrx_word' id='word_1_238' title='bbox 1114 1352 1260 1390; x_wconf 86' lang='lat' dir='ltr'>CCVII.</span> 
     </span>
    </p>

    <p class='ocr_par' dir='ltr' id='par_1_10' title="bbox 794 1405 1461 2815">
     <span class='ocr_line' id='line_1_48' title="bbox 856 1405 1460 1462; baseline -0.01 -11"><span class='ocrx_word' id='word_1_239' title='bbox 856 1405 1247 1462; x_wconf 83' lang='grc' dir='ltr'>περισπερχεόντων]</span> <span class='ocrx_word' id='word_1_240' title='bbox 1298 1405 1460 1458; x_wconf 85' lang='grc' dir='ltr'>σπερχέ-</span> 
     </span>
     <span class='ocr_line' id='line_1_49' title="bbox 804 1464 1459 1511; baseline -0.011 -5"><span class='ocrx_word' id='word_1_241' title='bbox 804 1482 861 1506; x_wconf 89' lang='grc' dir='ltr'>ειν</span> <span class='ocrx_word' id='word_1_242' title='bbox 889 1480 975 1504; x_wconf 87' lang='lat' dir='ltr'>cum</span> <span class='ocrx_word' id='word_1_243' title='bbox 1006 1480 1078 1503; x_wconf 85' lang='lat' dir='ltr'>nec</span> <span class='ocrx_word' id='word_1_244' title='bbox 1108 1465 1369 1502; x_wconf 84' lang='lat' dir='ltr'>Herodoteum</span> <span class='ocrx_word' id='word_1_245' title='bbox 1401 1464 1459 1511; x_wconf 84' lang='lat' dir='ltr'>sit,</span> 
     </span>
     <span class='ocr_line' id='line_1_50' title="bbox 801 1519 1459 1571; baseline -0.005 -11"><span class='ocrx_word' id='word_1_246' title='bbox 801 1538 873 1560; x_wconf 88' lang='lat' dir='ltr'>nec</span> <span class='ocrx_word' id='word_1_247' title='bbox 897 1525 1091 1570; x_wconf 78' lang='lat' dir='ltr'>Ionicum,</span> <span class='ocrx_word' id='word_1_248' title='bbox 1121 1521 1188 1559; x_wconf 87' lang='lat' dir='ltr'>sed</span> <span class='ocrx_word' id='word_1_249' title='bbox 1219 1519 1459 1571; x_wconf 71' lang='grc' dir='ltr'>σπέρχεσθαι</span> 
     </span>
     <span class='ocr_line' id='line_1_51' title="bbox 803 1575 1458 1629; baseline -0.008 -13"><span class='ocrx_word' id='word_1_250' title='bbox 803 1587 840 1616; x_wconf 86' lang='lat' dir='ltr'>et</span> <span class='ocrx_word' id='word_1_251' title='bbox 868 1581 1142 1629; x_wconf 79' lang='grc' dir='ltr'>σπερχ-θῆναι,</span> <span class='ocrx_word' id='word_1_252' title='bbox 1197 1576 1244 1614; x_wconf 82' lang='lat' dir='ltr'>de</span> <span class='ocrx_word' id='word_1_253' title='bbox 1275 1589 1350 1628; x_wconf 87' lang='lat' dir='ltr'>quo</span> <span class='ocrx_word' id='word_1_254' title='bbox 1382 1575 1458 1615; x_wconf 84' lang='lat' dir='ltr'>vid.</span> 
     </span>
     <span class='ocr_line' id='line_1_52' title="bbox 800 1634 1460 1684; baseline -0.006 -10"><span class='ocrx_word' id='word_1_255' title='bbox 800 1637 845 1684; x_wconf 85' lang='lat' dir='ltr'>V,</span> <span class='ocrx_word' id='word_1_256' title='bbox 863 1639 934 1680; x_wconf 79' lang='lat'>33,</span> <span class='ocrx_word' id='word_1_257' title='bbox 954 1634 1204 1672; x_wconf 81' lang='lat' dir='ltr'>Valckenaer.</span> <span class='ocrx_word' id='word_1_258' title='bbox 1221 1634 1372 1682; x_wconf 81' lang='lat' dir='ltr'>corrigit</span> <span class='ocrx_word' id='word_1_259' title='bbox 1389 1646 1460 1670; x_wconf 85' lang='grc' dir='ltr'>πε-</span> 
     </span>
     <span class='ocr_line' id='line_1_53' title="bbox 802 1688 1461 1745; baseline -0.011 -14"><span class='ocrx_word' id='word_1_260' title='bbox 802 1689 1142 1745; x_wconf 74' lang='grc' dir='ltr'>ρισπερχθέντωνε</span> <span class='ocrx_word' id='word_1_261' title='bbox 1201 1692 1321 1727; x_wconf 68' lang='lat' dir='ltr'>ceteris</span> <span class='ocrx_word' id='word_1_262' title='bbox 1355 1688 1461 1725; x_wconf 86' lang='lat' dir='ltr'>Pelo-</span> 
     </span>
     <span class='ocr_line' id='line_1_54' title="bbox 797 1747 1460 1800; baseline -0.003 -15"><span class='ocrx_word' id='word_1_263' title='bbox 797 1750 972 1800; x_wconf 74' lang='lat' dir='ltr'>ponnesiis·</span> <span class='ocrx_word' id='word_1_264' title='bbox 989 1749 1028 1784; x_wconf 88' lang='lat' dir='ltr'>ob</span> <span class='ocrx_word' id='word_1_265' title='bbox 1039 1750 1146 1785; x_wconf 80' lang='lat' dir='ltr'>istam</span> <span class='ocrx_word' id='word_1_266' title='bbox 1166 1747 1370 1783; x_wconf 81' lang='lat' dir='ltr'>sententiam</span> <span class='ocrx_word' id='word_1_267' title='bbox 1383 1757 1460 1783; x_wconf 78' lang='lat' dir='ltr'>cum</span> 
     </span>
     <span class='ocr_line' id='line_1_55' title="bbox 800 1802 1459 1852; baseline -0.008 -10"><span class='ocrx_word' id='word_1_268' title='bbox 800 1805 1009 1842; x_wconf 77' lang='lat' dir='ltr'>vehementer</span> <span class='ocrx_word' id='word_1_269' title='bbox 1037 1802 1300 1852; x_wconf 75' lang='lat' dir='ltr'>indignabundi</span> <span class='ocrx_word' id='word_1_270' title='bbox 1321 1814 1459 1838; x_wconf 80' lang='lat' dir='ltr'>succen-</span> 
     </span>
     <span class='ocr_line' id='line_1_56' title="bbox 802 1858 1456 1909; baseline -0.008 -11"><span class='ocrx_word' id='word_1_271' title='bbox 802 1863 950 1898; x_wconf 76' lang='lat' dir='ltr'>suissent</span> <span class='ocrx_word' id='word_1_272' title='bbox 970 1860 1161 1898; x_wconf 79' lang='lat' dir='ltr'>Phocenses</span> <span class='ocrx_word' id='word_1_273' title='bbox 1184 1863 1216 1896; x_wconf 79' lang='lat' dir='ltr'>et</span> <span class='ocrx_word' id='word_1_274' title='bbox 1226 1858 1338 1894; x_wconf 79' lang='lat' dir='ltr'>Locri</span> <span class='ocrx_word' id='word_1_275' title='bbox 1346 1871 1358 1901; x_wconf 92' lang='lat'><em>;</em></span> <span class='ocrx_word' id='word_1_276' title='bbox 1380 1870 1456 1909; x_wconf 86' lang='lat' dir='ltr'>quo</span> 
     </span>
     <span class='ocr_line' id='line_1_57' title="bbox 803 1915 1457 1986; baseline -0.008 -32"><span class='ocrx_word' id='word_1_277' title='bbox 803 1917 939 1954; x_wconf 86' lang='lat' dir='ltr'>eodem</span> <span class='ocrx_word' id='word_1_278' title='bbox 958 1930 1070 1986; x_wconf 69' lang='lat' dir='ltr'>sensu</span> <span class='ocrx_word' id='word_1_279' title='bbox 1091 1915 1362 1960; x_wconf 81' lang='lat' dir='ltr'>HerodotusH,</span> <span class='ocrx_word' id='word_1_280' title='bbox 1378 1917 1457 1955; x_wconf 85' lang='lat'>162</span> 
     </span>
     <span class='ocr_line' id='line_1_58' title="bbox 800 1969 1456 2040; baseline -0.014 -27"><span class='ocrx_word' id='word_1_281' title='bbox 800 1969 1067 2040; x_wconf 69' lang='grc' dir='ltr'>προθυμωςέ</span> <span class='ocrx_word' id='word_1_282' title='bbox 1052 1972 1187 2022; x_wconf 71' lang='grc' dir='ltr'>ἔχοντα</span> <span class='ocrx_word' id='word_1_283' title='bbox 1220 1978 1257 2008; x_wconf 87' lang='lat' dir='ltr'>et</span> <span class='ocrx_word' id='word_1_284' title='bbox 1286 1971 1456 2018; x_wconf 79' lang='lat' dir='ltr'><strong>V11‚39</strong></span> 
     </span>
     <span class='ocr_line' id='line_1_59' title="bbox 798 2026 1457 2081; baseline -0.008 -10.992"><span class='ocrx_word' id='word_1_285' title='bbox 798 2027 923 2081; x_wconf 78' lang='grc' dir='ltr'>κάρτα</span> <span class='ocrx_word' id='word_1_286' title='bbox 936 2026 1196 2080; x_wconf 72' lang='grc' dir='ltr'>θυμωθηναι,</span> <span class='ocrx_word' id='word_1_287' title='bbox 1217 2029 1318 2064; x_wconf 84' lang='lat' dir='ltr'>itaut</span> <span class='ocrx_word' id='word_1_288' title='bbox 1338 2039 1457 2078; x_wconf 81' lang='grc' dir='ltr'>σπερ-</span> 
     </span>
     <span class='ocr_line' id='line_1_60' title="bbox 801 2081 1456 2153; baseline -0.012 -26.988"><span class='ocrx_word' id='word_1_289' title='bbox 801 2089 906 2153; x_wconf 52' lang='grc' dir='ltr'>ζθῆν</span> <span class='ocrx_word' id='word_1_290' title='bbox 911 2102 951 2125; x_wconf 84' lang='grc' dir='ltr'>αι</span> <span class='ocrx_word' id='word_1_291' title='bbox 974 2088 1024 2140; x_wconf 82' lang='grc' dir='ltr'>τῇ</span> <span class='ocrx_word' id='word_1_292' title='bbox 1050 2081 1188 2138; x_wconf 73' lang='grc' dir='ltr'>γνώμῃ</span> <span class='ocrx_word' id='word_1_293' title='bbox 1226 2083 1392 2131; x_wconf 83' lang='lat' dir='ltr'>dicatur,</span> <span class='ocrx_word' id='word_1_294' title='bbox 1412 2088 1456 2119; x_wconf 92' lang='lat' dir='ltr'>ut</span> 
     </span>
     <span class='ocr_line' id='line_1_61' title="bbox 803 2134 1456 2194; baseline -0.008 -12"><span class='ocrx_word' id='word_1_295' title='bbox 803 2138 978 2194; x_wconf 65' lang='grc' dir='ltr'>ἀθυμεῖν</span> <span class='ocrx_word' id='word_1_296' title='bbox 997 2146 1078 2188; x_wconf 87' lang='grc' dir='ltr'>τοῖς</span> <span class='ocrx_word' id='word_1_297' title='bbox 1098 2157 1137 2193; x_wconf 81' lang='grc' dir='ltr'><em>γ</em></span> <span class='ocrx_word' id='word_1_298' title='bbox 1129 2138 1384 2193; x_wconf 80' lang='grc' dir='ltr'>γενημένοις,</span> <span class='ocrx_word' id='word_1_299' title='bbox 1407 2134 1456 2177; x_wconf 58' lang='grc' dir='ltr'>οἷ’</span> 
     </span>
     <span class='ocr_line' id='line_1_62' title="bbox 801 2198 1455 2249; baseline -0.012 -10.988"><span class='ocrx_word' id='word_1_300' title='bbox 801 2201 986 2249; x_wconf 75' lang='grc' dir='ltr'>χθεσθῆν</span> <span class='ocrx_word' id='word_1_301' title='bbox 993 2198 1031 2236; x_wconf 73' lang='grc' dir='ltr'>αἱ</span> <span class='ocrx_word' id='word_1_302' title='bbox 1050 2213 1139 2236; x_wconf 88' lang='grc' dir='ltr'>τινι.</span> <span class='ocrx_word' id='word_1_303' title='bbox 1177 2199 1310 2248; x_wconf 85' lang='lat' dir='ltr'>Neque</span> <span class='ocrx_word' id='word_1_304' title='bbox 1325 2203 1455 2232; x_wconf 88' lang='lat' dir='ltr'>tamen</span> 
     </span>
     <span class='ocr_line' id='line_1_63' title="bbox 799 2253 1456 2306; baseline -0.006 -15"><span class='ocrx_word' id='word_1_305' title='bbox 799 2257 925 2293; x_wconf 78' lang='lat' dir='ltr'>invitis</span> <span class='ocrx_word' id='word_1_306' title='bbox 945 2255 1045 2292; x_wconf 81' lang='lat' dir='ltr'>libris</span> <span class='ocrx_word' id='word_1_307' title='bbox 1066 2253 1277 2306; x_wconf 86' lang='lat' dir='ltr'>quidquam</span> <span class='ocrx_word' id='word_1_308' title='bbox 1299 2259 1456 2288; x_wconf 88' lang='lat' dir='ltr'>mutan-</span> 
     </span>
     <span class='ocr_line' id='line_1_64' title="bbox 800 2308 1453 2364; baseline -0.008 -15"><span class='ocrx_word' id='word_1_309' title='bbox 800 2311 913 2360; x_wconf 83' lang='lat' dir='ltr'>du1n3</span> <span class='ocrx_word' id='word_1_310' title='bbox 934 2310 1026 2364; x_wconf 86' lang='lat' dir='ltr'>quid</span> <span class='ocrx_word' id='word_1_311' title='bbox 1056 2312 1159 2347; x_wconf 86' lang='lat' dir='ltr'>enim</span> <span class='ocrx_word' id='word_1_312' title='bbox 1186 2308 1357 2360; x_wconf 78' lang='lat' dir='ltr'>impedit,</span> <span class='ocrx_word' id='word_1_313' title='bbox 1377 2321 1453 2359; x_wconf 90' lang='lat' dir='ltr'>quo</span> 
     </span>
     <span class='ocr_line' id='line_1_65' title="bbox 796 2365 1452 2418; baseline -0.008 -13"><span class='ocrx_word' id='word_1_314' title='bbox 796 2370 922 2405; x_wconf 88' lang='lat' dir='ltr'>minus</span> <span class='ocrx_word' id='word_1_315' title='bbox 943 2381 964 2405; x_wconf 85' lang='lat' dir='ltr'>a</span> <span class='ocrx_word' id='word_1_316' title='bbox 983 2381 1078 2405; x_wconf 77' lang='lat' dir='ltr'>voce</span> <span class='ocrx_word' id='word_1_317' title='bbox 1095 2379 1354 2418; x_wconf 82' lang='grc' dir='ltr'>περισπερχης</span> <span class='ocrx_word' id='word_1_318' title='bbox 1373 2365 1452 2401; x_wconf 80' lang='lat' dir='ltr'>Ior-</span> 
     </span>
     <span class='ocr_line' id='line_1_66' title="bbox 795 2423 1453 2477; baseline -0.006 -15"><span class='ocrx_word' id='word_1_319' title='bbox 795 2433 922 2462; x_wconf 87' lang='lat' dir='ltr'>metur</span> <span class='ocrx_word' id='word_1_320' title='bbox 942 2423 1217 2477; x_wconf 79' lang='grc' dir='ltr'>περισπερχέω,</span> <span class='ocrx_word' id='word_1_321' title='bbox 1243 2429 1320 2458; x_wconf 81' lang='lat' dir='ltr'>uta</span> <span class='ocrx_word' id='word_1_322' title='bbox 1342 2424 1453 2459; x_wconf 80' lang='grc' dir='ltr'>λυσι-</span> 
     </span>
     <span class='ocr_line' id='line_1_67' title="bbox 794 2472 1451 2548; baseline -0.009 -27"><span class='ocrx_word' id='word_1_323' title='bbox 794 2479 914 2548; x_wconf 79' lang='grc' dir='ltr'>τελής</span> <span class='ocrx_word' id='word_1_324' title='bbox 926 2482 1086 2519; x_wconf 83' lang='lat' dir='ltr'>verbum</span> <span class='ocrx_word' id='word_1_325' title='bbox 1105 2477 1330 2525; x_wconf 39' lang='lat' dir='ltr'>tvawslteffloe</span> <span class='ocrx_word' id='word_1_326' title='bbox 1360 2472 1451 2516; x_wconf 87' lang='grc' dir='ltr'>ασε-</span> 
     </span>
     <span class='ocr_line' id='line_1_68' title="bbox 795 2509 1447 2590; baseline -0.009 -13"><span class='ocrx_word' id='word_1_327' title='bbox 795 2536 871 2590; x_wconf 80' lang='grc' dir='ltr'>βης</span> <span class='ocrx_word' id='word_1_328' title='bbox 889 2533 1051 2588; x_wconf 84' lang='grc' dir='ltr'>οἷσεβέω,</span> <span class='ocrx_word' id='word_1_329' title='bbox 1075 2532 1244 2587; x_wconf 80' lang='grc' dir='ltr'>α’σελγης</span> <span class='ocrx_word' id='word_1_330' title='bbox 1265 2509 1447 2584; x_wconf 70' lang='grc' dir='ltr'>οἷσέλγέωε</span> 
     </span>
     <span class='ocr_line' id='line_1_69' title="bbox 795 2592 1450 2644; baseline -0.009 -12"><span class='ocrx_word' id='word_1_331' title='bbox 795 2596 867 2631; x_wconf 76' lang='lat' dir='ltr'>aIIa</span> <span class='ocrx_word' id='word_1_332' title='bbox 887 2594 927 2631; x_wconf 86' lang='lat' dir='ltr'>id</span> <span class='ocrx_word' id='word_1_333' title='bbox 948 2605 1079 2644; x_wconf 81' lang='lat' dir='ltr'>genus,</span> <span class='ocrx_word' id='word_1_334' title='bbox 1101 2599 1142 2628; x_wconf 93' lang='lat' dir='ltr'>ut</span> <span class='ocrx_word' id='word_1_335' title='bbox 1162 2593 1259 2628; x_wconf 85' lang='lat' dir='ltr'>bene</span> <span class='ocrx_word' id='word_1_336' title='bbox 1279 2592 1450 2627; x_wconf 79' lang='lat' dir='ltr'>observat</span> 
     </span>
     <span class='ocr_line' id='line_1_70' title="bbox 795 2624 1449 2700; baseline -0.011 -12"><span class='ocrx_word' id='word_1_337' title='bbox 795 2624 972 2700; x_wconf 59' lang='lat' dir='ltr'>Schwei}</span> <span class='ocrx_word' id='word_1_338' title='bbox 953 2648 1014 2685; x_wconf 81' lang='lat' dir='ltr'><strong>0·.h</strong></span> <span class='ocrx_word' id='word_1_339' title='bbox 1035 2647 1261 2685; x_wconf 84' lang='lat' dir='ltr'>Schaeferus</span> <span class='ocrx_word' id='word_1_340' title='bbox 1282 2645 1449 2698; x_wconf 84' lang='lat' dir='ltr'>(Melett.</span> 
     </span>
     <span class='ocr_line' id='line_1_71' title="bbox 795 2680 1449 2772; baseline -0.008 -27"><span class='ocrx_word' id='word_1_341' title='bbox 795 2709 891 2745; x_wconf 87' lang='lat' dir='ltr'>critt.</span> <span class='ocrx_word' id='word_1_342' title='bbox 910 2721 947 2757; x_wconf 90' lang='lat' dir='ltr'>p.</span> <span class='ocrx_word' id='word_1_343' title='bbox 950 2680 1046 2772; x_wconf 44' lang='lat'>569)</span> <span class='ocrx_word' id='word_1_344' title='bbox 1067 2704 1221 2741; x_wconf 82' lang='lat' dir='ltr'>dederat</span> <span class='ocrx_word' id='word_1_345' title='bbox 1241 2714 1449 2770; x_wconf 80' lang='grc' dir='ltr'>περισπερ-</span> 
     </span>
     <span class='ocr_line' id='line_1_72' title="bbox 795 2754 1449 2815; baseline -0.014 -11"><span class='ocrx_word' id='word_1_346' title='bbox 795 2762 894 2815; x_wconf 82' lang='grc' dir='ltr'>χέων</span> <span class='ocrx_word' id='word_1_347' title='bbox 925 2759 1081 2802; x_wconf 81' lang='grc' dir='ltr'>ἐόντων.</span> <span class='ocrx_word' id='word_1_348' title='bbox 1105 2784 1150 2788; x_wconf 90' lang='grc'>-</span> <span class='ocrx_word' id='word_1_349' title='bbox 1196 2758 1258 2796; x_wconf 88' lang='lat' dir='ltr'>Ad</span> <span class='ocrx_word' id='word_1_350' title='bbox 1279 2772 1390 2796; x_wconf 76' lang='lat' dir='ltr'>voces</span> <span class='ocrx_word' id='word_1_351' title='bbox 1407 2754 1449 2799; x_wconf 82' lang='grc' dir='ltr'>ὄ-</span> 
     </span>
    </p>
   </div>
   <div class='ocr_carea' id='block_1_10' title="bbox 795 2813 1450 2872">
    <p class='ocr_par' dir='ltr' id='par_1_11' title="bbox 795 2813 1450 2872">
     <span class='ocr_line' id='line_1_73' title="bbox 795 2813 1450 2872; baseline -0.014 -13"><span class='ocrx_word' id='word_1_352' title='bbox 795 2813 1191 2872; x_wconf 78' lang='grc' dir='ltr'>λίγων-αλέξασθαι</span> <span class='ocrx_word' id='word_1_353' title='bbox 1215 2816 1263 2855; x_wconf 85' lang='lat' dir='ltr'>cf.</span> <span class='ocrx_word' id='word_1_354' title='bbox 1291 2815 1353 2863; x_wconf 84' lang='lat' dir='ltr'>VI,</span> <span class='ocrx_word' id='word_1_355' title='bbox 1375 2817 1450 2856; x_wconf 84' lang='lat'>109</span> 
     </span>
    </p>
   </div>
  </div>
 </body>
</html>
