1851 3181
435 265 518 305 564
854 246 1319 289 HERODOTI

428 375 500 417 καὶ
543 365 783 427 μυριάρχας
821 359 1125 412 ἀποδέξαντες·
1185 350 1500 407 ἑκατοντάρχας
1541 350 1587 393 ὁὲ
1615 349 1690 392 καὶ

399 438 640 492 ἐδεκάρχας
662 435 704 477 οἱ
733 431 978 488 μυριάρχαι.
1021 425 1175 469 τελέων
1204 423 1249 466 δὲ
1279 421 1352 465 καὶ
1382 419 1547 463 ἐθνέων
1577 411 1689 473 ἦσαν

419 508 541 552 ἄλλοι
578 502 863 560 σημάντορες·
934 493 1046 552 ἦσαν
1074 494 1153 550 μὲν
1194 492 1247 548 δὴ
1288 484 1431 540 οὗτοι,
1477 487 1600 539 οἵπερ
1631 484 1690 527 εἰ-

301 583 365 628 82
425 577 595 632 ρέαται,
645 570 861 625 ἄρχοντες.
917 561 1237 618 Ἐστρατήγεον
1266 558 1312 602 δὲ
1339 557 1509 600 τούτων
1539 570 1583 597 τε
1619 552 1747 596 καὶ75

100 649 213 711 {fffgggfl
231 648 336 676 summi
433 647 511 688 τοῦ
553 639 804 694 σύμπαντος
845 636 1035 688 στρατοῦ
1075 633 1156 673 τοῦ
1184 630 1328 681 πεζοῦ,
1359 619 1619 677 Μαρδόνιός
1647 635 1692 663 τε

151 708 154 710 ’
429 709 452 756 ὁ
485 713 527 753 Γ
525 705 730 764 ωβρύεω,
760 705 835 748 καὶ
868 701 1210 756 Τριτανταίχμης
1240 694 1264 739 ὁ
1288 690 1583 748 Ἀρταβάνου,
1612 689 1693 731 τοῦ

427 778 606 836 γνώμην
634 773 824 830 θεμένου
858 770 915 827 μή
946 766 1260 824 στρατεύεσθαι
1288 762 1356 806 ἐπὶ
1383 760 1462 816 τὴν
1487 754 1693 806 Ἐλλάδα,

430 848 503 892 καὶ
542 841 850 902 Σμερδομένης
890 838 913 883 ὁ
941 836 1145 881 Ὀτάνεω·
1207 831 1427 886 (Δαρείου
1459 823 1752 882 άμφότεροιὸο

428 910 554 959 οὗτοι
583 911 811 966 ἀδελφεῶν
833 908 994 959 παῖδες,
1026 902 1164 958 Ξέρξῃ
1195 901 1241 945 δὲ
1273 900 1469 955 ἐγίνοντο
1489 892 1694 945 ἀνεψιοί·)

428 985 503 1029 καὶ
534 982 767 1034 Μασίστης
796 975 819 1020 ὁ
851 975 1043 1028 Δαρείου
1072 988 1116 1015 τε
1145 970 1219 1013 καὶ
1244 966 1447 1020 Ἀτόσσης
1477 966 1593 1014 παῖς,
1623 959 1698 1003 καὶ

304 1057 369 1102 83
430 1052 584 1107 Γέργις
613 1046 635 1092 ὁ
659 1047 848 1102 Ἀρίζου,
879 1043 952 1087 καὶ
982 1039 1240 1097 Μεγάβυζος
1268 1033 1290 1079 ὁ
1317 1030 1552 1085 Ζωπύρου.
1613 1021 1698 1071 Οὖ-

101 1121 301 1151 ¹¹¹¹¹¹¹⁰¹t²²¹e³·
429 1135 498 1162 τοι
525 1113 639 1174 ἦσαν
670 1111 905 1170 στρατηγοὶ
934 1113 1015 1154 τοῦ
1046 1107 1297 1163 σύμπαντος
1328 1102 1516 1156 στρατοῦ
1556 1097 1698 1149 πεζοῦ,

102 1158 216 1185 Persae
242 1156 373 1183 omnium

102 1191 376 1257 {ssjgiiffiijn{hs‘{}¹¹¹l³}·
433 1185 564 1243 χωρὶς
592 1187 681 1228 τῶν
710 1183 897 1238 μυρίων.
955 1180 1044 1222 τῶν
1096 1176 1142 1219 δὲ
1180 1173 1350 1230 μυρίων
1387 1164 1558 1212 τούτων
1599 1166 1758 1219 Περ-85

104 1258 237 1286 ctissimi.

379 1345 500 1401 άρχας
521 1343 814 1393 ἀποδέξαντες]
842 1344 949 1380 Bene
969 1341 1041 1378 ob-
1276 1334 1369 1384 Cap.
1389 1327 1589 1368 LXXXII.

379 1412 502 1444 servat
522 1406 687 1440 Heeren.
707 1400 838 1438 Ideen.
858 1401 888 1447 I,
913 1402 932 1438 1
951 1410 1041 1449 pag.
1160 1384 1493 1445 Τριτανταίχμης]
1524 1385 1581 1420 Ita
1599 1381 1759 1417 Floren-

379 1463 461 1505 509
523 1462 564 1497 in
611 1461 814 1496 Persarum
871 1455 1040 1492 exercitu
1097 1452 1198 1489 tinus
1219 1461 1308 1486 cum
1329 1447 1408 1483 aliis
1420 1450 1533 1494 atque
1546 1435 1758 1482 Eustathio‚

381 1519 511 1557 omnia
522 1515 733 1554 secundum
750 1512 901 1551 decadis
921 1512 1040 1548 ratio-
1099 1509 1165 1560 qui
1184 1506 1279 1544 haec
1300 1505 1388 1541 citat
1409 1499 1457 1538 ad
1467 1496 1576 1536 Iliad.
1586 1509 1624 1547 p.
1640 1493 1760 1539 1206,

379 1588 472 1613 nem
505 1575 617 1610 fuisse
651 1571 828 1623 disposita
858 1583 900 1606 ao
922 1568 1040 1606 divisa
1102 1567 1151 1605 17
1173 1578 1204 1605 S.
1227 1563 1347 1608 1281,
1368 1558 1437 1599 47.
1486 1557 1537 1592 Et
1558 1552 1659 1590 conf.
1679 1550 1762 1585 He-

381 1643 627 1682 summosque
643 1628 757 1666 duces
787 1623 899 1676 (τοΰς
926 1637 1045 1676 στρα-
1100 1620 1184 1658 rod.
1209 1621 1240 1667 Ι,
1279 1619 1372 1657 192.
1429 1612 1492 1650 Ad
1520 1612 1644 1661 ipsam
1673 1618 1762 1643 sen-

381 1685 556 1741 τηγοῦς)
597 1687 643 1723 ab
681 1687 762 1736 ipso
793 1696 881 1733 rege
904 1681 1046 1718 consti-
1101 1678 1262 1715 tentiam
1281 1673 1329 1711 cf.
1341 1684 1454 1722 supra
1475 1669 1556 1715 Vll,
1580 1669 1632 1706 10
1652 1675 1760 1714 seqq.

382 1747 439 1784 tuj
472 1758 492 1781 e
536 1744 640 1794 regia
673 1737 1047 1778 Achaemenidarum
1103 1733 1356 1771 Locutionem
1390 1721 1555 1779 γνώμην
1572 1723 1764 1761 τίθεσθαι

383 1804 498 1853 stirpe
525 1802 751 1851 plerumque
783 1797 975 1834 desumtos
1009 1800 1046 1830 et
1104 1790 1274 1828 invenies
1306 1797 1459 1838 quoque
1490 1782 1556 1828 III,
1577 1781 1642 1819 80.
1662 1776 1763 1822 VIII,

384 1861 454 1910 ipsi
475 1859 555 1908 regi
575 1857 702 1908 aliquo
724 1861 824 1891 certe
840 1851 957 1889 modo
978 1863 1045 1888 co·
1106 1849 1184 1888 108
1227 1843 1364 1881 eodem
1392 1852 1527 1886 sensu,
1567 1847 1642 1888 quo
1673 1833 1765 1868 alias

385 1922 540 1966 gnatos3
579 1914 626 1950 ab
646 1912 705 1948 his
735 1910 894 1948 ducibus
913 1909 1047 1958 singu-
1104 1903 1270 1941 crebrius
1280 1888 1641 1948 ἰω-θιιίωτγνώμην
1662 1884 1765 1929 ἄπο-

385 1974 441 2009 los
492 1969 710 2022 myriadum
754 1975 791 2004 et
837 1964 1046 2003 chiliadum
1105 1960 1329 2011 φαίνεσθαι
1367 1968 1397 1994 ε.
1431 1949 1766 1993 ἀποδείκνυσθαι,

386 2028 594 2079 praefectos
615 2025 741 2075 deligi,
763 2038 784 2061 a
803 2024 940 2075 quibus
960 2022 1048 2072 ipsis
1103 2018 1308 2055 sententiam
1336 2024 1436 2049 suam
1473 2009 1531 2058 (in
1559 2001 1765 2051 medium)

388 2087 414 2121 ii
448 2085 742 2128 constituantur,
782 2082 848 2132 qui
881 2079 1049 2117 centenis
1102 2073 1277 2125 proferre.
1334 2071 1381 2105 Iu
1411 2079 1516 2117 seqq.
1542 2075 1611 2115 pro
1633 2063 1766 2111 Σμερ-

390 2155 432 2178 ac
473 2140 578 2177 (lenis
616 2138 833 2175 hominibus
871 2136 1051 2187 praesint.
1107 2128 1277 2180 δομένης
1295 2124 1472 2163 nonnulli
1492 2115 1767 2168 ΟΟᾶἆιΖὲρδΟ-

390 2199 447 2234 Ac
456 2198 618 2234 similem
628 2196 815 2231 rationem
825 2192 926 2243 apud
936 2193 1052 2228 Mon-
1106 2186 1242 2239 μένης.
1299 2181 1411 2220 Conf.
1431 2181 1510 2223 VII,
1533 2178 1625 2217 121-

394 2255 498 2305 goles
533 2259 647 2304 atque
668 2250 839 2287 TImuris
871 2250 910 2285 in
939 2260 1051 2284 exer-
1165 2242 1287 2294 Ξέρξῃ
1310 2237 1353 2279 δὲ
1373 2237 1549 2289 ἐγίνοντο
1582 2226 1766 2279 άνεψιοί]

392 2312 469 2348 citu
508 2308 759 2360 praevaluisse
797 2305 901 2342 idem
934 2303 1052 2340 addit.
1108 2299 1264 2336 Confert
1283 2292 1560 2341 VVesselingius
1579 2288 1649 2332 Vl,
1672 2286 1767 2326 103.

390 2369 494 2405 Voce
522 2364 663 2405 τελέων
694 2363 863 2412 singulos
900 2360 1050 2398 ordines
1107 2357 1188 2403 Vll,
1210 2354 1249 2396 5.
1306 2353 1400 2388 Mox
1418 2359 1563 2393 omnes,
1580 2348 1769 2396 quantum

391 2439 421 2462 s.
442 2429 564 2474 partes
586 2420 771 2458 exercitus
792 2431 834 2455 ac
860 2418 1051 2467 sigillatim
1106 2413 1196 2460 scio,
1242 2409 1328 2447 libri
1387 2405 1478 2443 dant
1517 2397 1771 2452 Μεγάβυζος,

394 2493 548 2534 quoque
570 2479 739 2530 equitum
762 2482 904 2511 turmas
916 2475 1053 2510 Persa-
1109 2481 1199 2507 cum
1225 2466 1313 2504 alibi
1339 2465 1566 2515 plerumque
1586 2457 1771 2494 fluctuent

395 2551 482 2575 rum
515 2534 673 2573 indicari
706 2538 809 2583 patet
838 2544 886 2567 ex
906 2532 935 2577 Ι,
958 2531 1052 2570 103.
1110 2526 1208 2562 inter
1234 2518 1475 2572 Μεγάβαζος
1503 2522 1540 2552 et
1571 2506 1772 2565 Μεγάβυ·

396 2596 477 2642 VII,
499 2595 566 2634 87.
589 2594 683 2633 211.
710 2590 779 2636 IX,
801 2590 867 2628 20-
889 2588 956 2626 23.
987 2587 1053 2625 33.
1113 2583 1194 2629 ζος,
1232 2587 1275 2617 ut
1303 2580 1369 2627 111,
1398 2578 1466 2617 70.
1495 2572 1560 2620 IV,
1585 2568 1662 2611 143
1683 2566 1771 2605 coll.

395 2650 459 2691 42.
489 2651 589 2687 Hinc
619 2644 666 2686 τοὶ
697 2638 953 2697 στρατιωτικοὶ
983 2637 1055 2679 τά-
1112 2640 1177 2686 ΙΙΙ,
1201 2639 1295 2678 160.

1387 2717 1604 2758 xm

399 2833 552 2871 quoque
602 2818 740 2856 VVasse
785 2813 833 2852 ad
872 2809 1053 2862 Thucyd.
1166 2806 1247 2845 τῶν
1272 2801 1315 2843 δὲ
1333 2800 1487 2853 μυρίων
1505 2793 1656 2836 τούτων
1668 2791 1769 2839 Περ-

399 2878 445 2923 ll,
467 2879 534 2917 81.
1112 2861 1212 2903 σέων
1228 2863 1307 2900 τῶν
1335 2847 1673 2905 ἀπολελεγμένων]
1705 2845 1769 2882 Si·-
