1851 3181
419 236 502 277 442

834 231 1298 269 HERODOTI

423 361 533 401 ,,ρην
571 359 619 399 γε
657 341 868 398 οὐδεμίαν
906 338 1140 391 κατόψεται
1170 337 1193 384 ὁ
1223 338 1346 396 ἥλιος
1379 336 1684 395 ὁμουρέουσαν

423 417 502 469 ,,τῇ
532 409 729 467 ἡμετέρῃ,
761 407 868 452 ἄλλα
900 422 1034 466 σφεας
1054 408 1194 460 πάσας
1216 408 1298 463 ἐγώ
1326 407 1415 463 ἅμα
1443 406 1549 462 ὑμῖν
1578 409 1685 462 μίαν

367 480 590 537 13,,χω’ρην
628 478 773 534 θήσω,
814 476 884 520 διοὶ
921 477 1061 533 πάσης
1091 477 1322 530 διεξελθών
1349 480 1424 531 τῆς
1453 474 1684 531 Εὐρώπης.
1697 481 1742 514 60

422 547 736 604 ,,πυνθάνομαι
774 545 856 601 γὰρ
896 540 980 589 ὦδε
1010 546 1141 599 ἔχειν·
1182 545 1283 588 οὔτε
1314 543 1411 587 τινὰ
1442 541 1573 588 πόλιν
1603 542 1687 586 ἀν-

422 618 570 671 ,,δρῶν
598 611 832 669 οὐδεμίαν,
863 614 962 657 οὔτε
992 614 1120 665 ἔθνος
1141 613 1272 657 οὐδὲν
1301 612 1554 666 ἀνθρώπων
1582 610 1689 655 ὑπο-

421 685 695 736 ,,λείπεσθαι,
723 683 773 726 τὸ
797 681 910 738 ,ἡμῖν
938 679 1036 725 οἷόν
1064 698 1108 725 τε
1139 681 1255 725 ἔσται
1285 682 1430 725 ἐλθεῖν
1460 682 1503 732 ές
1532 680 1685 736 μάχην,

423 749 620 804 ,,τούτων
649 754 739 793 τῶν
775 750 979 801 κατέλεξα
1011 748 1441 806 ὑπεξαραιρημένων.

1501 747 1617 792 οὕτω
1648 751 1693 792 οἵ
1700 754 1744 789 65

423 835 493 872 „vs
526 819 631 875 ἡμῖν
647 820 777 861 αἴτιοι
806 816 950 869 ἕξουσι
980 818 1160 862 δούλιον
1191 818 1394 873 ζυγὸν,ο”ι’
1416 832 1460 860 τε
1483 815 1686 860 οἷναίτιοι.

367 887 582 943 14,,Ὑμεῖς
611 883 647 929 δ’
678 884 733 928 ἄν
763 902 849 940 μοι,
878 886 982 929 τάδε
1009 886 1239 938 ποιέοντες,
1267 886 1526 941 χαρίζοισθε.
1557 885 1690 927 ἐπεάν

424 954 555 1012 υ’ὑμῖν
569 953 747 1010 σημῄνω
768 954 846 997 τὸν
865 954 1039 1009 χρόνον,
1057 954 1097 1005 ές
1109 955 1186 998 τὸν
1206 953 1327 1009 ἥκειν
1342 955 1420 1006 δεῖ,
1449 951 1690 1007 προθύμως

424 1023 597 1077 „noima
624 1022 722 1065 τινα
739 1021 886 1078 ὑμέων
904 1021 1051 1078 χρήσει
1072 1027 1300 1076 παρεῖναι·
1342 1020 1389 1071 ὃς
1419 1020 1475 1063 ἂν
1505 1020 1551 1064 δὲ
1582 1020 1691 1075 ἔχων

424 1092 537 1147 ,,ἥκῃ
566 1089 974 1145 παρεσκευασμένον
1004 1090 1187 1144 στρατὸν
1216 1088 1443 1140 κάλλιστα,
1484 1087 1610 1132 δώσω
1652 1089 1749 1131 οἱ70

426 1162 575 1214 ,,δῶρα
613 1157 666 1202 τοὶ
704 1156 941 1214 τιμιώτατα
978 1160 1194 1211 νομίζεται
1235 1155 1348 1200 εἶναι
1378 1157 1425 1200 ἐν
1461 1155 1688 1212 ἡμετέρου.

371 1226 633 1283 15,,ποιητέα
676 1227 757 1281 μέν
792 1244 876 1269 νυν
914 1224 1051 1269 ταῦτά
1093 1225 1181 1268 ἐστι
1230 1224 1360 1268 οὕτω.
1414 1224 1509 1268 Ἵνα
1553 1225 1600 1268 ote.
1629 1226 1688 1280 μὴ

426 1293 770 1352 ,,ἰδιοβουλεύειν
796 1293 900 1351 ὑμῖν
930 1293 1081 1345 δοκέω,
1111 1293 1264 1349 τίθημι
1283 1293 1331 1337 τὸ
1359 1296 1537 1350 πρῆγμα
1558 1292 1599 1344 ἐς
1622 1291 1691 1349 μέ-

370 1492 526 1530 horrere
548 1491 694 1529 iudicat
724 1492 819 1528 Miot
838 1492 917 1541 ipse
938 1503 1029 1527 eum
1084 1489 1270 1540 particula
1303 1503 1344 1527 τε
1370 1489 1411 1525 in
1449 1501 1556 1542 seqq.
1592 1488 1672 1526 dixi
1698 1488 1745 1525 ad

368 1552 410 1586 in
453 1549 614 1586 modum
651 1550 923 1599 interpretans:
972 1547 1028 1584 Le

370 1607 468 1644 soceil
489 1606 702 1644 n'e'clairera
723 1606 807 1656 plus
830 1605 871 1641 (le
893 1606 1030 1641 contre'e

372 1664 436 1714 qui
470 1665 538 1700 soit
564 1676 632 1700 une
667 1663 709 1699 de
736 1675 796 1699 nos
822 1661 1027 1711 frontieres.

370 1718 468 1757 Mihi
494 1727 623 1756 tamen
651 1720 772 1768 magis
792 1719 916 1769 placet
936 1719 1034 1754 Lar-

371 1776 477 1814 cheri
496 1777 770 1826 interpretatio.
815 1774 876 1811 Ad
896 1787 1034 1811 vocem

372 1832 510 1884 αἰθέρι
531 1833 632 1869 conf.
662 1833 692 1879 Ι,
727 1835 818 1872 131.
877 1830 940 1867 Ad
972 1844 1035 1866 ar-

372 1896 604 1941 gumentum
623 1889 698 1925 loci
717 1887 813 1925 haec
841 1887 1037 1924 adnotavit

371 1947 675 1996 Wesseliugius:
705 1947 869 1992 „Xerxis
889 1947 1038 1981 iactan-

371 2006 425 2042 tia
436 2004 561 2054 plures
572 2003 734 2051 incessit,
754 2003 881 2039 numis
901 2002 1037 2038 inscri-

374 2061 507 2098 bentes
528 2073 577 2096 ex
596 2061 718 2096 Poeta
752 2057 855 2096 Non
883 2073 899 2095 s
913 2058 1036 2109 uffi-

373 2119 442 2154 cit
472 2117 606 2163 orbis,
636 2123 678 2152 ut
697 2114 895 2166 Philippus
915 2117 951 2151 II
963 2116 1035 2151 Hi-

371 2174 592 2224 spaniarum
618 2185 687 2209 rex
720 2172 821 2223 apud
840 2171 1035 2209 Luckium

374 2230 523 2281 Syllog.
553 2230 668 2267 Num.
690 2242 778 2279 pag.
800 2231 896 2269 279.
953 2230 1030 2264 Ea-

376 2285 466 2324 dem
486 2284 696 2322 Alexandri
705 2286 848 2322 vanitas
862 2283 929 2323 καὶ
941 2281 1034 2336 ὅρος

375 2345 449 2393 τῆς
466 2337 612 2391 ταύτης
630 2337 765 2393 ἀρχῆς,
793 2338 940 2390 οὕσπερ
967 2340 1035 2379 καὶ

376 2402 447 2450 τῆς
466 2401 538 2450 γῆς
559 2395 678 2449 ὅρους
705 2396 726 2436 ὁ
747 2394 846 2443 θεός
874 2397 1036 2447 ἐποίησε

373 2457 416 2493 iu
444 2455 595 2492 Arriani
630 2454 754 2490 Auab.
783 2454 828 2500 V,
860 2456 926 2500 26,
955 2466 1035 2490 non

373 2513 648 2549 reminiscentis
687 2511 858 2560 egregios
888 2523 1035 2553 versus,

374 2582 469 2622 quos
489 2569 587 2620 patri
603 2566 780 2618 Philippo
798 2567 926 2617 paucis
947 2573 1035 2603 aute

375 2638 514 2663 necem
544 2623 646 2661 horis
677 2624 950 2674 Neoptolemus
970 2636 1037 2659 ac—

379 2683 510 2722 cinuit.
530 2682 629 2718 Bibl.
642 2680 799 2718 Blodor.
819 2680 921 2727 XVI,
942 2681 1035 2720 92.“

436 2781 835 2835 ὑπεξαραιρημένων]
848 2781 957 2818 Conf.
970 2783 1034 2829 111,

381 2841 436 2883 65
473 2842 602 2894 ibique
629 2847 727 2878 nott.
764 2835 831 2877 De‘
846 2837 1035 2889 duplicata

1084 1548 1165 1595 vn,
1187 1549 1212 1587 8
1234 1547 1270 1591 ς.
1295 1549 1331 1585 1.

1365 1659 1406 1704 §.
1434 1657 1473 1698 4.

1147 1737 1255 1788 δῶρα
1275 1733 1323 1775 ταῖ
1344 1731 1558 1787 τιμιώτατα
1577 1751 1616 1774 κ.
1641 1750 1673 1774 τ.
1693 1737 1750 1786 λ.]

1089 1795 1206 1831 Teste
1228 1795 1349 1830 Ctesia
1360 1795 1399 1829 iu
1420 1794 1749 1843 Excerptt.PerSS.

1092 1853 1129 1897 ᾗ.
1155 1855 1209 1892 22
1228 1852 1326 1886 iuter
1346 1850 1447 1887 dona
1465 1851 1669 1886 Persarum
1688 1863 1751 1886 re-

1091 1910 1154 1957 gia
1174 1909 1335 1944 maximi
1362 1907 1475 1943 fiebat
1495 1907 1587 1944 mola
1615 1919 1749 1950 αυτεας

1093 1964 1140 2002 de
1162 1978 1236 2017 qua
1255 1963 1343 2001 vide
1369 1965 1422 2000 ibi
1441 1970 1536 2002 nott.
1557 1976 1647 2014 pag.
1670 1963 1750 2004 157

1091 2036 1172 2074 seq.
1193 2028 1229 2058 et
1250 2020 1298 2057 ad
1318 2020 1460 2058 Herod.
1480 2021 1547 2067 III,
1569 2020 1636 2062 84.
1665 2021 1750 2056 Hoc

1089 2079 1175 2116 loco
1221 2091 1317 2115 num
1346 2078 1421 2114 tale
1460 2076 1552 2129 quid
1590 2076 1751 2127 intelligi

1091 2135 1239 2181 debeat,
1262 2134 1443 2186 equidem
1470 2132 1576 2171 haud
1607 2133 1751 2171 discer-

1089 2205 1193 2231 nam.
1224 2191 1287 2228 Ad
1319 2193 1553 2228 locutionem
1585 2189 1628 2229 ἓν
1651 2187 1751 2240 ἤμε-

1088 2247 1203 2301 τέρου
1233 2247 1311 2285 vid.
1331 2254 1427 2285 nott.
1445 2246 1494 2284 ad
1512 2247 1575 2295 VI,
1597 2246 1664 2288 35.

1147 2322 1432 2378 ἰδιοβουλεύειν
1451 2326 1468 2374 ]
1515 2327 1541 2362 i.
1577 2339 1611 2362 e.
1649 2337 1751 2363 suum

1091 2386 1203 2434 ipsius
1236 2397 1307 2420 uec
1339 2384 1500 2420 aliorum
1520 2384 1618 2432 sequi
1637 2383 1752 2419 consi-

1090 2441 1190 2478 lium.
1232 2440 1343 2477 Couf.
1362 2438 1533 2476 Lobeck.
1555 2439 1603 2476 ad
1623 2437 1752 2489 Plu-y-

1090 2496 1194 2537 nich.
1206 2511 1242 2547 p.
1258 2496 1352 2544 624,
1379 2498 1441 2534 cuj
1460 2497 1582 2546 magis
1600 2496 1754 2547 placere

1091 2554 1242 2592 videtur
1257 2554 1336 2606 ἰδίη
1351 2549 1568 2604 βουλεύειν.
1581 2574 1634 2580 —-
1651 2552 1753 2589 Cum

1091 2609 1149 2648 his
1170 2612 1309 2647 Xerxis
1322 2611 1463 2657 verbis,
1486 2623 1585 2661 quae
1602 2610 1643 2645 in
1662 2620 1751 2658 spe-

1093 2669 1192 2704 ciem
1221 2665 1380 2719 quidem
1407 2666 1584 2704 videntur
1604 2664 1750 2702 lenissi-

1092 2737 1178 2772 ma,
1234 2723 1419 2760 Valcken.
1459 2723 1621 2760 conferri
1653 2721 1747 2766 vult,

1092 2794 1190 2832 quae
1224 2781 1393 2818 Valerius
1424 2781 1614 2816 Maximus
1631 2779 1700 2825 IX,
1722 2776 1748 2817 5

1091 2839 1181 2875 Ext.
1203 2839 1240 2884 ς.
1254 2840 1280 2878 2
1300 2836 1465 2875 eundem
1477 2849 1607 2888 regem
1627 2836 1748 2873 Grae-
