<?xml version="1.0" encoding="UTF-8"?>
<!DOCTYPE html PUBLIC "-//W3C//DTD XHTML 1.0 Transitional//EN"
    "http://www.w3.org/TR/xhtml1/DTD/xhtml1-transitional.dtd">
<html xmlns="http://www.w3.org/1999/xhtml" xml:lang="en" lang="en">
 <head>
  <title>
</title>
<meta http-equiv="Content-Type" content="text/html;charset=utf-8" />
  <meta name='ocr-system' content='tesseract 3.04.00' />
  <meta name='ocr-capabilities' content='ocr_page ocr_carea ocr_par ocr_line ocrx_word'/>
</head>
<body>
  <div class='ocr_page' id='page_1' title='image "./musaeherodoto03hero/musaeherodoto03hero_0230.png"; bbox 0 0 1815 3181; ppageno 0'>
   <div class='ocr_carea' id='block_1_1' title="bbox 211 336 309 380">
    <p class='ocr_par' dir='ltr' id='par_1_1' title="bbox 211 336 309 380">
     <span class='ocr_line' id='line_1_1' title="bbox 211 336 309 380; baseline -0.01 0"><span class='ocrx_word' id='word_1_1' title='bbox 211 336 309 380; x_wconf 85' lang='lat'>116</span> 
     </span>
    </p>
   </div>
   <div class='ocr_carea' id='block_1_2' title="bbox 39 400 279 470">
    <p class='ocr_par' dir='ltr' id='par_1_2' title="bbox 39 400 279 470">
     <span class='ocr_line' id='line_1_2' title="bbox 41 400 276 427; baseline -0.004 0"><span class='ocrx_word' id='word_1_2' title='bbox 41 401 201 427; x_wconf 65' lang='lat' dir='ltr'>Persarum</span> <span class='ocrx_word' id='word_1_3' title='bbox 225 400 276 427; x_wconf 80' lang='lat' dir='ltr'>du·</span> 
     </span>
     <span class='ocr_line' id='line_1_3' title="bbox 39 434 279 470; baseline -0.004 -10"><span class='ocrx_word' id='word_1_4' title='bbox 39 442 102 467; x_wconf 80' lang='lat' dir='ltr'>ces,</span> <span class='ocrx_word' id='word_1_5' title='bbox 123 434 175 470; x_wconf 86' lang='lat' dir='ltr'>qui</span> <span class='ocrx_word' id='word_1_6' title='bbox 191 434 279 460; x_wconf 83' lang='lat' dir='ltr'>Iones</span> 
     </span>
    </p>
   </div>
   <div class='ocr_carea' id='block_1_3' title="bbox 38 467 312 502">
    <p class='ocr_par' dir='ltr' id='par_1_3' title="bbox 38 467 312 502">
     <span class='ocr_line' id='line_1_4' title="bbox 38 467 312 502; baseline -0.004 -8"><span class='ocrx_word' id='word_1_7' title='bbox 38 467 78 494; x_wconf 83' lang='lat' dir='ltr'>ad</span> <span class='ocrx_word' id='word_1_8' title='bbox 96 467 253 502; x_wconf 81' lang='lat' dir='ltr'><strong>Ephesum</strong></span> <span class='ocrx_word' id='word_1_9' title='bbox 267 467 312 494; x_wconf 88' lang='lat' dir='ltr'>vi-</span> 
     </span>
    </p>
   </div>
   <div class='ocr_carea' id='block_1_4' title="bbox 40 501 293 535">
    <p class='ocr_par' dir='ltr' id='par_1_4' title="bbox 40 501 293 535">
     <span class='ocr_line' id='line_1_5' title="bbox 40 501 293 535; baseline 0.004 -8"><span class='ocrx_word' id='word_1_10' title='bbox 40 505 148 528; x_wconf 79' lang='lat' dir='ltr'>cerant</span> <span class='ocrx_word' id='word_1_11' title='bbox 159 503 197 535; x_wconf 86' lang='lat' dir='ltr'>[c.</span> <span class='ocrx_word' id='word_1_12' title='bbox 209 501 293 535; x_wconf 51' lang='lat'>1⁰21,</span> 
     </span>
    </p>
   </div>
   <div class='ocr_carea' id='block_1_5' title="bbox 371 225 453 264">
    <p class='ocr_par' dir='ltr' id='par_1_5' title="bbox 371 225 453 264">
     <span class='ocr_line' id='line_1_6' title="bbox 371 225 453 264; baseline -0.012 0"><span class='ocrx_word' id='word_1_13' title='bbox 371 225 453 264; x_wconf 76' lang='lat'>220</span> 
     </span>
    </p>
   </div>
   <div class='ocr_carea' id='block_1_6' title="bbox 767 216 1229 254">
    <p class='ocr_par' dir='ltr' id='par_1_6' title="bbox 767 216 1229 254">
     <span class='ocr_line' id='line_1_7' title="bbox 767 216 1229 254; baseline -0.009 0"><span class='ocrx_word' id='word_1_14' title='bbox 767 216 1229 254; x_wconf 72' lang='lat' dir='ltr'><strong>HERODOT!</strong></span> 
     </span>
    </p>
   </div>
   <div class='ocr_carea' id='block_1_7' title="bbox 342 323 1632 449">
    <p class='ocr_par' dir='ltr' id='par_1_7' title="bbox 342 323 1632 449">
     <span class='ocr_line' id='line_1_8' title="bbox 458 323 1628 382; baseline -0.007 -9"><span class='ocrx_word' id='word_1_15' title='bbox 458 329 650 382; x_wconf 84' lang='grc' dir='ltr'><strong><em>Κύπριοι</em></strong></span> <span class='ocrx_word' id='word_1_16' title='bbox 681 327 759 381; x_wconf 78' lang='grc' dir='ltr'>μὲν</span> <span class='ocrx_word' id='word_1_17' title='bbox 789 326 862 379; x_wconf 78' lang='grc' dir='ltr'>δή,</span> <span class='ocrx_word' id='word_1_18' title='bbox 895 325 1097 368; x_wconf 80' lang='grc' dir='ltr'><strong><em>ἐνιαυτόν</em></strong></span> <span class='ocrx_word' id='word_1_19' title='bbox 1128 323 1353 377; x_wconf 81' lang='grc' dir='ltr'><strong><em>ἐλεύθεροι</em></strong></span> <span class='ocrx_word' id='word_1_20' title='bbox 1389 323 1628 378; x_wconf 80' lang='grc' dir='ltr'><strong><em>γενόμενοι,</em></strong></span> 
     </span>
     <span class='ocr_line' id='line_1_9' title="bbox 342 390 1632 449; baseline -0.005 -10"><span class='ocrx_word' id='word_1_21' title='bbox 342 397 495 448; x_wconf 69' lang='grc' dir='ltr'><strong><em>Ξαῦτις</em></strong></span> <span class='ocrx_word' id='word_1_22' title='bbox 523 397 569 440; x_wconf 79' lang='grc' dir='ltr'>ἐκ</span> <span class='ocrx_word' id='word_1_23' title='bbox 598 395 695 449; x_wconf 88' lang='grc' dir='ltr'><strong><em>νέης</em></strong></span> <span class='ocrx_word' id='word_1_24' title='bbox 722 393 1112 436; x_wconf 80' lang='grc' dir='ltr'><strong><em>κατεδεδούλωντο.</em></strong></span> <span class='ocrx_word' id='word_1_25' title='bbox 1158 392 1384 445; x_wconf 80' lang='grc' dir='ltr'><strong><em>Δαυρίσης</em></strong></span> <span class='ocrx_word' id='word_1_26' title='bbox 1415 390 1484 439; x_wconf 82' lang='grc' dir='ltr'>δὲ,</span> <span class='ocrx_word' id='word_1_27' title='bbox 1523 390 1632 446; x_wconf 78' lang='grc' dir='ltr'><strong><em>ἔχων</em></strong></span> 
     </span>
    </p>
   </div>
   <div class='ocr_carea' id='block_1_8' title="bbox 370 456 1631 520">
    <p class='ocr_par' dir='ltr' id='par_1_8' title="bbox 370 456 1631 520">
     <span class='ocr_line' id='line_1_10' title="bbox 370 456 1631 520; baseline -0.007 -10"><span class='ocrx_word' id='word_1_28' title='bbox 370 467 562 520; x_wconf 82' lang='grc' dir='ltr'><strong><em>Δαρείου</em></strong></span> <span class='ocrx_word' id='word_1_29' title='bbox 594 461 836 516; x_wconf 76' lang='grc' dir='ltr'><strong><em>θυγατέρα,</em></strong></span> <span class='ocrx_word' id='word_1_30' title='bbox 877 461 950 504; x_wconf 88' lang='grc' dir='ltr'>καὶ</span> <span class='ocrx_word' id='word_1_31' title='bbox 975 461 1123 516; x_wconf 74' lang='grc' dir='ltr'><strong><em>Ὗμέης</em></strong></span> <span class='ocrx_word' id='word_1_32' title='bbox 1151 476 1194 502; x_wconf 88' lang='grc' dir='ltr'><strong><em>τε</em></strong></span> <span class='ocrx_word' id='word_1_33' title='bbox 1227 458 1300 501; x_wconf 87' lang='grc' dir='ltr'>καὶ</span> <span class='ocrx_word' id='word_1_34' title='bbox 1326 456 1527 513; x_wconf 77' lang='grc' dir='ltr'><strong><em>Ὀτάνης,</em></strong></span> <span class='ocrx_word' id='word_1_35' title='bbox 1557 459 1631 501; x_wconf 87' lang='grc' dir='ltr'>καὶ</span> 
     </span>
    </p>
   </div>
   <div class='ocr_carea' id='block_1_9' title="bbox 38 522 1686 584">
    <p class='ocr_par' dir='ltr' id='par_1_9' title="bbox 38 522 1686 584">
     <span class='ocr_line' id='line_1_11' title="bbox 38 522 1686 584; baseline -0.007 -5"><span class='ocrx_word' id='word_1_36' title='bbox 38 534 152 561; x_wconf 70' lang='lat'>¹³²¹¹¹¹¹¹¹</span> <span class='ocrx_word' id='word_1_37' title='bbox 169 531 313 570; x_wconf 58' lang='lat' dir='ltr'><strong>Pmffia‘</strong></span> <span class='ocrx_word' id='word_1_38' title='bbox 371 535 493 578; x_wconf 80' lang='grc' dir='ltr'><strong><em>ἄλλοι</em></strong></span> <span class='ocrx_word' id='word_1_39' title='bbox 524 532 690 584; x_wconf 82' lang='grc' dir='ltr'><strong><em>Πέρσαι</em></strong></span> <span class='ocrx_word' id='word_1_40' title='bbox 710 531 965 584; x_wconf 85' lang='grc' dir='ltr'><strong><em>στρατηγοὶ,</em></strong></span> <span class='ocrx_word' id='word_1_41' title='bbox 998 529 1163 583; x_wconf 78' lang='grc' dir='ltr'><strong><em>ἔχοντες</em></strong></span> <span class='ocrx_word' id='word_1_42' title='bbox 1193 527 1264 570; x_wconf 85' lang='grc' dir='ltr'>καὶ</span> <span class='ocrx_word' id='word_1_43' title='bbox 1297 522 1421 570; x_wconf 76' lang='grc' dir='ltr'><strong><em>οὗτοι</em></strong></span> <span class='ocrx_word' id='word_1_44' title='bbox 1439 527 1686 579; x_wconf 86' lang='grc' dir='ltr'><strong><em>Δαρείου75</em></strong></span> 
     </span>
    </p>
   </div>
   <div class='ocr_carea' id='block_1_10' title="bbox 38 568 313 595">
    <p class='ocr_par' dir='ltr' id='par_1_10' title="bbox 38 568 313 595">
     <span class='ocr_line' id='line_1_12' title="bbox 38 568 313 595; baseline 0.004 -1"><span class='ocrx_word' id='word_1_45' title='bbox 38 568 99 594; x_wconf 75' lang='lat' dir='ltr'>turi</span> <span class='ocrx_word' id='word_1_46' title='bbox 115 568 167 595; x_wconf 81' lang='lat' dir='ltr'>alii</span> <span class='ocrx_word' id='word_1_47' title='bbox 185 568 246 595; x_wconf 89' lang='lat' dir='ltr'>alio</span> <span class='ocrx_word' id='word_1_48' title='bbox 264 576 313 595; x_wconf 81' lang='lat' dir='ltr'>co-</span> 
     </span>
    </p>
   </div>
   <div class='ocr_carea' id='block_1_11' title="bbox 38 601 245 637">
    <p class='ocr_par' dir='ltr' id='par_1_11' title="bbox 38 601 245 637">
     <span class='ocr_line' id='line_1_13' title="bbox 38 601 245 637; baseline 0.01 -9"><span class='ocrx_word' id='word_1_49' title='bbox 38 602 106 637; x_wconf 82' lang='lat' dir='ltr'>pias</span> <span class='ocrx_word' id='word_1_50' title='bbox 125 601 245 630; x_wconf 83' lang='lat' dir='ltr'>ducunt.</span> 
     </span>
    </p>
   </div>
   <div class='ocr_carea' id='block_1_12' title="bbox 209 791 1795 861">
    <p class='ocr_par' dir='ltr' id='par_1_12' title="bbox 209 791 1795 861">
     <span class='ocr_line' id='line_1_14' title="bbox 209 791 1795 861; baseline -0.008 -13"><span class='ocrx_word' id='word_1_51' title='bbox 209 809 306 854; x_wconf 70' lang='lat'>117</span> <span class='ocrx_word' id='word_1_52' title='bbox 362 803 538 859; x_wconf 85' lang='grc' dir='ltr'><strong><em>λόμενοι</em></strong></span> <span class='ocrx_word' id='word_1_53' title='bbox 565 800 640 851; x_wconf 84' lang='grc' dir='ltr'><strong><em>τὰς</em></strong></span> <span class='ocrx_word' id='word_1_54' title='bbox 677 799 803 850; x_wconf 82' lang='grc' dir='ltr'><strong><em>πόλις</em></strong></span> <span class='ocrx_word' id='word_1_55' title='bbox 842 799 1069 853; x_wconf 80' lang='grc' dir='ltr'><strong><em>ἐπόρθεον.</em></strong></span> <span class='ocrx_word' id='word_1_56' title='bbox 1128 800 1354 855; x_wconf 82' lang='grc' dir='ltr'><strong><em>Δαυρίσης</em></strong></span> <span class='ocrx_word' id='word_1_57' title='bbox 1391 798 1491 854; x_wconf 77' lang='grc' dir='ltr'><strong><em>μὲν,</em></strong></span> <span class='ocrx_word' id='word_1_58' title='bbox 1531 816 1628 854; x_wconf 89' lang='grc' dir='ltr'><strong><em>τρα-</em></strong></span> <span class='ocrx_word' id='word_1_59' title='bbox 1685 791 1795 861; x_wconf 36' lang='grc'><strong>435,</strong></span> 
     </span>
    </p>
   </div>
   <div class='ocr_carea' id='block_1_13' title="bbox 35 870 283 1009">
    <p class='ocr_par' dir='ltr' id='par_1_13' title="bbox 36 870 246 899">
     <span class='ocr_line' id='line_1_15' title="bbox 36 870 246 899; baseline 0.01 -2"><span class='ocrx_word' id='word_1_60' title='bbox 36 870 77 898; x_wconf 85' lang='lat' dir='ltr'>Et</span> <span class='ocrx_word' id='word_1_61' title='bbox 103 871 246 899; x_wconf 78' lang='lat' dir='ltr'>naurises</span> 
     </span>
    </p>

    <p class='ocr_par' dir='ltr' id='par_1_14' title="bbox 35 904 283 1009">
     <span class='ocr_line' id='line_1_16' title="bbox 36 904 266 939; baseline 0.004 -8"><span class='ocrx_word' id='word_1_62' title='bbox 36 904 159 939; x_wconf 83' lang='lat' dir='ltr'>quidem</span> <span class='ocrx_word' id='word_1_63' title='bbox 177 906 266 932; x_wconf 84' lang='lat' dir='ltr'>urbes</span> 
     </span>
     <span class='ocr_line' id='line_1_17' title="bbox 35 937 270 972; baseline -0.004 -5"><span class='ocrx_word' id='word_1_64' title='bbox 35 940 65 967; x_wconf 84' lang='lat' dir='ltr'>H</span> <span class='ocrx_word' id='word_1_65' title='bbox 74 937 270 972; x_wconf 80' lang='lat' dir='ltr'>ellespontias</span> 
     </span>
     <span class='ocr_line' id='line_1_18' title="bbox 37 970 283 1009; baseline 0.008 -11"><span class='ocrx_word' id='word_1_66' title='bbox 37 975 79 1009; x_wconf 62' lang='grc' dir='ltr'>[ιζ</span> <span class='ocrx_word' id='word_1_67' title='bbox 97 970 168 1007; x_wconf 84' lang='grc'><strong>103.]</strong></span> <span class='ocrx_word' id='word_1_68' title='bbox 200 973 283 1007; x_wconf 79' lang='lat' dir='ltr'>regis</span> 
     </span>
    </p>
   </div>
   <div class='ocr_carea' id='block_1_14' title="bbox 369 594 1630 656">
    <p class='ocr_par' dir='ltr' id='par_1_15' title="bbox 369 594 1630 656">
     <span class='ocr_line' id='line_1_19' title="bbox 369 594 1630 656; baseline -0.006 -11"><span class='ocrx_word' id='word_1_69' title='bbox 369 599 629 656; x_wconf 82' lang='grc' dir='ltr'><strong><em>θυγατέρας,</em></strong></span> <span class='ocrx_word' id='word_1_70' title='bbox 670 595 971 649; x_wconf 78' lang='grc' dir='ltr'><strong><em>ἐπιδιώξαντες</em></strong></span> <span class='ocrx_word' id='word_1_71' title='bbox 999 595 1104 646; x_wconf 74' lang='grc' dir='ltr'><strong><em>τούς</em></strong></span> <span class='ocrx_word' id='word_1_72' title='bbox 1133 594 1179 637; x_wconf 80' lang='grc' dir='ltr'>ἐν</span> <span class='ocrx_word' id='word_1_73' title='bbox 1206 594 1396 650; x_wconf 79' lang='grc' dir='ltr'><strong><em>Σάρδισι</em></strong></span> <span class='ocrx_word' id='word_1_74' title='bbox 1429 606 1630 647; x_wconf 85' lang='grc' dir='ltr'><strong><em>στρατευ-</em></strong></span> 
     </span>
    </p>
   </div>
   <div class='ocr_carea' id='block_1_15' title="bbox 366 661 1629 790">
    <p class='ocr_par' dir='ltr' id='par_1_16' title="bbox 366 661 1629 790">
     <span class='ocr_line' id='line_1_20' title="bbox 370 661 1629 724; baseline -0.005 -13"><span class='ocrx_word' id='word_1_75' title='bbox 370 667 580 724; x_wconf 83' lang='grc' dir='ltr'><strong><em>σαμένους</em></strong></span> <span class='ocrx_word' id='word_1_76' title='bbox 627 663 812 718; x_wconf 79' lang='grc' dir='ltr'><strong><em>Ἰώνων,</em></strong></span> <span class='ocrx_word' id='word_1_77' title='bbox 865 665 939 708; x_wconf 87' lang='grc' dir='ltr'>καὶ</span> <span class='ocrx_word' id='word_1_78' title='bbox 978 662 1261 718; x_wconf 71' lang='grc' dir='ltr'><strong><em>ἐσαράξαντες</em></strong></span> <span class='ocrx_word' id='word_1_79' title='bbox 1299 674 1436 718; x_wconf 87' lang='grc' dir='ltr'><strong><em>σφεας</em></strong></span> <span class='ocrx_word' id='word_1_80' title='bbox 1474 662 1516 714; x_wconf 81' lang='grc' dir='ltr'>ἐς</span> <span class='ocrx_word' id='word_1_81' title='bbox 1551 661 1629 714; x_wconf 77' lang='grc' dir='ltr'><strong><em>τὰς</em></strong></span> 
     </span>
     <span class='ocr_line' id='line_1_21' title="bbox 366 730 1626 790; baseline -0.004 -11"><span class='ocrx_word' id='word_1_82' title='bbox 366 735 486 787; x_wconf 82' lang='grc' dir='ltr'><strong><em>νέας,</em></strong></span> <span class='ocrx_word' id='word_1_83' title='bbox 517 737 568 790; x_wconf 82' lang='grc' dir='ltr'><strong><em>τῇ</em></strong></span> <span class='ocrx_word' id='word_1_84' title='bbox 598 731 713 789; x_wconf 73' lang='grc' dir='ltr'><em>μάχῃ</em></span> <span class='ocrx_word' id='word_1_85' title='bbox 743 730 803 782; x_wconf 76' lang='grc' dir='ltr'>ὡς</span> <span class='ocrx_word' id='word_1_86' title='bbox 832 731 1145 787; x_wconf 78' lang='grc' dir='ltr'><strong><em>ἐπεκράτησαν,</em></strong></span> <span class='ocrx_word' id='word_1_87' title='bbox 1174 730 1224 773; x_wconf 81' lang='grc' dir='ltr'><strong><em>τό</em></strong></span> <span class='ocrx_word' id='word_1_88' title='bbox 1246 731 1449 773; x_wconf 77' lang='grc' dir='ltr'><strong><em>ἐνθεῦτεν</em></strong></span> <span class='ocrx_word' id='word_1_89' title='bbox 1471 730 1626 774; x_wconf 82' lang='grc' dir='ltr'><strong><em>ἐπιδιε-</em></strong></span> 
     </span>
    </p>
   </div>
   <div class='ocr_carea' id='block_1_16' title="bbox 369 864 1687 994">
    <p class='ocr_par' dir='ltr' id='par_1_17' title="bbox 369 864 1687 994">
     <span class='ocr_line' id='line_1_22' title="bbox 369 864 1630 927; baseline -0.003 -13"><span class='ocrx_word' id='word_1_90' title='bbox 369 871 556 927; x_wconf 85' lang='grc' dir='ltr'><strong><em>πόμενος</em></strong></span> <span class='ocrx_word' id='word_1_91' title='bbox 584 869 692 924; x_wconf 83' lang='grc' dir='ltr'><strong><em>πρὸς</em></strong></span> <span class='ocrx_word' id='word_1_92' title='bbox 730 868 807 920; x_wconf 76' lang='grc' dir='ltr'><strong><em>τὰς</em></strong></span> <span class='ocrx_word' id='word_1_93' title='bbox 837 869 883 911; x_wconf 82' lang='grc' dir='ltr'>έν</span> <span class='ocrx_word' id='word_1_94' title='bbox 907 866 1208 923; x_wconf 83' lang='grc' dir='ltr'><strong><em>Ἑλλησπόντῳ</em></strong></span> <span class='ocrx_word' id='word_1_95' title='bbox 1239 867 1386 920; x_wconf 84' lang='grc' dir='ltr'><strong><em>πόλις,</em></strong></span> <span class='ocrx_word' id='word_1_96' title='bbox 1429 864 1513 910; x_wconf 84' lang='grc' dir='ltr'><strong><em>εἷλε</em></strong></span> <span class='ocrx_word' id='word_1_97' title='bbox 1551 866 1630 922; x_wconf 56' lang='lat' dir='ltr'>yffi)</span> 
     </span>
     <span class='ocr_line' id='line_1_23' title="bbox 372 933 1687 994; baseline -0.005 -12"><span class='ocrx_word' id='word_1_98' title='bbox 372 939 626 994; x_wconf 77' lang='grc' dir='ltr'><strong><em>Δάρδανον,</em></strong></span> <span class='ocrx_word' id='word_1_99' title='bbox 665 934 747 981; x_wconf 83' lang='grc' dir='ltr'><strong><em>εἷλε</em></strong></span> <span class='ocrx_word' id='word_1_100' title='bbox 778 936 824 981; x_wconf 79' lang='grc' dir='ltr'>δὲ</span> <span class='ocrx_word' id='word_1_101' title='bbox 848 936 1042 992; x_wconf 75' lang='grc' dir='ltr'><strong><em>’Ἄβυδόν</em></strong></span> <span class='ocrx_word' id='word_1_102' title='bbox 1079 951 1124 978; x_wconf 83' lang='grc' dir='ltr'><strong><em>τε</em></strong></span> <span class='ocrx_word' id='word_1_103' title='bbox 1159 936 1232 979; x_wconf 84' lang='grc' dir='ltr'>καὶ</span> <span class='ocrx_word' id='word_1_104' title='bbox 1265 933 1519 992; x_wconf 81' lang='grc' dir='ltr'><strong><em>Περκώτην,</em></strong></span> <span class='ocrx_word' id='word_1_105' title='bbox 1557 936 1687 980; x_wconf 80' lang='grc' dir='ltr'><strong><em>καὶδο</em></strong></span> 
     </span>
    </p>
   </div>
   <div class='ocr_carea' id='block_1_17' title="bbox 305 1131 967 1414">
    <p class='ocr_par' dir='ltr' id='par_1_18' title="bbox 305 1131 967 1357">
     <span class='ocr_line' id='line_1_24' title="bbox 308 1131 967 1186; baseline -0.005 -9"><span class='ocrx_word' id='word_1_106' title='bbox 308 1138 370 1177; x_wconf 92' lang='lat' dir='ltr'>Ad</span> <span class='ocrx_word' id='word_1_107' title='bbox 389 1145 617 1176; x_wconf 81' lang='lat' dir='ltr'>structuram</span> <span class='ocrx_word' id='word_1_108' title='bbox 638 1133 794 1186; x_wconf 74' lang='grc' dir='ltr'><strong><em>ἀντέσχε</em></strong></span> <span class='ocrx_word' id='word_1_109' title='bbox 816 1158 867 1163; x_wconf 93' lang='lat'>—</span> <span class='ocrx_word' id='word_1_110' title='bbox 889 1131 967 1174; x_wconf 80' lang='grc' dir='ltr'>Σὸ-</span> 
     </span>
     <span class='ocr_line' id='line_1_25' title="bbox 308 1193 966 1243; baseline -0.012 -8"><span class='ocrx_word' id='word_1_111' title='bbox 308 1201 368 1235; x_wconf 80' lang='grc' dir='ltr'>λοι</span> <span class='ocrx_word' id='word_1_112' title='bbox 389 1196 489 1233; x_wconf 86' lang='lat' dir='ltr'>conf.</span> <span class='ocrx_word' id='word_1_113' title='bbox 509 1193 689 1231; x_wconf 74' lang='lat' dir='ltr'><strong>Matthiae</strong></span> <span class='ocrx_word' id='word_1_114' title='bbox 711 1194 776 1230; x_wconf 87' lang='lat' dir='ltr'>Gr.</span> <span class='ocrx_word' id='word_1_115' title='bbox 790 1194 855 1229; x_wconf 87' lang='lat' dir='ltr'>Gr.</span> <span class='ocrx_word' id='word_1_116' title='bbox 876 1205 966 1243; x_wconf 87' lang='lat' dir='ltr'>pag.</span> 
     </span>
     <span class='ocr_line' id='line_1_26' title="bbox 307 1247 966 1302; baseline -0.006 -13"><span class='ocrx_word' id='word_1_117' title='bbox 307 1255 387 1293; x_wconf 72' lang='lat'>808</span> <span class='ocrx_word' id='word_1_118' title='bbox 410 1259 446 1289; x_wconf 89' lang='lat' dir='ltr'>et</span> <span class='ocrx_word' id='word_1_119' title='bbox 467 1251 513 1288; x_wconf 88' lang='lat' dir='ltr'>de</span> <span class='ocrx_word' id='word_1_120' title='bbox 534 1264 628 1288; x_wconf 87' lang='lat' dir='ltr'>voce</span> <span class='ocrx_word' id='word_1_121' title='bbox 648 1248 759 1302; x_wconf 81' lang='grc' dir='ltr'><strong><em>πέριξ</em></strong></span> <span class='ocrx_word' id='word_1_122' title='bbox 792 1256 887 1286; x_wconf 89' lang='lat' dir='ltr'>nott.</span> <span class='ocrx_word' id='word_1_123' title='bbox 917 1247 966 1286; x_wconf 89' lang='lat' dir='ltr'>ad</span> 
     </span>
     <span class='ocr_line' id='line_1_27' title="bbox 305 1308 456 1357; baseline 0 -11"><span class='ocrx_word' id='word_1_124' title='bbox 305 1310 368 1357; x_wconf 83' lang='lat' dir='ltr'>lv,</span> <span class='ocrx_word' id='word_1_125' title='bbox 391 1308 456 1349; x_wconf 82' lang='lat'>15.</span> 
     </span>
    </p>

    <p class='ocr_par' dir='ltr' id='par_1_19' title="bbox 509 1363 756 1414">
     <span class='ocr_line' id='line_1_28' title="bbox 509 1363 756 1414; baseline -0.004 -13"><span class='ocrx_word' id='word_1_126' title='bbox 509 1364 599 1414; x_wconf 74' lang='lat' dir='ltr'>cap.</span> <span class='ocrx_word' id='word_1_127' title='bbox 622 1363 756 1400; x_wconf 79' lang='lat' dir='ltr'>cxvl.</span> 
     </span>
    </p>
   </div>
   <div class='ocr_carea' id='block_1_18' title="bbox 302 1438 964 1714">
    <p class='ocr_par' dir='ltr' id='par_1_20' title="bbox 302 1438 964 1714">
     <span class='ocr_line' id='line_1_29' title="bbox 362 1438 962 1493; baseline -0.005 -10"><span class='ocrx_word' id='word_1_128' title='bbox 362 1439 471 1490; x_wconf 75' lang='grc' dir='ltr'><strong><em>αὖτις</em></strong></span> <span class='ocrx_word' id='word_1_129' title='bbox 483 1443 524 1482; x_wconf 82' lang='grc' dir='ltr'>ἐκ</span> <span class='ocrx_word' id='word_1_130' title='bbox 537 1441 630 1493; x_wconf 79' lang='grc' dir='ltr'><strong><em>νέης</em></strong></span> <span class='ocrx_word' id='word_1_131' title='bbox 645 1438 962 1481; x_wconf 77' lang='grc' dir='ltr'><strong><em>κατεδεδούλων-</em></strong></span> 
     </span>
     <span class='ocr_line' id='line_1_30' title="bbox 303 1498 962 1550; baseline -0.008 -10"><span class='ocrx_word' id='word_1_132' title='bbox 303 1503 364 1550; x_wconf 89' lang='grc' dir='ltr'><strong><em>το]</em></strong></span> <span class='ocrx_word' id='word_1_133' title='bbox 397 1500 459 1537; x_wconf 90' lang='lat' dir='ltr'>Ad</span> <span class='ocrx_word' id='word_1_134' title='bbox 488 1500 695 1537; x_wconf 83' lang='lat' dir='ltr'>formulam</span> <span class='ocrx_word' id='word_1_135' title='bbox 725 1498 766 1537; x_wconf 78' lang='grc' dir='ltr'>ἐκ</span> <span class='ocrx_word' id='word_1_136' title='bbox 799 1498 892 1547; x_wconf 79' lang='grc' dir='ltr'><strong><em>νέης</em></strong></span> <span class='ocrx_word' id='word_1_137' title='bbox 913 1499 962 1535; x_wconf 86' lang='lat' dir='ltr'>cf.</span> 
     </span>
     <span class='ocr_line' id='line_1_31' title="bbox 302 1555 964 1605; baseline -0.005 -10"><span class='ocrx_word' id='word_1_138' title='bbox 302 1561 331 1605; x_wconf 87' lang='lat' dir='ltr'>l,</span> <span class='ocrx_word' id='word_1_139' title='bbox 355 1561 420 1599; x_wconf 88' lang='grc'>60.</span> <span class='ocrx_word' id='word_1_140' title='bbox 440 1556 617 1594; x_wconf 85' lang='lat' dir='ltr'>Incidunt</span> <span class='ocrx_word' id='word_1_141' title='bbox 632 1555 727 1592; x_wconf 87' lang='lat' dir='ltr'>haec</span> <span class='ocrx_word' id='word_1_142' title='bbox 748 1569 768 1591; x_wconf 91' lang='lat' dir='ltr'>e</span> <span class='ocrx_word' id='word_1_143' title='bbox 783 1555 964 1592; x_wconf 83' lang='lat' dir='ltr'>Larcheri</span> 
     </span>
     <span class='ocr_line' id='line_1_32' title="bbox 305 1614 960 1654; baseline -0.006 -2"><span class='ocrx_word' id='word_1_144' title='bbox 305 1615 510 1652; x_wconf 87' lang='lat' dir='ltr'>rationibus</span> <span class='ocrx_word' id='word_1_145' title='bbox 548 1615 587 1649; x_wconf 84' lang='lat' dir='ltr'>iu</span> <span class='ocrx_word' id='word_1_146' title='bbox 628 1626 774 1649; x_wconf 88' lang='lat' dir='ltr'>annum</span> <span class='ocrx_word' id='word_1_147' title='bbox 813 1614 890 1654; x_wconf 88' lang='grc'>501</span> <span class='ocrx_word' id='word_1_148' title='bbox 925 1625 960 1648; x_wconf 91' lang='lat' dir='ltr'>a.</span> 
     </span>
     <span class='ocr_line' id='line_1_33' title="bbox 305 1667 959 1714; baseline 0.002 -7"><span class='ocrx_word' id='word_1_149' title='bbox 305 1671 394 1708; x_wconf 85' lang='lat' dir='ltr'>Chr.</span> <span class='ocrx_word' id='word_1_150' title='bbox 433 1685 472 1707; x_wconf 86' lang='lat'>11.</span> <span class='ocrx_word' id='word_1_151' title='bbox 531 1669 592 1707; x_wconf 83' lang='lat' dir='ltr'>Ad</span> <span class='ocrx_word' id='word_1_152' title='bbox 631 1671 748 1707; x_wconf 78' lang='lat' dir='ltr'>verba</span> <span class='ocrx_word' id='word_1_153' title='bbox 786 1667 880 1714; x_wconf 73' lang='grc' dir='ltr'>τούς</span> <span class='ocrx_word' id='word_1_154' title='bbox 919 1669 959 1708; x_wconf 79' lang='grc' dir='ltr'>ἐν</span> 
     </span>
    </p>
   </div>
   <div class='ocr_carea' id='block_1_19' title="bbox 302 1721 961 1831">
    <p class='ocr_par' dir='ltr' id='par_1_21' title="bbox 302 1721 961 1831">
     <span class='ocr_line' id='line_1_34' title="bbox 303 1721 961 1779; baseline -0.003 -13"><span class='ocrx_word' id='word_1_155' title='bbox 303 1725 474 1779; x_wconf 72' lang='grc' dir='ltr'><strong><em>Σάρδισι</em></strong></span> <span class='ocrx_word' id='word_1_156' title='bbox 493 1725 854 1777; x_wconf 79' lang='grc' dir='ltr'><strong><em>στρατευσαμένους</em></strong></span> <span class='ocrx_word' id='word_1_157' title='bbox 872 1721 961 1765; x_wconf 78' lang='lat' dir='ltr'><em>’Im&#39;-</em></span> 
     </span>
     <span class='ocr_line' id='line_1_35' title="bbox 302 1784 709 1831; baseline -0.007 -8"><span class='ocrx_word' id='word_1_158' title='bbox 302 1800 384 1824; x_wconf 88' lang='grc' dir='ltr'>νων</span> <span class='ocrx_word' id='word_1_159' title='bbox 414 1785 515 1822; x_wconf 86' lang='lat' dir='ltr'>conf.</span> <span class='ocrx_word' id='word_1_160' title='bbox 546 1784 591 1831; x_wconf 83' lang='lat' dir='ltr'>V,</span> <span class='ocrx_word' id='word_1_161' title='bbox 616 1787 709 1824; x_wconf 76' lang='lat'>102.</span> 
     </span>
    </p>
   </div>
   <div class='ocr_carea' id='block_1_20' title="bbox 298 1869 961 2488">
    <p class='ocr_par' dir='ltr' id='par_1_22' title="bbox 298 1869 961 2488">
     <span class='ocr_line' id='line_1_36' title="bbox 357 1869 960 1925; baseline -0.002 -13"><span class='ocrx_word' id='word_1_162' title='bbox 357 1869 614 1925; x_wconf 75' lang='grc' dir='ltr'><strong><em>έσαράξαντές</em></strong></span> <span class='ocrx_word' id='word_1_163' title='bbox 653 1885 778 1922; x_wconf 86' lang='grc' dir='ltr'><strong><em>σφεας</em></strong></span> <span class='ocrx_word' id='word_1_164' title='bbox 812 1871 852 1919; x_wconf 85' lang='grc' dir='ltr'>ές</span> <span class='ocrx_word' id='word_1_165' title='bbox 892 1869 960 1920; x_wconf 68' lang='grc' dir='ltr'><strong><em>τοὶς</em></strong></span> 
     </span>
     <span class='ocr_line' id='line_1_37' title="bbox 301 1928 960 1978; baseline -0.003 -10"><span class='ocrx_word' id='word_1_166' title='bbox 301 1928 418 1978; x_wconf 81' lang='grc' dir='ltr'><strong><em>νέας]</em></strong></span> <span class='ocrx_word' id='word_1_167' title='bbox 462 1932 491 1969; x_wconf 92' lang='lat' dir='ltr'>i.</span> <span class='ocrx_word' id='word_1_168' title='bbox 530 1944 562 1967; x_wconf 88' lang='lat' dir='ltr'>e.</span> <span class='ocrx_word' id='word_1_169' title='bbox 593 1943 670 1967; x_wconf 84' lang='lat' dir='ltr'>cum</span> <span class='ocrx_word' id='word_1_170' title='bbox 698 1931 777 1968; x_wconf 78' lang='lat' dir='ltr'>illos</span> <span class='ocrx_word' id='word_1_171' title='bbox 797 1932 835 1967; x_wconf 80' lang='lat' dir='ltr'>in</span> <span class='ocrx_word' id='word_1_172' title='bbox 854 1943 960 1967; x_wconf 73' lang='lat' dir='ltr'>naves</span> 
     </span>
     <span class='ocr_line' id='line_1_38' title="bbox 301 1987 957 2036; baseline 0.002 -14"><span class='ocrx_word' id='word_1_173' title='bbox 301 1987 550 2036; x_wconf 77' lang='lat' dir='ltr'><em>compulissent.</em></span> <span class='ocrx_word' id='word_1_174' title='bbox 586 1987 696 2024; x_wconf 88' lang='lat' dir='ltr'>Conf.</span> <span class='ocrx_word' id='word_1_175' title='bbox 717 1994 813 2024; x_wconf 86' lang='lat' dir='ltr'>nott.</span> <span class='ocrx_word' id='word_1_176' title='bbox 830 1987 878 2023; x_wconf 83' lang='lat' dir='ltr'>ad</span> <span class='ocrx_word' id='word_1_177' title='bbox 893 1988 957 2034; x_wconf 78' lang='lat' dir='ltr'>IV,</span> 
     </span>
     <span class='ocr_line' id='line_1_39' title="bbox 304 2044 961 2094; baseline 0.003 -16"><span class='ocrx_word' id='word_1_178' title='bbox 304 2046 394 2083; x_wconf 80' lang='lat'>128.</span> <span class='ocrx_word' id='word_1_179' title='bbox 410 2064 466 2070; x_wconf 80' lang='lat'>—</span> <span class='ocrx_word' id='word_1_180' title='bbox 488 2044 592 2088; x_wconf 79' lang='lat' dir='ltr'>Quae</span> <span class='ocrx_word' id='word_1_181' title='bbox 612 2046 785 2094; x_wconf 79' lang='lat' dir='ltr'>proxime</span> <span class='ocrx_word' id='word_1_182' title='bbox 806 2051 961 2081; x_wconf 83' lang='lat' dir='ltr'>antece-</span> 
     </span>
     <span class='ocr_line' id='line_1_40' title="bbox 302 2095 957 2149; baseline 0.008 -15"><span class='ocrx_word' id='word_1_183' title='bbox 302 2098 397 2135; x_wconf 88' lang='lat' dir='ltr'>dunt</span> <span class='ocrx_word' id='word_1_184' title='bbox 416 2101 552 2136; x_wconf 75' lang='lat' dir='ltr'>verba:</span> <span class='ocrx_word' id='word_1_185' title='bbox 589 2099 737 2149; x_wconf 78' lang='grc' dir='ltr'><strong><em>ἕχοντες</em></strong></span> <span class='ocrx_word' id='word_1_186' title='bbox 757 2099 825 2139; x_wconf 79' lang='grc' dir='ltr'>καὶ</span> <span class='ocrx_word' id='word_1_187' title='bbox 847 2095 957 2139; x_wconf 69' lang='grc' dir='ltr'><strong><em>οὗτοι</em></strong></span> 
     </span>
     <span class='ocr_line' id='line_1_41' title="bbox 302 2155 956 2207; baseline 0.002 -15"><span class='ocrx_word' id='word_1_188' title='bbox 302 2156 474 2205; x_wconf 81' lang='grc' dir='ltr'><strong><em>Δαρείου</em></strong></span> <span class='ocrx_word' id='word_1_189' title='bbox 496 2155 733 2207; x_wconf 81' lang='grc' dir='ltr'><strong><em>θυγατέρας,</em></strong></span> <span class='ocrx_word' id='word_1_190' title='bbox 765 2171 809 2193; x_wconf 84' lang='lat' dir='ltr'>ea</span> <span class='ocrx_word' id='word_1_191' title='bbox 830 2159 956 2194; x_wconf 85' lang='lat' dir='ltr'>couti—</span> 
     </span>
     <span class='ocr_line' id='line_1_42' title="bbox 300 2210 955 2262; baseline 0.011 -16"><span class='ocrx_word' id='word_1_192' title='bbox 300 2224 379 2247; x_wconf 87' lang='lat' dir='ltr'>nuo</span> <span class='ocrx_word' id='word_1_193' title='bbox 400 2219 483 2261; x_wconf 86' lang='lat' dir='ltr'>post</span> <span class='ocrx_word' id='word_1_194' title='bbox 503 2212 569 2249; x_wconf 81' lang='grc' dir='ltr'><strong><em>καὶ</em></strong></span> <span class='ocrx_word' id='word_1_195' title='bbox 585 2210 724 2262; x_wconf 59' lang='grc' dir='ltr'><strong><em>’Υμέης</em></strong></span> <span class='ocrx_word' id='word_1_196' title='bbox 746 2228 786 2252; x_wconf 82' lang='grc' dir='ltr'><strong><em>τε</em></strong></span> <span class='ocrx_word' id='word_1_197' title='bbox 806 2210 955 2253; x_wconf 75' lang='grc' dir='ltr'><strong><em>καὶὈ-</em></strong></span> 
     </span>
     <span class='ocr_line' id='line_1_43' title="bbox 299 2263 954 2318; baseline 0.005 -14"><span class='ocrx_word' id='word_1_198' title='bbox 299 2263 425 2316; x_wconf 76' lang='grc' dir='ltr'><strong><em>τάνης</em></strong></span> <span class='ocrx_word' id='word_1_199' title='bbox 442 2268 663 2304; x_wconf 81' lang='lat' dir='ltr'>collocanda</span> <span class='ocrx_word' id='word_1_200' title='bbox 693 2278 820 2307; x_wconf 82' lang='lat' dir='ltr'>censet</span> <span class='ocrx_word' id='word_1_201' title='bbox 845 2272 954 2318; x_wconf 84' lang='lat' dir='ltr'>Miot,</span> 
     </span>
     <span class='ocr_line' id='line_1_44' title="bbox 299 2324 957 2374; baseline 0.008 -15"><span class='ocrx_word' id='word_1_202' title='bbox 299 2324 429 2360; x_wconf 80' lang='lat' dir='ltr'>Gallus</span> <span class='ocrx_word' id='word_1_203' title='bbox 460 2325 664 2374; x_wconf 80' lang='lat' dir='ltr'>interpres,</span> <span class='ocrx_word' id='word_1_204' title='bbox 709 2328 827 2363; x_wconf 84' lang='lat' dir='ltr'>nimio</span> <span class='ocrx_word' id='word_1_205' title='bbox 857 2327 957 2364; x_wconf 80' lang='lat' dir='ltr'>filia-</span> 
     </span>
     <span class='ocr_line' id='line_1_45' title="bbox 300 2381 957 2421; baseline 0.009 -6"><span class='ocrx_word' id='word_1_206' title='bbox 300 2393 383 2416; x_wconf 88' lang='lat' dir='ltr'>rum</span> <span class='ocrx_word' id='word_1_207' title='bbox 405 2381 507 2416; x_wconf 84' lang='lat' dir='ltr'>Darii</span> <span class='ocrx_word' id='word_1_208' title='bbox 526 2394 685 2417; x_wconf 87' lang='lat' dir='ltr'>numero</span> <span class='ocrx_word' id='word_1_209' title='bbox 707 2382 883 2420; x_wconf 81' lang='lat' dir='ltr'>offensus.</span> <span class='ocrx_word' id='word_1_210' title='bbox 904 2385 957 2421; x_wconf 84' lang='lat' dir='ltr'>At</span> 
     </span>
     <span class='ocr_line' id='line_1_46' title="bbox 298 2436 955 2488; baseline 0.009 -17"><span class='ocrx_word' id='word_1_211' title='bbox 298 2437 328 2472; x_wconf 88' lang='lat' dir='ltr'>si</span> <span class='ocrx_word' id='word_1_212' title='bbox 350 2443 511 2486; x_wconf 85' lang='lat' dir='ltr'>reputes,</span> <span class='ocrx_word' id='word_1_213' title='bbox 543 2444 635 2488; x_wconf 89' lang='lat' dir='ltr'>quot</span> <span class='ocrx_word' id='word_1_214' title='bbox 649 2436 845 2476; x_wconf 76' lang='lat' dir='ltr'>habuerint</span> <span class='ocrx_word' id='word_1_215' title='bbox 862 2442 955 2477; x_wconf 89' lang='lat' dir='ltr'>Per-</span> 
     </span>
    </p>
   </div>
   <div class='ocr_carea' id='block_1_21' title="bbox 272 2497 955 2546">
    <p class='ocr_par' dir='ltr' id='par_1_23' title="bbox 272 2497 955 2546">
     <span class='ocr_line' id='line_1_47' title="bbox 272 2497 955 2546; baseline 0.009 -18"><span class='ocrx_word' id='word_1_216' title='bbox 272 2532 276 2536; x_wconf 57' lang='grc'>,</span> <span class='ocrx_word' id='word_1_217' title='bbox 298 2506 425 2529; x_wconf 84' lang='lat' dir='ltr'>sarum</span> <span class='ocrx_word' id='word_1_218' title='bbox 446 2506 553 2543; x_wconf 79' lang='lat' dir='ltr'>reges</span> <span class='ocrx_word' id='word_1_219' title='bbox 575 2507 712 2530; x_wconf 84' lang='lat' dir='ltr'>uxores</span> <span class='ocrx_word' id='word_1_220' title='bbox 743 2497 801 2531; x_wconf 86' lang='lat' dir='ltr'>vel</span> <span class='ocrx_word' id='word_1_221' title='bbox 833 2499 955 2546; x_wconf 87' lang='lat' dir='ltr'>potius</span> 
     </span>
    </p>
   </div>
   <div class='ocr_carea' id='block_1_22' title="bbox 296 2549 956 2885">
    <p class='ocr_par' dir='ltr' id='par_1_24' title="bbox 296 2549 956 2885">
     <span class='ocr_line' id='line_1_48' title="bbox 298 2549 954 2603; baseline 0.008 -18"><span class='ocrx_word' id='word_1_222' title='bbox 298 2550 449 2599; x_wconf 83' lang='lat' dir='ltr'>pellices</span> <span class='ocrx_word' id='word_1_223' title='bbox 470 2549 590 2598; x_wconf 81' lang='lat' dir='ltr'>(conf.</span> <span class='ocrx_word' id='word_1_224' title='bbox 611 2552 776 2587; x_wconf 84' lang='lat' dir='ltr'>Brisson.</span> <span class='ocrx_word' id='word_1_225' title='bbox 798 2554 854 2588; x_wconf 91' lang='lat' dir='ltr'>De</span> <span class='ocrx_word' id='word_1_226' title='bbox 875 2566 954 2603; x_wconf 80' lang='lat' dir='ltr'>reg.</span> 
     </span>
     <span class='ocr_line' id='line_1_49' title="bbox 298 2606 956 2659; baseline 0.006 -18"><span class='ocrx_word' id='word_1_227' title='bbox 298 2606 402 2643; x_wconf 88' lang='lat' dir='ltr'>Pers.</span> <span class='ocrx_word' id='word_1_228' title='bbox 422 2607 583 2656; x_wconf 78' lang='lat' dir='ltr'>princip.</span> <span class='ocrx_word' id='word_1_229' title='bbox 610 2608 718 2655; x_wconf 86' lang='lat'>110),</span> <span class='ocrx_word' id='word_1_230' title='bbox 734 2609 858 2644; x_wconf 82' lang='lat' dir='ltr'>minus</span> <span class='ocrx_word' id='word_1_231' title='bbox 870 2611 956 2659; x_wconf 88' lang='lat' dir='ltr'>opi-</span> 
     </span>
     <span class='ocr_line' id='line_1_50' title="bbox 299 2662 954 2706; baseline 0.005 -9"><span class='ocrx_word' id='word_1_232' title='bbox 299 2675 386 2706; x_wconf 84' lang='lat' dir='ltr'>nor,</span> <span class='ocrx_word' id='word_1_233' title='bbox 415 2664 533 2699; x_wconf 87' lang='lat' dir='ltr'>mirus</span> <span class='ocrx_word' id='word_1_234' title='bbox 557 2662 691 2700; x_wconf 81' lang='lat' dir='ltr'>evadet</span> <span class='ocrx_word' id='word_1_235' title='bbox 712 2670 836 2700; x_wconf 79' lang='lat' dir='ltr'>tantus</span> <span class='ocrx_word' id='word_1_236' title='bbox 858 2665 954 2700; x_wconf 78' lang='lat' dir='ltr'>lilia-</span> 
     </span>
     <span class='ocr_line' id='line_1_51' title="bbox 298 2719 953 2757; baseline 0.005 -3"><span class='ocrx_word' id='word_1_237' title='bbox 298 2732 383 2754; x_wconf 83' lang='lat' dir='ltr'>rum</span> <span class='ocrx_word' id='word_1_238' title='bbox 404 2732 598 2757; x_wconf 86' lang='lat' dir='ltr'>numerus.</span> <span class='ocrx_word' id='word_1_239' title='bbox 658 2719 818 2756; x_wconf 84' lang='lat' dir='ltr'>Accedit</span> <span class='ocrx_word' id='word_1_240' title='bbox 841 2722 953 2757; x_wconf 70' lang='lat' dir='ltr'>etiam</span> 
     </span>
     <span class='ocr_line' id='line_1_52' title="bbox 298 2774 955 2828; baseline 0.006 -18"><span class='ocrx_word' id='word_1_241' title='bbox 298 2774 412 2822; x_wconf 87' lang='lat' dir='ltr'>illud,</span> <span class='ocrx_word' id='word_1_242' title='bbox 464 2775 569 2827; x_wconf 86' lang='lat' dir='ltr'>quod</span> <span class='ocrx_word' id='word_1_243' title='bbox 599 2778 663 2828; x_wconf 83' lang='lat' dir='ltr'>qui</span> <span class='ocrx_word' id='word_1_244' title='bbox 690 2784 860 2827; x_wconf 81' lang='lat' dir='ltr'>satrapae</span> <span class='ocrx_word' id='word_1_245' title='bbox 890 2785 955 2814; x_wconf 80' lang='lat' dir='ltr'>ant</span> 
     </span>
     <span class='ocr_line' id='line_1_53' title="bbox 296 2830 954 2885; baseline 0.005 -18"><span class='ocrx_word' id='word_1_246' title='bbox 296 2830 400 2869; x_wconf 81' lang='lat' dir='ltr'>ducis</span> <span class='ocrx_word' id='word_1_247' title='bbox 421 2845 559 2870; x_wconf 88' lang='lat' dir='ltr'>munus</span> <span class='ocrx_word' id='word_1_248' title='bbox 590 2832 692 2885; x_wconf 85' lang='lat' dir='ltr'>apud</span> <span class='ocrx_word' id='word_1_249' title='bbox 725 2835 856 2871; x_wconf 83' lang='lat' dir='ltr'>Persas</span> <span class='ocrx_word' id='word_1_250' title='bbox 884 2834 954 2871; x_wconf 86' lang='lat' dir='ltr'>ob-</span> 
     </span>
    </p>
   </div>
   <div class='ocr_carea' id='block_1_23' title="bbox 1021 1131 1684 1356">
    <p class='ocr_par' dir='ltr' id='par_1_25' title="bbox 1021 1131 1684 1356">
     <span class='ocr_line' id='line_1_54' title="bbox 1022 1131 1683 1186; baseline -0.003 -15"><span class='ocrx_word' id='word_1_251' title='bbox 1022 1136 1214 1183; x_wconf 84' lang='lat' dir='ltr'>tinebant,</span> <span class='ocrx_word' id='word_1_252' title='bbox 1266 1135 1494 1186; x_wconf 84' lang='lat' dir='ltr'>plerumque</span> <span class='ocrx_word' id='word_1_253' title='bbox 1530 1131 1683 1170; x_wconf 85' lang='lat' dir='ltr'>Achae-</span> 
     </span>
     <span class='ocr_line' id='line_1_55' title="bbox 1021 1190 1684 1242; baseline -0.003 -14"><span class='ocrx_word' id='word_1_254' title='bbox 1021 1190 1266 1228; x_wconf 78' lang='lat' dir='ltr'>menidanun</span> <span class='ocrx_word' id='word_1_255' title='bbox 1296 1205 1344 1228; x_wconf 88' lang='lat' dir='ltr'>ex</span> <span class='ocrx_word' id='word_1_256' title='bbox 1373 1192 1487 1242; x_wconf 85' lang='lat' dir='ltr'>stirpe</span> <span class='ocrx_word' id='word_1_257' title='bbox 1506 1191 1684 1241; x_wconf 76' lang='lat' dir='ltr'>prognati</span> 
     </span>
     <span class='ocr_line' id='line_1_56' title="bbox 1022 1247 1682 1297; baseline -0.005 -12"><span class='ocrx_word' id='word_1_258' title='bbox 1022 1256 1088 1286; x_wconf 88' lang='lat' dir='ltr'>aut</span> <span class='ocrx_word' id='word_1_259' title='bbox 1115 1249 1194 1285; x_wconf 91' lang='lat' dir='ltr'>ullo</span> <span class='ocrx_word' id='word_1_260' title='bbox 1223 1250 1296 1285; x_wconf 79' lang='lat' dir='ltr'>alio</span> <span class='ocrx_word' id='word_1_261' title='bbox 1326 1247 1443 1285; x_wconf 88' lang='lat' dir='ltr'>modo</span> <span class='ocrx_word' id='word_1_262' title='bbox 1475 1260 1564 1284; x_wconf 83' lang='lat' dir='ltr'>cum</span> <span class='ocrx_word' id='word_1_263' title='bbox 1592 1259 1682 1297; x_wconf 86' lang='lat' dir='ltr'>rege</span> 
     </span>
     <span class='ocr_line' id='line_1_57' title="bbox 1021 1302 1682 1356; baseline -0.003 -14"><span class='ocrx_word' id='word_1_264' title='bbox 1021 1307 1174 1356; x_wconf 70' lang='lat' dir='ltr'>cognati</span> <span class='ocrx_word' id='word_1_265' title='bbox 1196 1312 1314 1342; x_wconf 85' lang='lat' dir='ltr'>erant.</span> <span class='ocrx_word' id='word_1_266' title='bbox 1374 1304 1484 1342; x_wconf 86' lang='lat' dir='ltr'>Conf.</span> <span class='ocrx_word' id='word_1_267' title='bbox 1514 1310 1611 1340; x_wconf 87' lang='lat' dir='ltr'>nott.</span> <span class='ocrx_word' id='word_1_268' title='bbox 1634 1302 1682 1340; x_wconf 87' lang='lat' dir='ltr'>ad</span> 
     </span>
    </p>
   </div>
   <div class='ocr_carea' id='block_1_24' title="bbox 1018 1363 1483 1503">
    <p class='ocr_par' dir='ltr' id='par_1_26' title="bbox 1018 1363 1483 1503">
     <span class='ocr_line' id='line_1_58' title="bbox 1018 1363 1152 1411; baseline 0.007 -12"><span class='ocrx_word' id='word_1_269' title='bbox 1018 1364 1063 1411; x_wconf 83' lang='lat' dir='ltr'>v,</span> <span class='ocrx_word' id='word_1_270' title='bbox 1084 1363 1152 1404; x_wconf 81' lang='lat'>25.</span> 
     </span>
     <span class='ocr_line' id='line_1_59' title="bbox 1217 1451 1483 1503; baseline -0.011 -14"><span class='ocrx_word' id='word_1_271' title='bbox 1217 1453 1310 1503; x_wconf 77' lang='lat' dir='ltr'>Cap.</span> <span class='ocrx_word' id='word_1_272' title='bbox 1331 1451 1483 1488; x_wconf 84' lang='lat' dir='ltr'>cxvn.</span> 
     </span>
    </p>
   </div>
   <div class='ocr_carea' id='block_1_25' title="bbox 1010 1527 1681 2883">
    <p class='ocr_par' dir='ltr' id='par_1_27' title="bbox 1010 1527 1681 2883">
     <span class='ocr_line' id='line_1_60' title="bbox 1079 1527 1680 1584; baseline -0.01 -13"><span class='ocrx_word' id='word_1_273' title='bbox 1079 1527 1155 1571; x_wconf 76' lang='grc' dir='ltr'><strong><em>εἷλε</em></strong></span> <span class='ocrx_word' id='word_1_274' title='bbox 1178 1530 1250 1584; x_wconf 79' lang='grc' dir='ltr'>μὲν</span> <span class='ocrx_word' id='word_1_275' title='bbox 1267 1528 1501 1583; x_wconf 78' lang='grc' dir='ltr'><strong><em>Δάρδανον]</em></strong></span> <span class='ocrx_word' id='word_1_276' title='bbox 1533 1528 1680 1566; x_wconf 81' lang='lat' dir='ltr'>Darda-</span> 
     </span>
     <span class='ocr_line' id='line_1_61' title="bbox 1019 1586 1681 1640; baseline -0.008 -14"><span class='ocrx_word' id='word_1_277' title='bbox 1019 1602 1087 1626; x_wconf 79' lang='lat' dir='ltr'>nus</span> <span class='ocrx_word' id='word_1_278' title='bbox 1106 1590 1146 1625; x_wconf 89' lang='lat' dir='ltr'>in</span> <span class='ocrx_word' id='word_1_279' title='bbox 1166 1590 1323 1640; x_wconf 82' lang='lat' dir='ltr'>regione</span> <span class='ocrx_word' id='word_1_280' title='bbox 1346 1586 1551 1634; x_wconf 87' lang='lat' dir='ltr'>Dardania,</span> <span class='ocrx_word' id='word_1_281' title='bbox 1583 1598 1681 1638; x_wconf 89' lang='lat' dir='ltr'>quae</span> 
     </span>
     <span class='ocr_line' id='line_1_62' title="bbox 1018 1645 1678 1697; baseline -0.008 -14"><span class='ocrx_word' id='word_1_282' title='bbox 1018 1645 1165 1683; x_wconf 92' lang='lat' dir='ltr'>Troadi</span> <span class='ocrx_word' id='word_1_283' title='bbox 1221 1646 1396 1697; x_wconf 85' lang='lat' dir='ltr'>proxima</span> <span class='ocrx_word' id='word_1_284' title='bbox 1446 1649 1678 1690; x_wconf 86' lang='lat' dir='ltr'>accensetur,</span> 
     </span>
     <span class='ocr_line' id='line_1_63' title="bbox 1016 1701 1681 1754; baseline -0.006 -15"><span class='ocrx_word' id='word_1_285' title='bbox 1016 1716 1136 1754; x_wconf 86' lang='lat' dir='ltr'>prope</span> <span class='ocrx_word' id='word_1_286' title='bbox 1156 1702 1474 1754; x_wconf 84' lang='lat' dir='ltr'>promontorium,</span> <span class='ocrx_word' id='word_1_287' title='bbox 1496 1701 1558 1737; x_wconf 87' lang='lat' dir='ltr'>cui</span> <span class='ocrx_word' id='word_1_288' title='bbox 1576 1712 1681 1736; x_wconf 86' lang='lat' dir='ltr'>nunc</span> 
     </span>
     <span class='ocr_line' id='line_1_64' title="bbox 1016 1756 1681 1809; baseline -0.005 -13"><span class='ocrx_word' id='word_1_289' title='bbox 1016 1772 1160 1796; x_wconf 88' lang='lat' dir='ltr'>nomen</span> <span class='ocrx_word' id='word_1_290' title='bbox 1192 1759 1277 1809; x_wconf 83' lang='lat' dir='ltr'>Cap.</span> <span class='ocrx_word' id='word_1_291' title='bbox 1308 1758 1463 1795; x_wconf 76' lang='lat' dir='ltr'>Barbier</span> <span class='ocrx_word' id='word_1_292' title='bbox 1502 1770 1532 1793; x_wconf 81' lang='lat' dir='ltr'>S.</span> <span class='ocrx_word' id='word_1_293' title='bbox 1575 1756 1681 1806; x_wconf 76' lang='lat' dir='ltr'>Cepos</span> 
     </span>
     <span class='ocr_line' id='line_1_65' title="bbox 1016 1814 1680 1864; baseline -0.009 -10"><span class='ocrx_word' id='word_1_294' title='bbox 1016 1816 1160 1864; x_wconf 78' lang='lat' dir='ltr'>Burun,</span> <span class='ocrx_word' id='word_1_295' title='bbox 1181 1817 1247 1852; x_wconf 88' lang='lat' dir='ltr'>ubi</span> <span class='ocrx_word' id='word_1_296' title='bbox 1269 1816 1535 1864; x_wconf 86' lang='lat' dir='ltr'>Hellespontus</span> <span class='ocrx_word' id='word_1_297' title='bbox 1555 1814 1597 1849; x_wconf 88' lang='lat' dir='ltr'>in</span> <span class='ocrx_word' id='word_1_298' title='bbox 1617 1825 1680 1848; x_wconf 86' lang='lat' dir='ltr'>ar-</span> 
     </span>
     <span class='ocr_line' id='line_1_66' title="bbox 1019 1869 1680 1922; baseline -0.008 -12"><span class='ocrx_word' id='word_1_299' title='bbox 1019 1875 1114 1910; x_wconf 88' lang='lat' dir='ltr'>ctius</span> <span class='ocrx_word' id='word_1_300' title='bbox 1135 1871 1307 1910; x_wconf 84' lang='lat' dir='ltr'>contrahi</span> <span class='ocrx_word' id='word_1_301' title='bbox 1325 1873 1469 1922; x_wconf 84' lang='lat' dir='ltr'>incipit,</span> <span class='ocrx_word' id='word_1_302' title='bbox 1492 1869 1540 1906; x_wconf 88' lang='lat' dir='ltr'>ad</span> <span class='ocrx_word' id='word_1_303' title='bbox 1559 1870 1680 1906; x_wconf 85' lang='lat' dir='ltr'>meri-</span> 
     </span>
     <span class='ocr_line' id='line_1_67' title="bbox 1016 1927 1677 1981; baseline -0.009 -14"><span class='ocrx_word' id='word_1_304' title='bbox 1016 1930 1120 1967; x_wconf 84' lang='lat' dir='ltr'>diem</span> <span class='ocrx_word' id='word_1_305' title='bbox 1158 1928 1288 1981; x_wconf 71' lang='lat' dir='ltr'>Abydi</span> <span class='ocrx_word' id='word_1_306' title='bbox 1326 1929 1424 1965; x_wconf 86' lang='lat' dir='ltr'>circa</span> <span class='ocrx_word' id='word_1_307' title='bbox 1467 1927 1677 1977; x_wconf 73' lang='lat' dir='ltr'>regionem,</span> 
     </span>
     <span class='ocr_line' id='line_1_68' title="bbox 1019 1981 1678 2038; baseline -0.009 -14"><span class='ocrx_word' id='word_1_308' title='bbox 1019 2000 1117 2038; x_wconf 74' lang='lat' dir='ltr'>quae</span> <span class='ocrx_word' id='word_1_309' title='bbox 1143 2000 1248 2023; x_wconf 89' lang='lat' dir='ltr'>nunc</span> <span class='ocrx_word' id='word_1_310' title='bbox 1267 1992 1427 2024; x_wconf 75' lang='lat' dir='ltr'>vocatur</span> <span class='ocrx_word' id='word_1_311' title='bbox 1454 1981 1678 2020; x_wconf 85' lang='lat' dir='ltr'>Kalabalik-</span> 
     </span>
     <span class='ocr_line' id='line_1_69' title="bbox 1018 2043 1677 2093; baseline -0.009 -12"><span class='ocrx_word' id='word_1_312' title='bbox 1018 2045 1136 2091; x_wconf 79' lang='lat' dir='ltr'>Kevi,</span> <span class='ocrx_word' id='word_1_313' title='bbox 1172 2045 1242 2081; x_wconf 89' lang='lat' dir='ltr'>sita</span> <span class='ocrx_word' id='word_1_314' title='bbox 1261 2043 1352 2090; x_wconf 82' lang='lat' dir='ltr'>fuit,</span> <span class='ocrx_word' id='word_1_315' title='bbox 1384 2048 1534 2093; x_wconf 87' lang='lat' dir='ltr'>postera</span> <span class='ocrx_word' id='word_1_316' title='bbox 1553 2046 1677 2076; x_wconf 84' lang='lat' dir='ltr'>aetate</span> 
     </span>
     <span class='ocr_line' id='line_1_70' title="bbox 1018 2094 1677 2150; baseline -0.008 -13"><span class='ocrx_word' id='word_1_317' title='bbox 1018 2114 1063 2137; x_wconf 94' lang='lat' dir='ltr'>eo</span> <span class='ocrx_word' id='word_1_318' title='bbox 1083 2102 1325 2150; x_wconf 87' lang='lat' dir='ltr'>potissimum</span> <span class='ocrx_word' id='word_1_319' title='bbox 1353 2099 1531 2148; x_wconf 82' lang='lat' dir='ltr'>insignis,</span> <span class='ocrx_word' id='word_1_320' title='bbox 1573 2094 1677 2148; x_wconf 90' lang='lat' dir='ltr'>quod</span> 
     </span>
     <span class='ocr_line' id='line_1_71' title="bbox 1016 2151 1677 2206; baseline -0.009 -12"><span class='ocrx_word' id='word_1_321' title='bbox 1016 2159 1070 2194; x_wconf 89' lang='lat' dir='ltr'>ibi</span> <span class='ocrx_word' id='word_1_322' title='bbox 1088 2156 1325 2194; x_wconf 87' lang='lat' dir='ltr'>Mithridates</span> <span class='ocrx_word' id='word_1_323' title='bbox 1353 2163 1468 2206; x_wconf 87' lang='lat' dir='ltr'>atque</span> <span class='ocrx_word' id='word_1_324' title='bbox 1490 2154 1597 2205; x_wconf 85' lang='lat' dir='ltr'>Sylla</span> <span class='ocrx_word' id='word_1_325' title='bbox 1629 2151 1677 2188; x_wconf 85' lang='lat' dir='ltr'>de</span> 
     </span>
     <span class='ocr_line' id='line_1_72' title="bbox 1010 2207 1676 2265; baseline -0.011 -14"><span class='ocrx_word' id='word_1_326' title='bbox 1010 2228 1105 2265; x_wconf 86' lang='lat' dir='ltr'>pace</span> <span class='ocrx_word' id='word_1_327' title='bbox 1125 2214 1347 2251; x_wconf 77' lang='lat' dir='ltr'>convenisse</span> <span class='ocrx_word' id='word_1_328' title='bbox 1368 2211 1558 2248; x_wconf 79' lang='lat' dir='ltr'>dicuutur.</span> <span class='ocrx_word' id='word_1_329' title='bbox 1587 2207 1676 2245; x_wconf 89' lang='lat' dir='ltr'>Vid.</span> 
     </span>
     <span class='ocr_line' id='line_1_73' title="bbox 1011 2265 1676 2320; baseline -0.009 -13"><span class='ocrx_word' id='word_1_330' title='bbox 1011 2273 1201 2308; x_wconf 84' lang='lat' dir='ltr'>Mannert.</span> <span class='ocrx_word' id='word_1_331' title='bbox 1225 2272 1366 2320; x_wconf 81' lang='lat' dir='ltr'>Geogr.</span> <span class='ocrx_word' id='word_1_332' title='bbox 1380 2269 1445 2316; x_wconf 88' lang='lat' dir='ltr'>VI,</span> <span class='ocrx_word' id='word_1_333' title='bbox 1460 2270 1483 2308; x_wconf 83' lang='lat'><strong>3</strong></span> <span class='ocrx_word' id='word_1_334' title='bbox 1494 2279 1582 2318; x_wconf 86' lang='lat' dir='ltr'>pag.</span> <span class='ocrx_word' id='word_1_335' title='bbox 1595 2265 1676 2307; x_wconf 88' lang='lat'>507</span> 
     </span>
     <span class='ocr_line' id='line_1_74' title="bbox 1011 2325 1675 2380; baseline -0.012 -15"><span class='ocrx_word' id='word_1_336' title='bbox 1011 2342 1091 2380; x_wconf 87' lang='lat' dir='ltr'>seq.</span> <span class='ocrx_word' id='word_1_337' title='bbox 1121 2329 1159 2364; x_wconf 94' lang='lat' dir='ltr'>T</span> <span class='ocrx_word' id='word_1_338' title='bbox 1162 2325 1366 2364; x_wconf 88' lang='lat' dir='ltr'>zschucke.</span> <span class='ocrx_word' id='word_1_339' title='bbox 1408 2331 1505 2361; x_wconf 86' lang='lat' dir='ltr'>nott.</span> <span class='ocrx_word' id='word_1_340' title='bbox 1536 2334 1675 2372; x_wconf 78' lang='lat' dir='ltr'>exegg,</span> 
     </span>
     <span class='ocr_line' id='line_1_75' title="bbox 1013 2378 1673 2432; baseline -0.012 -11"><span class='ocrx_word' id='word_1_341' title='bbox 1013 2384 1060 2421; x_wconf 88' lang='lat' dir='ltr'>ad</span> <span class='ocrx_word' id='word_1_342' title='bbox 1080 2385 1168 2424; x_wconf 86' lang='lat' dir='ltr'>Mel.</span> <span class='ocrx_word' id='word_1_343' title='bbox 1191 2386 1221 2431; x_wconf 92' lang='lat' dir='ltr'>I,</span> <span class='ocrx_word' id='word_1_344' title='bbox 1238 2386 1288 2425; x_wconf 83' lang='lat'>18</span> <span class='ocrx_word' id='word_1_345' title='bbox 1310 2385 1346 2429; x_wconf 64' lang='grc' dir='ltr'>ξ.</span> <span class='ocrx_word' id='word_1_346' title='bbox 1369 2383 1394 2423; x_wconf 89' lang='grc'><em>5</em></span> <span class='ocrx_word' id='word_1_347' title='bbox 1414 2395 1453 2432; x_wconf 88' lang='lat' dir='ltr'>p.</span> <span class='ocrx_word' id='word_1_348' title='bbox 1484 2378 1565 2421; x_wconf 83' lang='lat'>543</span> <span class='ocrx_word' id='word_1_349' title='bbox 1594 2391 1673 2431; x_wconf 51' lang='lat' dir='ltr'>seq.</span> 
     </span>
     <span class='ocr_line' id='line_1_76' title="bbox 1010 2435 1675 2480; baseline -0.014 -1"><span class='ocrx_word' id='word_1_350' title='bbox 1010 2442 1097 2479; x_wconf 80' lang='lat' dir='ltr'>Vol.</span> <span class='ocrx_word' id='word_1_351' title='bbox 1126 2442 1180 2478; x_wconf 89' lang='lat'>111</span> <span class='ocrx_word' id='word_1_352' title='bbox 1209 2443 1254 2478; x_wconf 91' lang='lat' dir='ltr'>P.</span> <span class='ocrx_word' id='word_1_353' title='bbox 1285 2442 1316 2480; x_wconf 88' lang='grc' dir='ltr'>Ι.</span> <span class='ocrx_word' id='word_1_354' title='bbox 1357 2441 1500 2475; x_wconf 88' lang='lat' dir='ltr'>Kruse:</span> <span class='ocrx_word' id='word_1_355' title='bbox 1549 2435 1675 2472; x_wconf 87' lang='lat' dir='ltr'>Ueber</span> 
     </span>
     <span class='ocr_line' id='line_1_77' title="bbox 1011 2491 1674 2545; baseline -0.011 -10"><span class='ocrx_word' id='word_1_356' title='bbox 1011 2497 1201 2535; x_wconf 85' lang='lat' dir='ltr'>Herodots</span> <span class='ocrx_word' id='word_1_357' title='bbox 1221 2498 1483 2545; x_wconf 85' lang='lat' dir='ltr'>Ausmessung</span> <span class='ocrx_word' id='word_1_358' title='bbox 1505 2491 1542 2530; x_wconf 83' lang='lat' dir='ltr'>d.</span> <span class='ocrx_word' id='word_1_359' title='bbox 1564 2494 1674 2529; x_wconf 88' lang='lat' dir='ltr'>Pou-</span> 
     </span>
     <span class='ocr_line' id='line_1_78' title="bbox 1011 2549 1674 2606; baseline -0.011 -15"><span class='ocrx_word' id='word_1_360' title='bbox 1011 2562 1070 2592; x_wconf 87' lang='lat' dir='ltr'>tus</span> <span class='ocrx_word' id='word_1_361' title='bbox 1097 2560 1168 2591; x_wconf 86' lang='lat' dir='ltr'>etc.</span> <span class='ocrx_word' id='word_1_362' title='bbox 1199 2569 1237 2606; x_wconf 91' lang='lat' dir='ltr'>p.</span> <span class='ocrx_word' id='word_1_363' title='bbox 1264 2556 1330 2594; x_wconf 88' lang='lat'>70.</span> <span class='ocrx_word' id='word_1_364' title='bbox 1363 2555 1432 2593; x_wconf 88' lang='lat'>71.</span> <span class='ocrx_word' id='word_1_365' title='bbox 1492 2549 1674 2602; x_wconf 86' lang='lat' dir='ltr'>Sequitur</span> 
     </span>
     <span class='ocr_line' id='line_1_79' title="bbox 1011 2607 1672 2662; baseline -0.012 -14"><span class='ocrx_word' id='word_1_366' title='bbox 1011 2612 1181 2662; x_wconf 79' lang='lat' dir='ltr'>Abydus,</span> <span class='ocrx_word' id='word_1_367' title='bbox 1229 2612 1269 2647; x_wconf 89' lang='lat' dir='ltr'>in</span> <span class='ocrx_word' id='word_1_368' title='bbox 1307 2611 1390 2661; x_wconf 87' lang='lat' dir='ltr'>ipso</span> <span class='ocrx_word' id='word_1_369' title='bbox 1423 2607 1672 2658; x_wconf 87' lang='lat' dir='ltr'>Hellesponto</span> 
     </span>
     <span class='ocr_line' id='line_1_80' title="bbox 1010 2662 1673 2719; baseline -0.012 -15"><span class='ocrx_word' id='word_1_370' title='bbox 1010 2669 1104 2715; x_wconf 84' lang='lat' dir='ltr'>sita,</span> <span class='ocrx_word' id='word_1_371' title='bbox 1135 2668 1223 2705; x_wconf 84' lang='lat' dir='ltr'>urbs</span> <span class='ocrx_word' id='word_1_372' title='bbox 1261 2665 1522 2719; x_wconf 85' lang='lat' dir='ltr'>antiquissima</span> <span class='ocrx_word' id='word_1_373' title='bbox 1555 2675 1577 2699; x_wconf 88' lang='lat' dir='ltr'>a</span> <span class='ocrx_word' id='word_1_374' title='bbox 1596 2662 1673 2697; x_wconf 88' lang='lat' dir='ltr'>Mi-</span> 
     </span>
     <span class='ocr_line' id='line_1_81' title="bbox 1010 2721 1672 2772; baseline -0.008 -13"><span class='ocrx_word' id='word_1_375' title='bbox 1010 2724 1107 2760; x_wconf 85' lang='lat' dir='ltr'>lesiis</span> <span class='ocrx_word' id='word_1_376' title='bbox 1129 2723 1280 2762; x_wconf 81' lang='lat' dir='ltr'>condita</span> <span class='ocrx_word' id='word_1_377' title='bbox 1295 2754 1304 2772; x_wconf 95' lang='lat'>,</span> <span class='ocrx_word' id='word_1_378' title='bbox 1335 2736 1356 2760; x_wconf 89' lang='lat' dir='ltr'>a</span> <span class='ocrx_word' id='word_1_379' title='bbox 1384 2721 1522 2758; x_wconf 86' lang='lat' dir='ltr'>Turcis</span> <span class='ocrx_word' id='word_1_380' title='bbox 1542 2725 1672 2770; x_wconf 83' lang='lat' dir='ltr'>postea</span> 
     </span>
     <span class='ocr_line' id='line_1_82' title="bbox 1011 2782 1672 2833; baseline -0.006 -18"><span class='ocrx_word' id='word_1_381' title='bbox 1011 2787 1173 2828; x_wconf 80' lang='lat' dir='ltr'>vastata,</span> <span class='ocrx_word' id='word_1_382' title='bbox 1225 2782 1290 2833; x_wconf 87' lang='lat' dir='ltr'>qui</span> <span class='ocrx_word' id='word_1_383' title='bbox 1319 2791 1467 2825; x_wconf 89' lang='lat' dir='ltr'>arcem,</span> <span class='ocrx_word' id='word_1_384' title='bbox 1505 2783 1547 2812; x_wconf 91' lang='lat' dir='ltr'>ut</span> <span class='ocrx_word' id='word_1_385' title='bbox 1580 2788 1672 2812; x_wconf 87' lang='lat' dir='ltr'>nar-</span> 
     </span>
     <span class='ocr_line' id='line_1_83' title="bbox 1012 2833 1672 2883; baseline -0.003 -13"><span class='ocrx_word' id='word_1_386' title='bbox 1012 2843 1330 2883; x_wconf 75' lang='lat' dir='ltr'>rant‚exstruxere</span> <span class='ocrx_word' id='word_1_387' title='bbox 1341 2835 1509 2874; x_wconf 78' lang='lat' dir='ltr'>Sultanie</span> <span class='ocrx_word' id='word_1_388' title='bbox 1518 2833 1672 2877; x_wconf 73' lang='lat' dir='ltr'>Kale-ssi,</span> 
     </span>
    </p>
   </div>
  </div>
 </body>
</html>
