1815 3181
397 210 480 250 156

799 209 1263 247 HERODOTI

271 335 338 380 84
399 317 699 374 Κλεφθέντων
729 317 776 360 δὲ
805 319 942 361 τῶνδε
973 321 1061 361 τῶν
1089 317 1366 375 ἀγαλμάτων,
1396 322 1440 364 οἱ
1466 318 1667 364 Ἐπιδαύ-

402 404 492 443 ριοι
527 392 642 430 τοῖσι
670 384 937 440 Ἀθηναίοισι
979 385 1030 428 τὰ
1061 387 1300 431 συνέθεντο
1332 386 1414 432 οὐκ
1435 386 1666 432 ἐπετέλεον.

399 455 644 511 πέμψαντες
677 453 724 496 δὲ
755 454 798 496 οἱ
833 452 1059 510 Ἀθηναῖοι
1097 454 1277 511 ἐμήνιον
1321 460 1435 499 τοῖσι
1469 454 1666 499 Ἐπιδαυ-

371 525 562 578 Ξρίοισι·
601 523 646 564 οἱ
688 521 734 565 δὲ
777 519 1026 577 ἀπέφαινον
1069 522 1185 580 λόγῳ
1230 523 1292 574 ὥς
1329 521 1411 567 οὐκ
1445 522 1664 567 ἀδικοῖεν·

399 592 507 636 ὅσον
535 589 615 645 μὲν
653 589 737 645 γάρ
764 591 925 646 χρόνον
954 586 1073 645 εἶχον
1104 590 1156 633 τὰ
1188 588 1412 647 ἀγάλματα
1442 591 1489 635 έν
1517 595 1569 648 τῇ
1589 591 1668 646 χεό-
1679 598 1724 631 20

64 398 280 434 Athenienses,

62 433 239 467 Epidauriis
249 422 324 460 01⁷1us

61 467 141 494 illud
166 475 299 494 annuum

62 500 126 527 iam
142 500 341 528 detrectanti-

61 533 128 568 bus,
149 537 271 573 raptum
287 534 324 561 ab

63 555 224 602 Aeginetis
248 576 338 604 repe-

61 606 148 629 tunt:

61 1072 118 1100 sed
135 1072 272 1100 dumvim
282 1072 335 1100 ad-

61 1105 178 1141 hibent,
207 1110 334 1134 conatus

62 1140 110 1167 vel
124 1128 249 1167 numine
260 1140 337 1167 divi-

61 1182 111 1206 no,
128 1184 147 1200 v
151 1173 179 1200 el
195 1173 273 1208 quod
284 1176 336 1201 Ar

60 1206 123 1247 givi
139 1208 307 1242 Aeginetae

62 1246 216 1277 iuvarent,
240 1246 302 1271 tam

397 676 475 717 ρῃ,
517 657 746 701 ἐπιτελέειν
786 656 841 700 τοὶ
879 657 1145 702 συνέθεντο·

1185 658 1285 709 ἐπεὶ
1327 659 1373 702 δὲ
1407 659 1668 716 ἐστερῆσθαι

397 726 570 777 αὐτῶν,
600 723 655 769 οὐ
686 726 860 769 δίκαιον
891 723 1004 769 εἶναι
1033 725 1274 783 ἀποφέρειν
1304 727 1385 781 ἔτι,
1425 726 1533 771 ἀλλὰ
1563 725 1668 778 τούς

367 805 388 839 3
403 798 581 854 ἔχοντας
602 792 711 838 αὐτὰ
734 792 972 850 Αἰγινήτας
992 793 1268 850 πρήσσεσθαι
1291 795 1505 838 ἐκέλευον.
1548 793 1668 850 Πρὸς

394 867 534 909 ταῦτα
567 861 815 918 Ἀθηναῖοι,
864 861 907 912 ές
946 864 1133 918 Αἴγιναν
1153 862 1418 919 πέμψαντες,
1460 861 1668 905 ἀπαίτεον

394 933 446 977 τοὶ
479 930 724 988 ἀγάλματα·
759 931 803 972 οἱ
828 929 874 973 δὲ
904 931 1132 987 Αἰγινῆται
1163 932 1352 988 ἔφασαν,
1379 933 1504 987 σφίσι
1529 946 1573 973 τε
1593 929 1723 973 καὶ25

266 1004 332 1053 85
390 1001 662 1058 Ἀθηναίοισι
691 995 804 1041 εἶναι
833 997 967 1041 οὐδὲν
996 1004 1186 1057 πρῆγμα.
1219 998 1448 1057 Ἀθηναῖοι
1479 999 1560 1055 μέν
1582 1014 1666 1041 νυν

394 1069 594 1126 λέγουσι,
634 1065 740 1123 μετά
779 1065 860 1122 τήν
899 1065 1135 1125 ἀπαίτησιν
1172 1066 1473 1124 ἀποσταλῆναι
1501 1065 1668 1122 τριήρεϊ

394 1141 473 1194 μιῇ
514 1140 601 1180 τῶν
645 1133 792 1179 ἀστῶν
830 1133 1040 1188 τούτους,
1100 1138 1144 1180 οἳ
1181 1135 1542 1192 ἀποπεμφθέντες
1578 1133 1666 1178 ἀπὸ

399 1211 480 1251 τοῦ
512 1206 692 1252 κοινοῦ,
727 1202 801 1247 καὶ
839 1201 1098 1259 ἀπικόμενοι
1127 1205 1170 1256 ές
1202 1206 1414 1260 Αἴγιναν,
1453 1203 1505 1247 τὰ
1536 1200 1664 1259 ἀγάλ-

337 1426 442 1450 nunc
494 1424 650 1464 quoque
709 1412 873 1450 conferri
922 1411 1004 1448 vult

338 1469 508 1508 Schoell.
528 1470 692 1507 Histoire
713 1469 760 1507 de
790 1469 827 1505 la
845 1469 1001 1504 Literat.

337 1529 514 1579 Grecque
532 1527 569 1563 H
587 1539 675 1578 pag.
693 1530 719 1568 2
738 1525 827 1563 infr.
849 1547 901 1552 —
937 1524 1001 1562 Ad

337 1585 455 1622 verba
483 1587 616 1630 κακῶς
639 1581 682 1624 δὲ
713 1579 916 1636 ἠγόρευον
949 1582 998 1620 ef.

336 1640 473 1678 Matth.
495 1642 563 1678 Gr.
584 1642 652 1679 Gr.
670 1653 758 1692 pag.
780 1643 876 1682 762.
904 1640 1000 1676 Mox

339 1698 428 1736 dedi
457 1691 563 1749 ἦσαν
589 1711 658 1748 pro
701 1697 794 1736 ἔσαν
825 1699 998 1749 itemque

339 1755 511 1807 ιροργίαι
556 1755 728 1805 pluribus
760 1756 883 1806 iisque
911 1767 999 1790 me-

336 1812 492 1849 lioribus
530 1812 633 1849 libris
680 1812 885 1863 probatum
929 1824 999 1862 pro

338 1868 552 1920 ἱρουργίαι.
629 1869 901 1918 Intelliguntur
929 1880 1002 1904 au·-

339 1934 430 1973 tem,
454 1931 495 1961 ut
515 1938 564 1961 ex
584 1924 733 1963 adiecta
752 1938 849 1963 voce
871 1922 1000 1976 ἅῤῥη-

338 1998 399 2023 τοι
439 1989 617 2033 apparet‚
667 1995 772 2020 sacra
800 1995 936 2020 arcana
969 1995 1000 2018 s.

338 2041 450 2086 ritus,
484 2041 724 2077 ceremoniae
745 2038 793 2076 ad
821 2039 1001 2092 mysterIa

338 2097 582 2148 pertinentes.

505 2197 598 2250 Cap.
615 2198 831 2236 LXXXIV.

380 2261 455 2306 οὐκ
467 2262 692 2314 ἐπετέλεον]
709 2267 767 2302 lta
775 2275 866 2301 cum
879 2263 996 2300 Gaisf.

338 2331 376 2361 et
404 2320 542 2360 Matth.
576 2321 806 2360 Schaeferus
846 2333 867 2356 e
898 2319 998 2356 duo-

338 2382 408 2418 bus
438 2378 550 2417 codd.
582 2380 726 2429 recepit
757 2375 997 2423 ἐπετέλεον,

339 2435 694 2487 Schweighaeuser.
737 2434 904 2470 malebat
947 2431 1000 2470 ἔτι

335 2493 487 2534 ἐτέλεον
529 2493 590 2530 vel
619 2490 674 2531 ἔτι
705 2490 849 2530 τέλεον.
907 2490 999 2525 Mox

336 2564 426 2588 cum
446 2556 604 2589 recentt.
627 2547 715 2585 edd.
742 2547 881 2584 retinui
901 2542 1000 2596 ε’μή-

337 2623 448 2655 νιον,
479 2605 680 2645 addicente
710 2604 929 2641 Florentino
951 2603 999 2639 li-

334 2666 416 2702 bro.
475 2667 575 2703 Olim
627 2656 817 2713 ἐμήνυον.
886 2661 997 2696 Cous.

334 2723 425 2769 v‚11
463 2725 534 2763 169
565 2721 692 2771 ibique
721 2718 844 2754 allata.
914 2719 995 2754 Hoc

335 2780 431 2826 ioco,
454 2786 496 2815 ut
517 2779 690 2814 observat
711 2773 828 2812 Schw
831 2775 889 2823 eig
877 2773 932 2811 ·.Ιι
956 2777 993 2811 ἰιι

334 2837 429 2873 Lex.
449 2834 691 2881 Herodoteo,
714 2830 812 2870 istud
833 2833 992 2869 verbum

1058 1424 1139 1449 non
1168 1412 1269 1449 valet
1295 1416 1448 1448 tantum
1478 1410 1612 1457 irasci,
1642 1421 1722 1445 suc-

1059 1481 1213 1516 censere,
1243 1467 1310 1506 sed
1329 1469 1476 1519 potius:
1509 1468 1600 1504 iram
1621 1477 1721 1502 suam

1057 1526 1165 1563 alteri
1174 1525 1355 1564 declarare
1367 1555 1376 1572 ,
1404 1523 1624 1575 expostulare
1644 1534 1720 1559 cum

1057 1584 1186 1631 altero,
1237 1582 1447 1633 exprobrare
1488 1580 1595 1619 alten·
1631 1578 1722 1617 male

1048 1640 1204 1691 factum.

1116 1697 1158 1737 οἷ
1175 1694 1217 1737 δὲ
1240 1691 1465 1744 ἀπέφαινον
1488 1688 1626 1746 λόγῳ]
1659 1705 1721 1729 ra-

1056 1755 1148 1791 tione
1185 1754 1489 1798 demonstrarunt,
1511 1756 1553 1785 ut
1573 1750 1721 1797 1‚129.

1058 1778 1626 1873 SicV,94:c}wods1nv25vt}9
1654 1801 1720 1844 λό-

1057 1883 1129 1937 γω.
1186 1869 1232 1904 In
1252 1878 1358 1918 seqq.
1387 1863 1475 1902 dedi
1496 1877 1630 1902 αυτων
1649 1874 1720 1912 pro

1060 1920 1229 1964 αὐτέων.
1265 1945 1315 1951 -—
1355 1921 1420 1959 Ad
1447 1920 1592 1958 verba·
1582 1932 1622 1955 m
1643 1918 1720 1954 fine

1055 1981 1194 2050 capitis
1223 1980 1369 2031 posita:
1417 1977 1531 2028 σφίσι
1571 1990 1613 2015 τε
1650 1973 1718 2015 καὶ

1055 2033 1309 2089 Ἀθηναίοισι
1350 2031 1452 2075 εἶναι
1475 2029 1595 2072 ον’δὲν
1613 2034 1720 2085 πρῆ-

1056 2110 1136 2148 γμα
1158 2094 1259 2133 conf.
1281 2100 1378 2130 nott.
1399 2091 1448 2129 ad
1467 2090 1513 2138 V,
1531 2092 1599 2131 33.

1228 2196 1321 2246 Gap.
1350 2193 1548 2231 LXXXV.

1116 2260 1450 2314 ἀποπεμφθέντες
1463 2256 1625 2300 ἀπὸτοῦ
1634 2273 1718 2298 κοι-

1056 2321 1161 2369 νοῦ]
1191 2321 1216 2359 i.
1238 2334 1273 2357 e.
1302 2319 1441 2369 publice
1458 2319 1567 2354 missi.
1623 2317 1718 2353 Mox

1055 2391 1125 2429 pro
1146 2376 1360 2428 ἐπειρῶντο
1374 2376 1414 2411 in
1428 2373 1614 2421 Mediceo,
1625 2373 1717 2409 Flo-

1056 2435 1220 2481 rentino,
1251 2433 1332 2470 aliis
1352 2430 1467 2469 codd.
1489 2437 1610 2468 exstat
1630 2443 1717 2468 πει-

1056 2492 1134 2543 ρᾶν
1154 2489 1259 2542 quod
1279 2490 1474 2527 Gronovio
1494 2487 1636 2539 placuit
1656 2492 1716 2522 at-

1057 2560 1132 2599 que
1161 2545 1459 2593 Valckenaerio,
1511 2544 1578 2596 qui
1607 2543 1715 2593 plura

1056 2605 1128 2641 alia
1151 2605 1265 2641 etiam
1285 2603 1324 2640 in
1344 2601 1514 2640 hocloco
1530 2598 1713 2637 mutanda

1055 2667 1205 2708 censet,
1244 2673 1343 2713 quae
1374 2671 1494 2712 quum
1521 2658 1568 2694 ab
1589 2657 1714 2692 Heio—

1055 2718 1133 2755 doti
1147 2730 1263 2754 manu
1285 2715 1541 2766 codicumque
1550 2712 1714 2762 vestigiis

1052 2775 1200 2826 longius
1211 2773 1402 2820 recedam,
1420 2785 1491 2809 nec
1507 2771 1586 2808 ullo
1594 2767 1713 2806 modo

1052 2844 1260 2870 necessaria
1291 2844 1369 2868 esse
1409 2827 1632 2867 videantur:
1675 2823 1713 2861 id
