1851 3181
434 261 520 302 548

434 367 595 426 γμένας
624 365 765 423 ὁρθὰς
795 365 912 423 εἶχον
933 366 1190 422 πεπηγυίας,
1222 365 1485 421 ἀναξυρίδας
1514 366 1561 410 δὲ
1588 365 1701 411 ἐνδε-
1758 372 1840 417 540

711 434 814 486 τόξα
855 434 901 478 δὲ
943 433 1174 489 ἐπιχώρια,
1207 434 1280 477 καὶ
1310 435 1566 490 ἐγχειρίδια,
1595 434 1761 490 πρὸς35

439 437 628 480 δύκεσαν
640 451 650 462 ·

836 256 1305 295 HERODOTI

409 504 492 548 3δὲ
530 503 605 546 καὶ
646 501 796 555 ἀξίνας
829 499 1014 558 σαγάρις
1054 497 1182 556 εἶχον.
1241 501 1426 553 τούτους
1466 501 1515 546 δὲ
1555 500 1705 554 ἐόντας

437 571 628 622 Σκύθας
652 568 929 627 Ἀμυργίους,
959 567 1112 620 Σάκας
1140 568 1329 614 ἐκάλεον·
1359 571 1404 614 οἱ
1430 568 1516 627 γαρ
1538 569 1706 625 Πέρσαι

435 759 676 817 ἅναξυρίδας
694 763 738 804 δὲ
758 762 1042 814 ἐνδεδύκεσαν]

378 820 573 858 Mediceus
623 835 712 859 cum
761 821 909 859 duobus
960 823 1042 860 aliis

377 877 490 916 codd.
529 876 824 918 ἐνεδεδύκεσαν.
880 878 944 916 Ad
969 892 1042 917 vo-

376 948 463 971 cem
488 930 730 988 ἀναξυρίδας
750 936 852 974 conf.
873 943 969 974 nott.
991 935 1040 973 ad

374 992 441 1040 ΠΙ,
476 994 543 1033 87.

432 1053 571 1106 οἷξίνας
603 1055 766 1111 σαγάρις
799 1055 933 1111 εἶχον]
965 1071 1037 1099 σα-

373 1112 490 1168 γάρις
510 1128 579 1166 pro
610 1117 702 1152 olim
721 1117 826 1167 vulg.
854 1112 1038 1170 σαγάρεις

373 1173 614 1209 Florentinus
636 1172 912 1224 suppeditabat.
961 1174 1037 1210 Vo-

374 1241 461 1265 cem
500 1225 650 1277 ἀξίνας,
691 1242 808 1281 quam
842 1228 1037 1268 Mediceus

373 1286 515 1337 aliique
542 1286 626 1322 libri
646 1288 834 1334 retinent,
873 1300 893 1322 e
921 1285 1037 1324 scho-

372 1342 424 1379 lio
450 1343 492 1378 in
519 1348 669 1379 textum
696 1344 884 1394 irrepsisse
911 1345 1036 1394 suspi-

374 1405 479 1436 catus
500 1406 578 1436 erat
586 1400 818 1450 Wesseling.
833 1401 1036 1437 continuo-

373 1467 448 1507 que
466 1456 571 1492 illam
583 1457 691 1494 eiecit
701 1455 939 1496 Schaeferus.
956 1459 1036 1494 Ne-

372 1524 449 1563 que
463 1525 553 1549 vero
574 1513 693 1549 ullam
713 1527 866 1551 causam
887 1528 926 1551 se
945 1528 1036 1565 per-

371 1569 518 1619 spicere
532 1581 641 1619 posse
661 1571 711 1606 ait
732 1569 1036 1620 Schweighaeu-

371 1638 487 1673 serus,
509 1638 576 1662 cur
596 1625 791 1663 Herodoto
813 1640 893 1663 non
911 1628 1035 1664 licue-

371 1682 420 1718 rit
437 1683 638 1732 peregrino
665 1684 827 1730 nomini,
849 1684 961 1735 quale
980 1691 1034 1721 est

371 1735 556 1791 σάγαρις,
589 1737 728 1775 addere
749 1740 941 1777 Graecum
959 1753 1034 1777 no-

370 1807 475 1842 men,
504 1801 547 1831 ut
565 1796 631 1843 III,
657 1798 708 1836 12
728 1793 1032 1849 πίλους-τιάρας.

369 1852 600 1902 Intelligitur
630 1859 760 1889 autem
807 1855 937 1890 securis
967 1867 1031 1890 ea-

369 1921 445 1960 que
468 1909 646 1958 bipennis,
679 1909 834 1960 qualem
861 1910 1030 1948 Amazo-

367 1977 436 2001 nes
466 1963 642 2002 habuisse
673 1965 868 2014 feruntur,
900 1967 1031 2004 obser-

366 2027 482 2059 vante
515 2022 694 2072 Mongez.
729 2023 754 2061 l.
785 2023 811 2061 l.
843 2036 930 2074 pag.
964 2026 1030 2065 67,

366 2079 436 2118 68.
493 2078 576 2113 Alia
608 2079 688 2128 ipse
709 2078 797 2116 dedi
818 2079 866 2116 ad
884 2081 914 2128 Ι,
945 2080 1029 2122 215

366 2145 416 2169 ex
453 2140 559 2183 parte
588 2147 705 2182 nunc,
735 2137 888 2186 opinor,
908 2143 1030 2173 retra-

367 2188 518 2227 ctanda.
576 2190 688 2235 Quod
709 2194 823 2240 enim,
845 2205 962 2244 quem
976 2194 1029 2230 ibi

367 2245 492 2294 citavi,
508 2247 641 2286 Ritter.
662 2247 877 2285 Erdkunde
888 2251 924 2285 H
937 2262 1028 2300 pag.

365 2303 447 2343 789
466 2301 541 2339 hoc
561 2304 680 2339 telum
703 2303 807 2341 idem
828 2319 906 2342 esse
927 2307 1029 2342 arbi-

364 2364 496 2407 tratur,
518 2360 580 2396 cui
600 2359 703 2410 apud
730 2362 862 2398 Persas
882 2374 1026 2399 nomen

365 2416 527 2453 acinaces
548 2422 585 2452 et
615 2415 718 2466 apud
747 2417 921 2455 Saxones
951 2431 1026 2455 no-

364 2484 455 2508 men
477 2471 580 2520 δαῖε,
601 2473 767 2510 cultrum
785 2475 865 2514 scil.
886 2475 1027 2525 pugio-

363 2529 423 2565 nis
443 2527 491 2566 ad
502 2529 666 2566 somnam
686 2531 933 2578 elaboratum,
955 2545 1024 2569 ve-

362 2597 448 2621 reor
468 2592 521 2634 ut,
543 2598 640 2637 quae
659 2587 758 2624 bene
778 2589 851 2624 sint
882 2587 1026 2624 discer-

362 2640 503 2691 nenda,
524 2642 664 2680 suerint
684 2644 1025 2685 confusa.1stius-

363 2697 469 2735 modi
500 2700 603 2736 enim
633 2701 760 2738 cultris
779 2702 899 2751 mag1s
928 2714 1023 2738 con-

362 2756 517 2792 venIent
535 2756 722 2794 Herodoti
742 2756 964 2809 ἐγχειρίδια.

416 2806 684 2865 Ἀμυργίους]
705 2816 761 2851 lta
780 2815 1020 2852 Florentinus

360 2864 514 2905 exhibet
554 2869 649 2906 liber
679 2877 794 2924 atque
831 2869 1019 2923 Stephan.

1097 766 1194 816 Byz.
1214 778 1242 802 s.
1271 778 1309 803 v.
1328 777 1417 816 pag.
1448 765 1542 806 122.
1598 766 1643 802 In
1672 765 1760 801 Me-

1099 821 1208 859 diceo
1238 822 1335 858 libro
1356 823 1507 873 alioque
1527 827 1582 859 est
1600 821 1759 874 Αἰμυρ-

1096 880 1208 930 γίους
1222 908 1232 926 ,
1275 880 1316 915 in
1346 879 1540 916 Sancrofti
1575 879 1671 915 libro
1713 891 1758 915 ac

1095 935 1210 974 Vind.
1224 932 1493 988 Εύμυργίους.
1549 935 1649 972 Cum
1669 935 1759 987 qui-

1092 993 1162 1030 bus
1184 994 1369 1029 Gatterer.
1388 993 1429 1028 in
1441 993 1672 1030 Commentt.
1692 1004 1758 1029 so-

1093 1050 1178 1088 ciet.
1201 1051 1305 1086 Gott.
1325 1050 1477 1087 T.X1V
1496 1062 1571 1100 pag
1594 1052 1646 1089 12
1661 1061 1758 1085 con-

1092 1106 1182 1143 ferri
1200 1106 1306 1142 iubet
1335 1107 1434 1143 Plin.
1466 1108 1516 1143 H.
1545 1107 1591 1146 N.
1619 1105 1681 1142 VI.
1704 1106 1757 1144 19

1093 1162 1185 1213 (17)
1218 1164 1254 1208 ᾗ.
1290 1161 1344 1202 50
1366 1161 1413 1199 de
1441 1161 1593 1214 Scythis
1612 1163 1665 1198 ita
1693 1162 1759 1198 lo-

1094 1226 1303 1271 quentem:
1337 1221 1500 1267 „Persae
1525 1220 1609 1256 illos
1638 1218 1755 1255 Sacas

1091 1277 1132 1312 in
1147 1277 1368 1314 universum
1382 1277 1619 1327 appellavere
1632 1288 1653 1311 a
1662 1287 1757 1326 pro-

1091 1334 1197 1369 xima
1209 1339 1335 1383 gente,
1348 1334 1496 1385 antiqui
1506 1331 1756 1369 Aramaeos.“

1091 1390 1268 1441 Namque
1294 1390 1532 1440 Arymphaeos
1558 1390 1598 1425 in
1617 1387 1676 1425 his
1695 1388 1758 1424 la-

1091 1453 1170 1483 tere
1197 1446 1406 1496 suspicatur
1419 1475 1429 1495 ‚
1459 1447 1525 1498 qui
1543 1444 1662 1482 iidem
1680 1445 1756 1482 sint

1092 1510 1206 1554 atque
1235 1502 1421 1540 Herodoti
1448 1503 1664 1553 Argippaei,
1705 1500 1754 1538 de

1095 1560 1230 1612 quibus
1252 1558 1332 1596 dixi
1358 1559 1408 1597 ad
1426 1560 1489 1608 IV,
1517 1562 1584 1608 23,
1605 1558 1654 1595 ad
1663 1558 1755 1595 Cal-

1090 1629 1318 1653 muccorum
1330 1623 1486 1667 gentem
1507 1616 1754 1667 pertinentes.

1089 1674 1120 1709 Ι.
1138 1672 1185 1709 de
1205 1675 1413 1710 Hammero
1430 1673 1754 1722 (Anuall.Vienn.

1088 1731 1145 1766 IX
1164 1742 1253 1780 pag.
1273 1728 1326 1769 43
1359 1730 1542 1766 Osmann.
1573 1730 1713 1767 Histor.
1733 1729 1754 1764 I

1088 1798 1176 1836 pag.
1202 1789 1220 1825 1
1246 1792 1283 1822 et
1299 1785 1400 1837 564)
1430 1787 1470 1822 in
1489 1786 1672 1836 Amyrgiis
1697 1785 1753 1822 la-

1087 1849 1167 1879 tere
1198 1841 1375 1879 videntur
1406 1842 1519 1880 Turci
1543 1843 1573 1879 si
1594 1840 1752 1894 quidem

1087 1912 1157 1950 pro
1181 1894 1426 1951 Ἀμυργίους
1447 1900 1540 1936 olim
1565 1899 1751 1936 exstitisse

1075 1962 1295 1993 ‘statuamus
1329 1955 1568 2009 Τουργίους;
1598 1956 1640 1992 in
1670 1967 1749 2008 quo

1088 2013 1307 2065 obloquitur
1335 2011 1500 2050 Bohlen.
1534 2013 1561 2049 l.
1592 2012 1620 2049 l.
1656 2024 1748 2063 pag.

1087 2068 1153 2109 56.
1211 2068 1405 2121 Equidem
1430 2068 1471 2106 id
1498 2081 1621 2105 uuum
1648 2067 1748 2106 adii-

1087 2126 1198 2173 ciam,
1220 2127 1494 2178 Amyrgiorum
1514 2123 1748 2176 Scytharum

1084 2181 1192 2219 sedes
1212 2196 1302 2219 sane
1347 2185 1388 2219 in
1424 2184 1468 2219 iis
1515 2182 1745 2232 regionibus,

1086 2251 1185 2290 quae
1205 2240 1425 2276 Turcorum
1454 2239 1667 2290 primitivae
1686 2238 1747 2275 fe-
1811 2289 1815 2291 ·
1850 2231 1851 2236 ¹

1084 2302 1219 2331 runtur
1247 2294 1367 2344 sedes,
1397 2296 1456 2344 (in
1472 2302 1571 2332 terra
1596 2293 1696 2332 Uzen
1713 2307 1747 2333 s.

1091 2350 1380 2399 Usbeken),'olim
1398 2352 1511 2389 fuisse
1531 2350 1663 2389 videri.
1685 2351 1745 2393 Cf.

1081 2408 1214 2445 Ritter.
1245 2407 1458 2446 Erdkunde
1481 2409 1518 2447 11
1537 2421 1625 2459 pag.
1646 2408 1746 2449 597.

1082 2464 1290 2502 Creuzerus
1306 2472 1499 2516 praeterea
1515 2466 1653 2502 excitat
1662 2465 1745 2501 Ha-

1079 2520 1251 2559 macker.
1280 2523 1321 2559 in
1344 2523 1446 2560 Bibl.
1469 2523 1552 2563 crit.
1573 2534 1663 2560 nov.
1690 2520 1744 2559 IV

1078 2590 1167 2629 pag.
1188 2581 1282 2619 321.

1136 2645 1178 2684 οἷ
1197 2644 1273 2698 γᾶρ
1297 2643 1450 2697 Πέρσαι
1474 2641 1627 2693 πάντας
1648 2640 1744 2691 τούς

1078 2698 1250 2750 Σκύθας
1270 2701 1454 2742 καλέουσι
1478 2699 1643 2749 Σάκας]
1676 2700 1735 2737 cf.

1077 2758 1252 2798 Eustath.
1266 2757 1314 2796 ad
1323 2760 1482 2809 Dionys.
1493 2758 1643 2806 Perieg.
1652 2754 1734 2796 749

1076 2821 1112 2851 et
1122 2814 1199 2853 vid.
1212 2822 1309 2853 nott.
1321 2814 1370 2852 ad
1389 2816 1454 2862 111,
1477 2816 1544 2855 93.
1574 2812 1735 2850 Renuel.

1074 2884 1160 2923 pag.
1183 2871 1266 2913 474
1286 2870 1386 2910 hauc
1415 2868 1647 2923 Scytharum
1665 2869 1735 2906 tri-
