1834 3258
447 236 922 274 POLYMNIA.

134 348 206 391 καὶ
233 346 285 390 τὰ
317 344 554 401 πρόσφορα
583 348 637 403 τῇ
666 348 868 402 στρατιῇ·
899 345 1076 402 πέμπτῳ
1107 346 1153 390 δέ
1185 346 1270 392 ἔτεϊ
1297 345 1404 390 ἀνο-

107 415 254 473 Ξμένῳ
283 413 586 469 ἐστρατηλάτεε
615 413 723 469 χειρὶ
753 412 918 471 μεγάλῃ
958 414 1159 469 πλήθεος.

132 482 230 538 γάρ,
262 485 350 525 τῶν
377 481 498 536 ἡμεῖς
532 483 680 537 ἴδμεν,
711 484 860 539 πολλῷ
892 482 944 537 δή
976 482 1176 538 μέγιστος
1205 480 1336 534 οὗτος
1367 483 1403 526 ἐ-

363 548 468 592 ἇίστε
506 547 612 605 μήτε
649 548 727 592 τὸν
767 552 961 603 Δαρείου
999 549 1078 592 τὸν
1118 550 1187 593 ἐπὶ
1225 548 1410 602 Σκύθας

132 549 279 606 γένετο
290 565 302 575 ·

983 237 1013 273 V
1027 238 1042 272 Ι
1052 237 1081 273 Ι.
1320 238 1402 277 4723

1220 414 1403 458 Στόλων

132 616 252 672 παρα
298 621 458 660 τοῦτον
496 617 631 673 μηδὲν
672 618 933 673 φαίνεσθαι,
978 615 1083 671 μήτε
1125 619 1204 661 τὸν
1234 623 1405 663 Σκυθι-

133 684 238 736 κόν,
261 683 331 728 ὅτε
360 684 538 728 Σκύθαι
567 687 838 743 Κιμμερίους
869 685 1113 736 διώκοντες,
1143 685 1185 738 ἐς
1203 686 1283 743 τήν
1305 691 1434 744 Μη-5

76 872 152 911 que
184 858 275 894 anni
309 858 451 895 auxflio
485 858 641 895 veniant
658 888 667 906 ‚
690 872 737 895 ex

77 916 384 953 doctissimorum
403 916 573 952 virormn
593 917 738 952 Petavii

78 980 116 1009 et
126 971 352 1023 Spanhemii
361 973 561 1009 censura.“
574 994 630 1000 ———
643 973 741 1009 Ver-

78 1031 173 1066 bum
192 1027 486 1080 παραρτέεσθαι
505 1027 611 1066 haud
625 1030 740 1066 infre-

80 1100 202 1139 quens
222 1085 326 1136 apud
346 1085 587 1122 Herodotum
600 1099 740 1136 paran-

80 1143 141 1191 di,
187 1143 386 1181 instruendi
430 1144 609 1179 notione:
659 1144 740 1189 VII,

82 1199 173 1241 142.
194 1201 294 1248 VIII,
325 1201 391 1240 76.
413 1201 481 1269 81-
502 1201 571 1247 IX,
594 1202 660 1240 29.
674 1202 742 1239 42.

135 1254 304 1325 πέμπτῳ
339 1253 382 1295 δὲ
418 1254 497 1294 ε’τεϊ
528 1252 740 1309 οἷνομένω]

37 1321 44 1326 ‘
79 1314 156 1350 Pro
179 1309 303 1364 οἷνομε
287 1311 361 1366 ’νῳ
383 1313 424 1349 in
445 1313 637 1350 Sancrofti
656 1311 743 1350 cod.

80 1366 392 1423 οἶναισιμομένῳ,
406 1369 509 1421 quod
520 1371 551 1407 si
569 1370 610 1406 in
627 1365 744 1409 ἄναι-

81 1425 306 1481 σιμουμένῳ
318 1434 588 1475 commutetur,
599 1426 638 1464 id
654 1427 743 1478 quj-

79 1497 171 1535 pem
206 1497 275 1535 per
313 1484 468 1534 linguae
502 1485 605 1534 leges
645 1491 762 1528 stare*

81 1542 240 1591 poterit,
284 1553 521 1593 quamquam
548 1541 623 1578 loci
652 1554 742 1577 sen-

81 1598 223 1634 tentiae
252 1599 379 1634 minus
409 1605 563 1648 aptum,
620 1610 742 1649 quum

81 1655 243 1692 verbum
272 1649 589 1705 ἀναισιμοῦσθαι
616 1656 658 1690 in
685 1667 743 1691 re-

82 1712 146 1749 bus
173 1712 445 1762 temporibusque
481 1711 652 1748 absolutis
681 1712 743 1748 lo-

82 1782 174 1805 cum
204 1767 342 1805 habeat
371 1769 439 1817 (ut
457 1770 506 1817 Π,
529 1768 623 1818 31),
643 1769 744 1805 bene

83 1824 245 1862 docente
271 1825 542 1876 VVesselingio,
576 1826 641 1876 qui
662 1824 746 1871 ἔτος

83 1878 279 1932 ἅνόμενον
331 1888 433 1918 recte
480 1884 748 1932 interpretatur

84 1951 216 1975 annum
241 1937 451 1985 volventem,
495 1939 746 1988 procedentem,

85 1995 136 2031 ad
179 1995 289 2045 finem
332 1995 484 2031 nondum
524 1994 745 2042 devolutum3

84 2064 179 2087 nam
210 2049 322 2088 huius
352 2052 467 2102 ipsius
488 2052 579 2087 anni
605 2051 688 2092 480
710 2064 743 2089 a.

85 2106 176 2145 Chr.
197 2121 237 2148 n.
257 2109 365 2145 initio
394 2110 543 2144 Xerxes
563 2106 746 2145 Sardibus

85 2164 276 2216 profectus
297 2172 352 2202 est
385 2164 433 2201 ad
453 2166 564 2201 istam
585 2163 746 2215 expedi-

85 2223 245 2258 tionem.
288 2220 464 2259 Reiskius
484 2222 610 2258 minus
631 2228 746 2268 recte,

83 2279 220 2329 opinor
234 2307 247 2327 ,
275 2280 327 2316 sic
348 2277 454 2315 reddi
475 2279 646 2315 voluerat
665 2280 747 2315 He-

85 2334 262 2372 rodotea:
295 2337 416 2386 quinto
435 2339 550 2372 autem
579 2348 669 2372 anno
687 2348 748 2372 ex-

85 2395 197 2428 eunte.
217 2391 340 2429 Affert
352 2393 631 2443 WVesselingius
655 2390 747 2430 νέον

85 2444 237 2498 ἤματος
255 2443 468 2498 οἷνομένοιο
479 2449 667 2486 inchoante
678 2449 747 2496 die,

87 2503 191 2554 apud
218 2506 397 2554 Apollon.
426 2504 553 2547 Rhod.
583 2507 630 2553 H,
651 2504 749 2546 496.

87 2561 154 2608 III,
193 2563 300 2601 1339
340 2568 376 2598 et
409 2559 526 2612 ἤνετο
554 2558 598 2601 τὸ
635 2560 749 2612 ἔργον

89 2616 193 2668 apud
224 2617 462 2654 Herodotum
482 2620 511 2665 Ι,
536 2619 627 2659 189.
648 2619 749 2665 VIII,

90 2676 140 2715 71
174 2675 213 2710 in
243 2687 376 2724 opere,
424 2673 529 2725 quod
568 2675 751 2712 continuo

88 2731 245 2780 procedit
257 2737 293 2767 et
311 2733 523 2780 porrigitur,
545 2732 630 2769 coll.
644 2730 751 2768 Iliad.

94 2788 144 2834 X,
156 2788 251 2835 251,
274 2788 339 2823 ubi
355 2784 426 2834 νῦξ
448 2782 609 2826 ἀνύεται
631 2800 752 2838 expo-

95 2844 196 2881 nitur
233 2846 460 2884 τελειοῦται.
518 2845 643 2895 Ipsam
673 2844 753 2896 pri-

795 872 900 896 scam
921 859 1026 895 verbi
1046 857 1249 896 formam'
1233 857 1330 908 α’νω,
1346 873 1463 912 quam

796 918 837 952 iu
877 911 990 954 οἷνύω
1031 915 1215 953 diduxere
1248 919 1464 968 posterioris

799 973 928 1009 aetatis
968 973 1186 1023 scriptores,
1230 976 1338 1024 attigi
1358 974 1406 1011 ad
1425 976 1462 1019 I,

802 1031 903 1076 1893
952 1035 994 1065 tu
1034 1028 1122 1066 add.
1162 1031 1380 1070 Blomfield.
1422 1033 1463 1067 in

799 1086 964 1122 Glossar.
999 1084 1047 1122 ad
1075 1085 1257 1138 Aeschyl.
1288 1087 1463 1138 Choeph.

799 1144 895 1182 786.
935 1141 1109 1180 Boeckh.
1146 1151 1242 1180 nott.
1279 1146 1375 1182 critt.
1415 1144 1465 1181 ad

798 1198 955 1235 Pindar.
998 1200 1152 1250 Olymp.
1183 1201 1281 1247 Vm,
1308 1205 1369 1248 10,
1399 1203 1467 1238 ubi

799 1268 904 1292 nunc
924 1262 1026 1292 recte
1047 1255 1172 1293 editur
1193 1254 1342 1296 ἄνεται.
1364 1260 1465 1295 Hinc

801 1311 904 1363 apud
933 1311 1100 1364 Hesych.
1130 1314 1148 1349 I
1176 1327 1215 1382 Ρ.
1248 1316 1328 1355 388
1363 1322 1467 1352 recte

799 1383 903 1406 nunc
925 1366 1053 1406 editur
1070 1365 1270 1421 α’νομένῳ·
1293 1366 1467 1421 ἀνυομέ-

798 1441 884 1479 νῳ,
915 1425 1017 1477 apud
1046 1425 1209 1464 Suidam
1228 1429 1247 1463 I
1273 1440 1360 1478 pag.
1381 1431 1465 1470 216

800 1480 982 1530 α’νοντος·
999 1478 1208 1531 ανύοντος.
1221 1483 1398 1522 Eustath.
1412 1484 1462 1522 ad

798 1542 956 1577 Homer.
988 1540 1060 1577 Od.
1094 1542 1132 1576 Π
1157 1554 1196 1591 Ρ.
1220 1540 1376 1581 1334s.
1399 1544 1466 1590 80,

798 1600 845 1637 2:
877 1610 976 1649 quae
996 1598 1120 1635 attulit
1140 1596 1325 1635 Valcken.

854 1652 956 1706 χειρὶ
974 1650 1124 1706 μεγάλῃ
1145 1651 1352 1706 πλήθεος]
1381 1656 1407 1696 i.
1430 1669 1466 1696 e.

800 1723 876 1748 cum
896 1713 1037 1760 ingenti
1051 1724 1157 1748 manu
1177 1725 1206 1748 s.
1225 1713 1340 1762 copia.
1378 1713 1465 1749 Noli

800 1766 873 1804 hac
907 1769 1092 1805 sermonis
1132 1767 1368 1805 abundantia
1407 1770 1468 1806 of-

800 1823 918 1861 fendi.
996 1825 1216 1862 Consimilia
1251 1832 1399 1862 exstant
1437 1827 1468 1871 1,

804 1881 871 1922 51.
892 1881 958 1929 IV,
980 1883 1071 1921 191.
1095 1882 1156 1929 Vl,
1180 1880 1248 1921 44.
1269 1882 1350 1929 VH,
1374 1884 1468 1922 117.

803 1938 890 1974 Alia
914 1936 1019 1974 dabit
1039 1938 1081 1974 C.
1101 1939 1163 1973 Fr.
1185 1939 1396 1974 Hermann.
1419 1938 1468 1975 ad

804 1994 964 2031 Lucian.
988 1995 1047 2030 De
1069 1995 1252 2032 conscrib.
1276 1992 1406 2033 histor.
1427 2009 1467 2046 p.

805 2053 911 2096 199„
956 2051 1014 2087 De
1043 2063 1139 2087 voce
1159 2050 1241 2101 χεὶρ
1262 2051 1300 2087 in
1329 2052 1467 2089 talibus

800 2108 952 2144 monuit
983 2106 1202 2145 Blomfield.
1232 2109 1273 2144 in
1302 2109 1468 2146 Glossar.

802 2163 850 2201 ad
870 2162 1050 2216 Aeschyl.
1082 2166 1187 2202 Pers.
1209 2165 1277 2212 85,
1304 2166 1370 2202 ubi
1390 2179 1468 2203 vox

802 2219 990 2272 πολυχεὶρ
1022 2233 1157 2270 magna
1186 2234 1292 2258 mann
1330 2221 1467 2273 (copia

803 2279 987 2328 militum)
1009 2279 1214 2315 instructus.
1246 2277 1308 2315 Ad
1333 2278 1469 2316 dictio-

803 2348 896 2371 nem
916 2331 1025 2387 παρᾶ
1057 2338 1201 2374 τοῦτον
1230 2333 1354 2386 μηδὲν
1374 2337 1469 2385 φαί-

805 2395 949 2430 νεσθαι
970 2393 1116 2429 consul.
1155 2390 1291 2432 matth.
1313 2393 1380 2430 Gr.
1403 2395 1470 2430 Gr.

805 2461 894 2499 pag.
934 2451 1056 2489 1173.
1125 2449 1227 2485 Male
1247 2450 1287 2485 in
1309 2450 1469 2502 quibus-

806 2505 897 2542 dam
918 2504 1030 2542 codd.
1053 2504 1218 2556 μηδένα.

861 2558 923 2602 ὅτε
939 2558 1104 2601 Σκύθαι
1116 2560 1361 2613 Κιμμερίους
1374 2556 1470 2599 διιό-

807 2633 944 2665 κοντες
976 2633 1012 2657 u.
1044 2634 1076 2658 τ.
1107 2620 1170 2667 λ.]
1218 2620 1276 2654 De
1307 2616 1361 2654 his
1391 2617 1469 2657 vid.

808 2683 903 2715 nott.
926 2674 974 2712 ad
994 2676 1024 2722 Ι,
1050 2678 1112 2717 15.
1137 2677 1228 2715 103.
1251 2674 1470 2719 1v‚11.12.

810 2754 864 2762 -
895 2729 942 2770 td
971 2728 1057 2770 ἅνω
1092 2733 1162 2782 τῆς
1196 2730 1339 2779 Ἀσίης
1371 2742 1468 2781 quae

808 2790 904 2837 sint,
954 2787 1119 2825 diximus
1158 2786 1206 2823 ad
1237 2788 1265 2834 Ι,
1297 2789 1364 2828 72-
1403 2787 1470 2828 95.

814 2847 906 2885 103.
924 2844 1013 2885 157.

1416 353 1471 386 1¹
1463 343 1622 385 instructo,
1645 343 1722 412 Xcob

1462 378 1623 437 &wigurm
1605 413 1647 444 [a.
1648 386 1738 451 pigi-T.

1462 445 1564 471 Maior
1567 441 1632 471 ibfls
1646 454 1721 480 cnop
1702 453 1738 471 ns

1461 478 1624 505 bellumnu
1607 487 1688 515 unq
1691 487 1738 506 am

1461 521 1500 539 311
1483 516 1556 539 ntea
1574 520 1621 540 ess
1624 521 1641 540 e
1659 520 1712 548 ge-

1463 551 1552 573 stum.
