1870 3249
391 221 1052 258 TERPSICHORE.
1113 220 1157 255 V.

1323 220 1406 259 119

145 344 243 381 στος
265 328 564 381 ἀπαλλάξεται.
610 328 668 379 ὥς
690 328 736 372 δέ
768 331 810 372 οἱ
835 329 1092 383 ἐξευρῆσθαι
1123 327 1276 380 ἐδόκεε,
1307 327 1405 384 πέμ-
1419 336 1463 369 50

145 407 228 450 wag
256 398 298 449 ἐς
330 397 477 454 Θήβας
512 396 588 448 τὰς
618 399 853 450 Βοιωτίας,
896 397 978 451 ἔφη
1017 396 1163 438 θέλειν
1202 396 1407 451 ἐπαγαγέ-

144 472 249 510 σθαι
279 465 570 509 Μελάνιππον
591 465 669 508 τόν
695 463 927 508 Ἀστακοῦ·
961 465 1004 507 οἱ
1034 463 1079 508 δὲ
1102 466 1288 520 Θηβαῖοι
1318 463 1408 507 ἔδο-

115 543 238 578 σσαν.
282 533 605 589 ἐπαγαγόμενος
635 533 681 576 δὲ
711 533 735 577 ὁ
765 534 1033 588 Κλεισθένης
1076 532 1154 575 τὸν
1183 531 1406 575 Μελάνιπ-

141 618 244 648 πον,
285 601 462 657 τέμενός
504 603 548 644 οἱ
586 599 760 652 ἀπέδεξε
802 602 848 644 ἐν
887 599 1006 656 αὐτῷ
1037 604 1098 658 τῷ
1138 602 1462 657 πρυτανηῖῲ,55

113 672 217 714 δκαί
244 687 321 726 μιν
350 672 500 722 ἵδρυσε
531 669 726 712 ἐνθαῦτα
755 669 803 712 ἐν
832 673 893 726 τῷ
922 669 1203 725 ἰσχυροτάτῳ.
1251 667 1406 723 ἐπηγά-

139 754 236 792 γετο
277 737 323 781 δὲ
368 738 445 781 τὸν
483 737 775 780 Μελάνιππον
813 736 837 780 ὁ
877 737 1165 792 Κλεισθένης,
1212 737 1284 780 καὶ
1321 736 1406 793 γάρ

140 810 269 849 τοῦτο
301 808 369 849 δεῖ
394 803 726 862 ἀπηγήσασθαι,
769 802 827 855 ὥς
859 805 1061 860 ἔχθιστον
1098 803 1226 848 ἐόντα
1252 802 1405 859 Ἀὸρή-

140 884 252 932 στῳ·
291 874 341 924 ὅς
384 873 464 916 τόν
500 889 544 916 τε
573 872 792 927 άδελφεόν
831 875 876 916 οἱ
905 870 1132 928 Μηκιστέα
1160 870 1407 921 ἀπεκτόνεε,

112 943 218 985 7καὶ
247 941 326 985 τόν
352 941 558 997 γαμβρόν
593 941 746 985 Τυδέα.

85 1135 385 1174 crudelissimum
416 1136 490 1174 dici
528 1137 743 1174 invenimus

83 1190 152 1233 τόν
202 1193 497 1244 Κασσανδρέων
533 1194 741 1244 λευστῆρα.

38 1267 45 1272 ’
83 1251 198 1287 Recte
219 1257 348 1287 autem
366 1249 516 1288 videtur
536 1249 744 1287 admonere

84 1305 356 1344 Wachsmuth.
406 1307 558 1348 Hellen,
613 1307 744 1343 Alter-

85 1361 254 1402 thumsk.
273 1365 322 1408 Π,
345 1367 364 1403 1
389 1363 572 1415 pag-437
594 1362 743 1416 lapida-

85 1420 195 1457 tionis
215 1421 442 1472 supplicium
467 1419 637 1472 mythic-a
669 1433 743 1471 po-

85 1477 271 1513 tissimum
290 1484 403 1530 atque
431 1476 603 1524 heroica,
643 1490 743 1529 quae

84 1534 198 1583 vulgo
209 1533 344 1571 dicitur
364 1541 497 1582 aetate,
516 1535 685 1586 reperiri,
706 1541 743 1570 et

83 1591 121 1625 in
142 1591 368 1640 gravissimis
389 1598 502 1644 atque
526 1591 742 1628 crudelissi—

82 1647 173 1695 mis,
206 1648 343 1699 quibus
363 1649 632 1699 improbissimi
653 1649 742 1700 qni-

80 1716 157 1755 que
177 1717 220 1741 ac
245 1706 465 1756 nequissimi
487 1705 739 1752 afficerentur,

81 1762 248 1798 censeri:
272 1761 312 1798 id
333 1761 437 1814 quod
451 1763 580 1799 multis
598 1762 742 1799 intelli-

80 1817 182 1866 gitur
202 1830 245 1854 ac
280 1819 462 1868 probatur
494 1819 679 1869 exemplis
720 1831 742 1854 a

81 1874 161 1909 viro
177 1872 289 1910 docto
310 1875 442 1912 allatis.
462 1874 525 1912 Ad
548 1871 741 1914 οἷπελθτόν

83 1924 206 1968 ὀπίσω
226 1931 327 1967 conf.
346 1931 413 1978 111,
438 1934 502 1971 16.

143 1982 413 2025 Μελάνιππον
435 1983 504 2026 τόν
528 1982 739 2035 Ἀστακοῦ]

82 2042 243 2078 Plurimi
264 2042 375 2080 codd.
395 2039 585 2083 Ὀστακοῦ
597 2057 606 2091 3
636 2043 740 2095 quod

81 2098 219 2135 eodem
258 2100 337 2136 fere
364 2099 480 2148 redit,
521 2101 551 2136 si
582 2098 740 2151 quidem

81 2162 182 2192 recte
200 2155 313 2193 tradit
338 2155 559 2206 Schweigh.
591 2157 737 2193 Atticos

80 2213 229 2250 vocales
250 2212 283 2252 α’
289 2220 325 2249 et
335 2217 359 2252 ὅ
371 2213 502 2250 crebro
512 2220 738 2264 permutan-

80 2275 134 2306 tes
163 2271 202 2305 in
236 2271 394 2306 nomine
433 2270 660 2321 appellativo
700 2276 738 2306 et

79 2320 251 2373 άστακὸς
284 2325 415 2378 (quod
453 2328 579 2364 cancri
616 2340 736 2378 genus

80 2395 158 2419 esse
179 2383 314 2432 fertur)
337 2390 374 2420 et
400 2378 568 2430 ὄστακός
586 2385 735 2436 promi—

79 2452 168 2475 scue
189 2438 340 2477 dixisse.
381 2440 492 2477 Couf.
512 2438 655 2477 Athen.
668 2440 735 2488 ΠΙ,

79 2495 133 2537 65
154 2509 192 2546 Ρ.
215 2496 295 2538 105
314 2497 426 2536 B.—
445 2495 507 2534 Ad
526 2510 736 2547 argumen-

79 2559 161 2588 tum
181 2552 255 2589 loci
289 2554 452 2603 pertinet
479 2555 643 2591 Pausan.
664 2555 736 2601 IX,

81 2610 132 2649 18
153 2610 190 2654 ξ.
216 2611 251 2655 1,
271 2609 337 2646 ubi
348 2610 588 2663 Melanippus
608 2611 736 2648 omni-

80 2677 145 2702 um
158 2663 436 2704 Thebanorum
449 2665 585 2704 dicitur
608 2667 736 2704 fortis—

79 2722 208 2768 simus,
230 2735 249 2758 a
271 2735 347 2773 quo
368 2729 405 2759 et
424 2722 582 2774 Tydeus
603 2731 641 2760 et
651 2725 737 2759 Me—

81 2779 240 2826 cisteus,
271 2780 337 2830 qui
367 2791 457 2816 cum
486 2778 648 2818 Adrasto
689 2779 736 2816 ad

81 2832 234 2872 Thebas
263 2836 420 2886 profecti
451 2843 578 2884 erant,
620 2837 737 2874 inter—

796 940 887 984 ἐπεί
914 956 959 984 τε
989 940 1035 984 δέ
1066 942 1109 983 οἱ
1146 940 1195 983 τὸ
1232 940 1407 994 τέμενος

800 1136 889 1173 fecti
908 1143 1008 1173 sunt.
1054 1137 1119 1173 Tu
1139 1134 1216 1174 vid.
1239 1132 1462 1184 Apollodor.

800 1194 865 1241 ΠΙ,
884 1196 922 1240 6,
944 1195 968 1233 8
990 1193 1076 1230 coll.
1097 1194 1127 1239 Ι,
1150 1194 1187 1238 8,
1209 1191 1248 1232 5.
1262 1188 1393 1227 Schol.
1415 1190 1462 1227 ad

800 1251 958 1287 Homer.
978 1249 1087 1286 Iliad.
1101 1249 1145 1297 V,
1163 1251 1240 1289 126
1253 1254 1368 1299 atque
1386 1249 1461 1283 im—

800 1308 930 1357 primis
950 1305 1132 1358 Aescliyl.
1162 1305 1205 1342 S.
1227 1318 1259 1340 e.
1280 1303 1357 1342 Th.
1379 1306 1461 1344 403

799 1377 906 1416 seqq.
964 1362 1243 1412 VVesselingius
1282 1362 1462 1397 citaverat

800 1420 909 1459 Ovid.
939 1421 997 1458 Ib.
1029 1419 1110 1462 517
1134 1419 1226 1471 ibiq.
1247 1418 1461 1454 Burmann.

799 1485 837 1514 et
855 1476 1042 1515 Valcken.
1063 1475 1112 1513 ad
1139 1473 1312 1526 Euripid.
1334 1473 1464 1511 Phoe-

798 1536 888 1575 niss.
907 1548 946 1586 p.
967 1533 1049 1576 784
1061 1547 1145 1587 sqq.
1168 1532 1236 1583 (ad
1258 1530 1390 1569 Schol.
1407 1545 1463 1569 vs.

801 1591 944 1642 1666.)

854 1643 1016 1699 τέμενός
1039 1646 1081 1686 οἵ
1100 1641 1261 1694 ἀπέδεξε
1284 1643 1327 1684 ε’ν
1353 1638 1465 1698 αὐτῷ

798 1707 854 1758 τῷ
886 1703 1119 1757 πρυτανηΐῳ
1147 1703 1216 1742 καί
1237 1717 1307 1753 μιν
1325 1700 1461 1751 ’ἵδρυσε

799 1761 980 1801 ἐνθαῦτα
1021 1760 1064 1800 ἐν
1096 1762 1153 1814 τῷ
1184 1754 1458 1810 ἰσχυροτάτῳ]

798 1819 824 1855 i.
849 1832 882 1858 e.
915 1819 1025 1855 Iocum
1056 1817 1090 1853 ei
1112 1818 1295 1853 constituit
1323 1827 1461 1851 sacrum

798 1876 836 1911 in
866 1877 940 1924 ipso
964 1877 1137 1924 prytaneo
1171 1871 1369 1922 fanumque
1399 1883 1460 1907 ex-

799 1932 932 1968 struxit
963 1932 1000 1966 in
1031 1929 1104 1966 loco
1138 1927 1360 1979 (prytanei)
1389 1927 1461 1978 fir-

797 1988 961 2033 minimo,
981 1987 1047 2022 ubi
1065 1983 1144 2022 scil.
1166 1983 1290 2021 herois
1301 1983 1461 2020 simula—

797 2057 906 2080 crum
927 2050 1050 2079 tutum
1074 2048 1169 2078 esset
1193 2041 1241 2078 ab
1271 2041 1379 2077 omni
1397 2041 1461 2076 in·-

795 2099 892 2136 iurist
912 2112 1039 2152 neque
1062 2099 1145 2135 tolli
1181 2099 1346 2135 evertive
1369 2110 1460 2133 um-

794 2169 912 2209 quam
921 2162 1057 2207 posset.
1113 2155 1285 2192 Verbum
1307 2149 1460 2203 ἷδρύειν

792 2215 942 2264 saepius
971 2211 1142 2250 adhiberi
1177 2210 1224 2248 de
1246 2211 1398 2262 templis
1415 2223 1458 2248 ac

793 2270 889 2310 fanis
906 2276 1120 2307 monstrant
1130 2269 1204 2305 loci
1227 2266 1458 2318 aSchweig-

794 2325 926 2365 haeus.
958 2327 1061 2363 allati
1090 2327 1129 2362 in
1159 2326 1292 2363 Lexic.
1313 2323 1456 2361 Herod.

790 2385 849 2421 De
867 2397 964 2421 voce
975 2382 1136 2434 τέμενος
1153 2395 1265 2434 supra
1277 2383 1353 2419 iam
1368 2394 1457 2418 mo-

791 2442 966 2478 nuimus:
1017 2439 1094 2492 quo
1134 2439 1272 2478 referas
1302 2451 1456 2475 necesse

791 2505 847 2535 est
867 2513 960 2548 μιν,
988 2495 1036 2534 de
1060 2497 1142 2548 ipso
1171 2495 1316 2546 templo
1347 2495 1456 2544 cogi-

793 2561 876 2592 tans
890 2584 901 2600 ‚
945 2554 1120 2606 quamvis
1147 2552 1189 2589 in
1231 2552 1354 2589 verbis
1393 2548 1455 2589 τέ-

791 2607 913 2661 μενός
941 2609 985 2656 οῖ,
1010 2605 1176 2656 ἀπέδεξε
1202 2607 1250 2645 de
1281 2609 1365 2644 loco
1393 2618 1455 2643 sa-

793 2680 858 2704 cro
871 2696 881 2714 ‚
912 2667 951 2703 in
973 2678 1049 2718 quo
1069 2667 1148 2702 iam
1173 2663 1285 2701 aedes
1305 2669 1456 2700 exstru-

793 2722 894 2760 enda
923 2730 961 2760 et
990 2723 1062 2759 alia
1091 2720 1139 2758 acl
1166 2732 1360 2757 sacrorum
1383 2732 1454 2756 cu—

794 2793 876 2817 ram
907 2787 944 2817 et
965 2780 1041 2816 loci
1071 2778 1309 2815 sanctitatem
1337 2777 1454 2827 perti.-

795 2837 923 2874 nentia
946 2832 1194 2875 instituenda,
1236 2835 1274 2870 in
1296 2834 1451 2869 univer-
