<?xml version="1.0" encoding="UTF-8"?>
<!DOCTYPE html PUBLIC "-//W3C//DTD XHTML 1.0 Transitional//EN"
    "http://www.w3.org/TR/xhtml1/DTD/xhtml1-transitional.dtd">
<html xmlns="http://www.w3.org/1999/xhtml" xml:lang="en" lang="en">
 <head>
  <title>
</title>
<meta http-equiv="Content-Type" content="text/html;charset=utf-8" />
  <meta name='ocr-system' content='tesseract 3.04.00' />
  <meta name='ocr-capabilities' content='ocr_page ocr_carea ocr_par ocr_line ocrx_word'/>
</head>
<body>
  <div class='ocr_page' id='page_1' title='image "./musaeherodoto03hero/musaeherodoto03hero_0459.png"; bbox 0 0 1834 3258; ppageno 0'>
   <div class='ocr_carea' id='block_1_1' title="bbox 449 242 1400 290">
    <p class='ocr_par' dir='ltr' id='par_1_1' title="bbox 449 242 1400 290">
     <span class='ocr_line' id='line_1_1' title="bbox 449 242 1400 290; baseline 0.005 -5"><span class='ocrx_word' id='word_1_1' title='bbox 449 242 929 285; x_wconf 68' lang='lat' dir='ltr'>POLY‘MNIA.</span> <span class='ocrx_word' id='word_1_2' title='bbox 989 248 1086 285; x_wconf 91' lang='lat' dir='ltr'>VII.</span> <span class='ocrx_word' id='word_1_3' title='bbox 1314 249 1400 290; x_wconf 74' lang='lat'>44⁸1</span> 
     </span>
    </p>
   </div>
   <div class='ocr_carea' id='block_1_2' title="bbox 134 352 1723 424">
    <p class='ocr_par' dir='ltr' id='par_1_2' title="bbox 134 352 1723 424">
     <span class='ocr_line' id='line_1_2' title="bbox 134 352 1723 424; baseline 0.001 -24"><span class='ocrx_word' id='word_1_4' title='bbox 134 358 361 415; x_wconf 72' lang='grc' dir='ltr'><strong><em>,,βασιλεῦ,</em></strong></span> <span class='ocrx_word' id='word_1_5' title='bbox 393 355 453 412; x_wconf 83' lang='grc' dir='ltr'>μὴ</span> <span class='ocrx_word' id='word_1_6' title='bbox 483 355 741 411; x_wconf 79' lang='grc' dir='ltr'><strong><em>λεχθεισέων</em></strong></span> <span class='ocrx_word' id='word_1_7' title='bbox 771 355 851 410; x_wconf 73' lang='grc' dir='ltr'><strong><em>μὲν</em></strong></span> <span class='ocrx_word' id='word_1_8' title='bbox 878 357 1086 413; x_wconf 75' lang='grc' dir='ltr'><em>γνωμέων</em></span> <span class='ocrx_word' id='word_1_9' title='bbox 1115 353 1398 401; x_wconf 78' lang='grc' dir='ltr'><strong><em>ἄντιέωνὀἰλ-</em></strong></span> <span class='ocrx_word' id='word_1_10' title='bbox 1456 352 1723 424; x_wconf 44' lang='grc' dir='ltr'>ξξξῗξὲῗῗζωίξξῧῧῗ·</span> 
     </span>
    </p>
   </div>
   <div class='ocr_carea' id='block_1_3' title="bbox 131 422 1562 754">
    <p class='ocr_par' dir='ltr' id='par_1_3' title="bbox 132 422 1562 616">
     <span class='ocr_line' id='line_1_3' title="bbox 132 422 1562 481; baseline 0 -12"><span class='ocrx_word' id='word_1_11' title='bbox 132 425 336 481; x_wconf 82' lang='grc' dir='ltr'><strong><em>,,λήλῃσι,</em></strong></span> <span class='ocrx_word' id='word_1_12' title='bbox 379 422 463 467; x_wconf 84' lang='grc' dir='ltr'>οὐκ</span> <span class='ocrx_word' id='word_1_13' title='bbox 503 424 591 467; x_wconf 75' lang='grc' dir='ltr'><strong><em>ἔστι</em></strong></span> <span class='ocrx_word' id='word_1_14' title='bbox 618 423 699 480; x_wconf 82' lang='grc' dir='ltr'><strong><em>τὴν</em></strong></span> <span class='ocrx_word' id='word_1_15' title='bbox 728 422 889 479; x_wconf 78' lang='grc' dir='ltr'><strong><em>ἀμείνω</em></strong></span> <span class='ocrx_word' id='word_1_16' title='bbox 921 424 1179 480; x_wconf 82' lang='grc' dir='ltr'><strong><em>αἱρεόμενον</em></strong></span> <span class='ocrx_word' id='word_1_17' title='bbox 1209 425 1394 476; x_wconf 80' lang='grc' dir='ltr'><em>ἑλέσθαι,</em></span> <span class='ocrx_word' id='word_1_18' title='bbox 1453 423 1562 451; x_wconf 48' lang='grc' dir='ltr'>ῐῑΟΠθῗ</span> 
     </span>
     <span class='ocr_line' id='line_1_4' title="bbox 133 492 1397 549; baseline 0.002 -14"><span class='ocrx_word' id='word_1_19' title='bbox 133 492 270 545; x_wconf 63' lang='lat' dir='ltr'>„ommi</span> <span class='ocrx_word' id='word_1_20' title='bbox 310 493 378 534; x_wconf 81' lang='grc' dir='ltr'><strong><em>δεῖ</em></strong></span> <span class='ocrx_word' id='word_1_21' title='bbox 422 494 477 548; x_wconf 83' lang='grc' dir='ltr'>τῇ</span> <span class='ocrx_word' id='word_1_22' title='bbox 527 492 731 549; x_wconf 80' lang='grc' dir='ltr'><strong><em>εἰρημένῃ</em></strong></span> <span class='ocrx_word' id='word_1_23' title='bbox 767 496 980 548; x_wconf 80' lang='grc' dir='ltr'><strong><em>χρῆσθαι·</em></strong></span> <span class='ocrx_word' id='word_1_24' title='bbox 1032 493 1290 549; x_wconf 78' lang='grc' dir='ltr'><strong><em>λεχθεισέων</em></strong></span> <span class='ocrx_word' id='word_1_25' title='bbox 1338 494 1397 545; x_wconf 80' lang='grc' dir='ltr'>δὲ,</span> 
     </span>
     <span class='ocr_line' id='line_1_5' title="bbox 132 558 1401 616; baseline 0.001 -12"><span class='ocrx_word' id='word_1_26' title='bbox 132 561 271 614; x_wconf 50' lang='lat' dir='ltr'>„goz-z·</span> <span class='ocrx_word' id='word_1_27' title='bbox 302 558 446 614; x_wconf 76' lang='grc' dir='ltr'><strong><em>ὥσπερ</em></strong></span> <span class='ocrx_word' id='word_1_28' title='bbox 480 560 559 603; x_wconf 86' lang='grc' dir='ltr'><strong><em>τὸν</em></strong></span> <span class='ocrx_word' id='word_1_29' title='bbox 588 559 752 613; x_wconf 82' lang='grc' dir='ltr'><strong><em>χρυσὸν</em></strong></span> <span class='ocrx_word' id='word_1_30' title='bbox 780 561 858 603; x_wconf 83' lang='grc' dir='ltr'><strong><em>τὸν</em></strong></span> <span class='ocrx_word' id='word_1_31' title='bbox 887 558 1120 616; x_wconf 74' lang='grc' dir='ltr'><strong><em>ἀκήρατον,</em></strong></span> <span class='ocrx_word' id='word_1_32' title='bbox 1155 559 1292 604; x_wconf 82' lang='grc' dir='ltr'><strong><em>αὐτὸν</em></strong></span> <span class='ocrx_word' id='word_1_33' title='bbox 1321 560 1401 616; x_wconf 78' lang='grc' dir='ltr'><strong><em>μὲν</em></strong></span> 
     </span>
    </p>

    <p class='ocr_par' dir='ltr' id='par_1_4' title="bbox 131 627 1455 754">
     <span class='ocr_line' id='line_1_6' title="bbox 132 627 1455 685; baseline -0.002 -13"><span class='ocrx_word' id='word_1_34' title='bbox 132 627 221 682; x_wconf 57' lang='grc' dir='ltr'>,ἐπ’</span> <span class='ocrx_word' id='word_1_35' title='bbox 260 628 428 671; x_wconf 79' lang='grc' dir='ltr'><em>ἑωυτοῦ</em></span> <span class='ocrx_word' id='word_1_36' title='bbox 469 627 524 670; x_wconf 80' lang='grc' dir='ltr'>οὐ</span> <span class='ocrx_word' id='word_1_37' title='bbox 564 628 921 684; x_wconf 72' lang='grc' dir='ltr'><strong><em>διαγινώσκομεν,</em></strong></span> <span class='ocrx_word' id='word_1_38' title='bbox 952 628 1082 671; x_wconf 78' lang='grc' dir='ltr'><strong><em>ἐπεὰν</em></strong></span> <span class='ocrx_word' id='word_1_39' title='bbox 1112 629 1158 672; x_wconf 80' lang='grc' dir='ltr'>δὲ</span> <span class='ocrx_word' id='word_1_40' title='bbox 1187 631 1455 685; x_wconf 73' lang='grc' dir='ltr'><strong><em>παρατρί-δο</em></strong></span> 
     </span>
     <span class='ocr_line' id='line_1_7' title="bbox 131 694 1398 754; baseline 0.002 -14"><span class='ocrx_word' id='word_1_41' title='bbox 131 704 307 753; x_wconf 83' lang='grc' dir='ltr'><strong><em>,,ψωμεν</em></strong></span> <span class='ocrx_word' id='word_1_42' title='bbox 340 695 454 754; x_wconf 74' lang='grc' dir='ltr'><em>ἄλλῳ</em></span> <span class='ocrx_word' id='word_1_43' title='bbox 489 700 664 753; x_wconf 78' lang='grc' dir='ltr'><strong><em>χρυσῷ,</em></strong></span> <span class='ocrx_word' id='word_1_44' title='bbox 717 694 1065 752; x_wconf 72' lang='grc' dir='ltr'><strong><em>διαγινώσκομεν</em></strong></span> <span class='ocrx_word' id='word_1_45' title='bbox 1103 696 1183 740; x_wconf 79' lang='grc' dir='ltr'><strong><em>τόν</em></strong></span> <span class='ocrx_word' id='word_1_46' title='bbox 1219 697 1398 754; x_wconf 79' lang='grc' dir='ltr'><strong><em>ἀμείνω.</em></strong></span> 
     </span>
    </p>
   </div>
   <div class='ocr_carea' id='block_1_4' title="bbox 62 870 351 924">
    <p class='ocr_par' dir='ltr' id='par_1_5' title="bbox 62 870 351 924">
     <span class='ocr_line' id='line_1_8' title="bbox 62 870 351 924; baseline -0.007 -15"><span class='ocrx_word' id='word_1_47' title='bbox 62 873 158 924; x_wconf 79' lang='lat' dir='ltr'>fisus</span> <span class='ocrx_word' id='word_1_48' title='bbox 170 901 179 920; x_wconf 83' lang='lat'>‚</span> <span class='ocrx_word' id='word_1_49' title='bbox 222 870 351 922; x_wconf 74' lang='lat' dir='ltr'>fretus.</span> 
     </span>
    </p>
   </div>
   <div class='ocr_carea' id='block_1_5' title="bbox 20 928 734 1091">
    <p class='ocr_par' dir='ltr' id='par_1_6' title="bbox 20 928 734 1091">
     <span class='ocr_line' id='line_1_9' title="bbox 71 928 733 980; baseline -0.005 -13"><span class='ocrx_word' id='word_1_50' title='bbox 71 930 179 967; x_wconf 85' lang='lat' dir='ltr'>culus</span> <span class='ocrx_word' id='word_1_51' title='bbox 199 929 407 979; x_wconf 80' lang='lat' dir='ltr'><strong>interpres:</strong></span> <span class='ocrx_word' id='word_1_52' title='bbox 437 928 594 980; x_wconf 78' lang='lat' dir='ltr'>Darauf</span> <span class='ocrx_word' id='word_1_53' title='bbox 606 943 642 966; x_wconf 85' lang='lat' dir='ltr'>er</span> <span class='ocrx_word' id='word_1_54' title='bbox 660 928 733 964; x_wconf 71' lang='lat' dir='ltr'>sich</span> 
     </span>
     <span class='ocr_line' id='line_1_10' title="bbox 20 985 734 1034; baseline -0.004 -11"><span class='ocrx_word' id='word_1_55' title='bbox 20 994 23 995; x_wconf 72' lang='grc'>’</span> <span class='ocrx_word' id='word_1_56' title='bbox 72 986 162 1023; x_wconf 81' lang='lat' dir='ltr'>auch</span> <span class='ocrx_word' id='word_1_57' title='bbox 187 985 338 1022; x_wconf 79' lang='lat' dir='ltr'>verliess.</span> <span class='ocrx_word' id='word_1_58' title='bbox 377 986 465 1022; x_wconf 85' lang='lat' dir='ltr'>Vox</span> <span class='ocrx_word' id='word_1_59' title='bbox 484 987 652 1034; x_wconf 75' lang='grc' dir='ltr'><strong><em>πίσυνος</em></strong></span> <span class='ocrx_word' id='word_1_60' title='bbox 671 985 734 1021; x_wconf 87' lang='lat' dir='ltr'>in—</span> 
     </span>
     <span class='ocr_line' id='line_1_11' title="bbox 69 1041 732 1091; baseline -0.002 -11"><span class='ocrx_word' id='word_1_61' title='bbox 69 1043 221 1080; x_wconf 85' lang='lat' dir='ltr'>venitur</span> <span class='ocrx_word' id='word_1_62' title='bbox 236 1041 310 1079; x_wconf 85' lang='lat' dir='ltr'>hoo</span> <span class='ocrx_word' id='word_1_63' title='bbox 330 1055 442 1080; x_wconf 89' lang='lat' dir='ltr'>sensu</span> <span class='ocrx_word' id='word_1_64' title='bbox 461 1044 490 1088; x_wconf 73' lang='grc' dir='ltr'>Ι,</span> <span class='ocrx_word' id='word_1_65' title='bbox 509 1046 576 1085; x_wconf 87' lang='grc'>66.</span> <span class='ocrx_word' id='word_1_66' title='bbox 599 1046 665 1084; x_wconf 79' lang='lat'>73.</span> <span class='ocrx_word' id='word_1_67' title='bbox 686 1042 732 1091; x_wconf 91' lang='lat' dir='ltr'>V,</span> 
     </span>
    </p>
   </div>
   <div class='ocr_carea' id='block_1_6' title="bbox 70 1099 629 1235">
    <p class='ocr_par' dir='ltr' id='par_1_7' title="bbox 70 1099 629 1235">
     <span class='ocr_line' id='line_1_12' title="bbox 70 1099 629 1148; baseline -0.004 -8"><span class='ocrx_word' id='word_1_68' title='bbox 70 1102 124 1141; x_wconf 78' lang='lat'>92</span> <span class='ocrx_word' id='word_1_69' title='bbox 142 1101 179 1146; x_wconf 61' lang='grc' dir='ltr'>ξ.</span> <span class='ocrx_word' id='word_1_70' title='bbox 202 1099 242 1141; x_wconf 90' lang='grc'>5.</span> <span class='ocrx_word' id='word_1_71' title='bbox 263 1100 344 1146; x_wconf 83' lang='lat' dir='ltr'>Vn,</span> <span class='ocrx_word' id='word_1_72' title='bbox 362 1099 428 1140; x_wconf 84' lang='lat'>85.</span> <span class='ocrx_word' id='word_1_73' title='bbox 449 1101 517 1148; x_wconf 86' lang='grc' dir='ltr'>ΙΧ,</span> <span class='ocrx_word' id='word_1_74' title='bbox 537 1100 629 1141; x_wconf 81' lang='lat'>143.</span> 
     </span>
     <span class='ocr_line' id='line_1_13' title="bbox 349 1189 455 1235; baseline 0 -7"><span class='ocrx_word' id='word_1_75' title='bbox 349 1189 386 1235; x_wconf 82' lang='lat'>§.</span> <span class='ocrx_word' id='word_1_76' title='bbox 417 1191 455 1229; x_wconf 89' lang='lat'>1.</span> 
     </span>
    </p>
   </div>
   <div class='ocr_carea' id='block_1_7' title="bbox 35 1263 735 2907">
    <p class='ocr_par' dir='ltr' id='par_1_8' title="bbox 35 1263 735 1487">
     <span class='ocr_line' id='line_1_14' title="bbox 88 1263 734 1321; baseline -0.005 -15"><span class='ocrx_word' id='word_1_77' title='bbox 88 1311 90 1315; x_wconf 93' lang='lat'>.</span> <span class='ocrx_word' id='word_1_78' title='bbox 129 1263 366 1321; x_wconf 78' lang='grc' dir='ltr'><strong><em>αἱρεόμενον</em></strong></span> <span class='ocrx_word' id='word_1_79' title='bbox 388 1267 575 1317; x_wconf 76' lang='grc' dir='ltr'><strong><em>ἑλέσθαι]</em></strong></span> <span class='ocrx_word' id='word_1_80' title='bbox 606 1268 734 1305; x_wconf 87' lang='lat' dir='ltr'>Perti-</span> 
     </span>
     <span class='ocr_line' id='line_1_15' title="bbox 35 1324 735 1363; baseline -0.001 -1"><span class='ocrx_word' id='word_1_81' title='bbox 35 1332 42 1336; x_wconf 78' lang='grc'><em>”</em></span> <span class='ocrx_word' id='word_1_82' title='bbox 71 1339 162 1362; x_wconf 85' lang='lat' dir='ltr'>nere</span> <span class='ocrx_word' id='word_1_83' title='bbox 186 1324 338 1363; x_wconf 81' lang='lat' dir='ltr'>videtur</span> <span class='ocrx_word' id='word_1_84' title='bbox 358 1324 406 1362; x_wconf 86' lang='lat' dir='ltr'>ad</span> <span class='ocrx_word' id='word_1_85' title='bbox 425 1325 525 1363; x_wconf 88' lang='lat' dir='ltr'>istud</span> <span class='ocrx_word' id='word_1_86' title='bbox 555 1326 735 1362; x_wconf 87' lang='lat' dir='ltr'>orationis</span> 
     </span>
     <span class='ocr_line' id='line_1_16' title="bbox 67 1382 733 1435; baseline 0.002 -16"><span class='ocrx_word' id='word_1_87' title='bbox 67 1383 165 1420; x_wconf 86' lang='lat' dir='ltr'>iusto</span> <span class='ocrx_word' id='word_1_88' title='bbox 187 1383 404 1432; x_wconf 80' lang='lat' dir='ltr'>copiosioris</span> <span class='ocrx_word' id='word_1_89' title='bbox 425 1395 566 1433; x_wconf 80' lang='lat' dir='ltr'>genus,</span> <span class='ocrx_word' id='word_1_90' title='bbox 589 1382 636 1420; x_wconf 87' lang='lat' dir='ltr'>de</span> <span class='ocrx_word' id='word_1_91' title='bbox 658 1395 733 1435; x_wconf 90' lang='lat' dir='ltr'>quo</span> 
     </span>
     <span class='ocr_line' id='line_1_17' title="bbox 68 1438 446 1487; baseline 0 -11"><span class='ocrx_word' id='word_1_92' title='bbox 68 1440 204 1476; x_wconf 89' lang='lat' dir='ltr'>monui</span> <span class='ocrx_word' id='word_1_93' title='bbox 224 1438 272 1475; x_wconf 80' lang='lat' dir='ltr'>ad</span> <span class='ocrx_word' id='word_1_94' title='bbox 291 1439 355 1487; x_wconf 84' lang='lat' dir='ltr'>VI,</span> <span class='ocrx_word' id='word_1_95' title='bbox 379 1442 446 1480; x_wconf 76' lang='lat'>30.</span> 
     </span>
    </p>

    <p class='ocr_par' dir='ltr' id='par_1_9' title="bbox 66 1489 734 2110">
     <span class='ocr_line' id='line_1_18' title="bbox 128 1489 734 1547; baseline 0 -13"><span class='ocrx_word' id='word_1_96' title='bbox 128 1491 259 1547; x_wconf 72' lang='grc' dir='ltr'><strong><em>ὥσπερ</em></strong></span> <span class='ocrx_word' id='word_1_97' title='bbox 280 1493 348 1535; x_wconf 82' lang='grc' dir='ltr'><strong><em>τὸν</em></strong></span> <span class='ocrx_word' id='word_1_98' title='bbox 368 1491 517 1546; x_wconf 79' lang='grc' dir='ltr'><strong><em>χρυσὸν</em></strong></span> <span class='ocrx_word' id='word_1_99' title='bbox 537 1491 609 1535; x_wconf 82' lang='grc' dir='ltr'><strong><em>τὸν</em></strong></span> <span class='ocrx_word' id='word_1_100' title='bbox 631 1489 734 1545; x_wconf 76' lang='grc' dir='ltr'><strong><em>α’κή-</em></strong></span> 
     </span>
     <span class='ocr_line' id='line_1_19' title="bbox 69 1553 734 1605; baseline -0.006 -13"><span class='ocrx_word' id='word_1_101' title='bbox 69 1567 190 1605; x_wconf 77' lang='grc' dir='ltr'><strong><em>ροιτον</em></strong></span> <span class='ocrx_word' id='word_1_102' title='bbox 211 1567 247 1591; x_wconf 75' lang='grc' dir='ltr'>κ.</span> <span class='ocrx_word' id='word_1_103' title='bbox 268 1567 299 1592; x_wconf 88' lang='grc' dir='ltr'>τ.</span> <span class='ocrx_word' id='word_1_104' title='bbox 322 1553 375 1600; x_wconf 53' lang='lat' dir='ltr'>ln]</span> <span class='ocrx_word' id='word_1_105' title='bbox 398 1554 514 1590; x_wconf 88' lang='lat' dir='ltr'>Istam</span> <span class='ocrx_word' id='word_1_106' title='bbox 531 1565 734 1603; x_wconf 84' lang='lat' dir='ltr'>compara-</span> 
     </span>
     <span class='ocr_line' id='line_1_20' title="bbox 67 1610 732 1660; baseline 0 -14"><span class='ocrx_word' id='word_1_107' title='bbox 67 1611 216 1647; x_wconf 84' lang='lat' dir='ltr'>tionem</span> <span class='ocrx_word' id='word_1_108' title='bbox 246 1610 418 1659; x_wconf 87' lang='lat' dir='ltr'>pluribus</span> <span class='ocrx_word' id='word_1_109' title='bbox 446 1611 631 1660; x_wconf 72' lang='lat' dir='ltr'>placuisse</span> <span class='ocrx_word' id='word_1_110' title='bbox 660 1610 732 1646; x_wconf 91' lang='lat' dir='ltr'>ob-</span> 
     </span>
     <span class='ocr_line' id='line_1_21' title="bbox 66 1665 732 1704; baseline 0 -1"><span class='ocrx_word' id='word_1_111' title='bbox 66 1673 191 1704; x_wconf 85' lang='lat' dir='ltr'>servat</span> <span class='ocrx_word' id='word_1_112' title='bbox 200 1665 450 1704; x_wconf 86' lang='lat' dir='ltr'>Valckenaer.</span> <span class='ocrx_word' id='word_1_113' title='bbox 470 1666 629 1703; x_wconf 83' lang='lat' dir='ltr'>laudans</span> <span class='ocrx_word' id='word_1_114' title='bbox 648 1668 732 1703; x_wconf 88' lang='lat' dir='ltr'>Iso—</span> 
     </span>
     <span class='ocr_line' id='line_1_22' title="bbox 68 1721 731 1774; baseline 0.002 -15"><span class='ocrx_word' id='word_1_115' title='bbox 68 1730 160 1760; x_wconf 85' lang='lat' dir='ltr'>crat.</span> <span class='ocrx_word' id='word_1_116' title='bbox 193 1724 234 1759; x_wconf 90' lang='lat' dir='ltr'>in</span> <span class='ocrx_word' id='word_1_117' title='bbox 264 1721 427 1760; x_wconf 87' lang='lat' dir='ltr'>Panath.</span> <span class='ocrx_word' id='word_1_118' title='bbox 465 1724 580 1774; x_wconf 87' lang='lat' dir='ltr'>[cap.</span> <span class='ocrx_word' id='word_1_119' title='bbox 611 1722 662 1764; x_wconf 84' lang='lat'>14</span> <span class='ocrx_word' id='word_1_120' title='bbox 693 1724 731 1768; x_wconf 60' lang='grc' dir='ltr'>ξ.</span> 
     </span>
     <span class='ocr_line' id='line_1_23' title="bbox 68 1779 734 1831; baseline 0 -15"><span class='ocrx_word' id='word_1_121' title='bbox 68 1781 141 1829; x_wconf 82' lang='lat'>39]</span> <span class='ocrx_word' id='word_1_122' title='bbox 177 1792 266 1831; x_wconf 84' lang='lat' dir='ltr'>pag.</span> <span class='ocrx_word' id='word_1_123' title='bbox 286 1779 369 1821; x_wconf 76' lang='lat'>240</span> <span class='ocrx_word' id='word_1_124' title='bbox 389 1781 436 1818; x_wconf 89' lang='lat' dir='ltr'>D.</span> <span class='ocrx_word' id='word_1_125' title='bbox 463 1781 622 1831; x_wconf 86' lang='lat' dir='ltr'>Dionys.</span> <span class='ocrx_word' id='word_1_126' title='bbox 650 1781 734 1816; x_wconf 91' lang='lat' dir='ltr'>Ha-</span> 
     </span>
     <span class='ocr_line' id='line_1_24' title="bbox 67 1835 733 1887; baseline 0.002 -14"><span class='ocrx_word' id='word_1_127' title='bbox 67 1837 130 1874; x_wconf 87' lang='lat' dir='ltr'>lic.</span> <span class='ocrx_word' id='word_1_128' title='bbox 150 1838 187 1872; x_wconf 96' lang='lat' dir='ltr'>II</span> <span class='ocrx_word' id='word_1_129' title='bbox 205 1850 244 1887; x_wconf 91' lang='lat' dir='ltr'>p.</span> <span class='ocrx_word' id='word_1_130' title='bbox 266 1839 359 1883; x_wconf 70' lang='grc'>202,</span> <span class='ocrx_word' id='word_1_131' title='bbox 373 1835 440 1877; x_wconf 80' lang='grc'>24.</span> <span class='ocrx_word' id='word_1_132' title='bbox 472 1837 626 1882; x_wconf 79' lang='lat' dir='ltr'>Quintil,</span> <span class='ocrx_word' id='word_1_133' title='bbox 639 1837 733 1874; x_wconf 74' lang='lat' dir='ltr'>Inst-</span> 
     </span>
     <span class='ocr_line' id='line_1_25' title="bbox 70 1893 733 1941; baseline -0.003 -10"><span class='ocrx_word' id='word_1_134' title='bbox 70 1894 173 1931; x_wconf 76' lang='lat' dir='ltr'>Orat.</span> <span class='ocrx_word' id='word_1_135' title='bbox 202 1894 290 1940; x_wconf 85' lang='lat' dir='ltr'>XII,</span> <span class='ocrx_word' id='word_1_136' title='bbox 316 1895 366 1932; x_wconf 87' lang='lat' dir='ltr'>lO</span> <span class='ocrx_word' id='word_1_137' title='bbox 398 1894 435 1938; x_wconf 61' lang='grc' dir='ltr'>ξ.</span> <span class='ocrx_word' id='word_1_138' title='bbox 456 1894 523 1941; x_wconf 84' lang='grc'>75,</span> <span class='ocrx_word' id='word_1_139' title='bbox 543 1894 610 1930; x_wconf 92' lang='lat' dir='ltr'>ubi</span> <span class='ocrx_word' id='word_1_140' title='bbox 631 1893 733 1929; x_wconf 86' lang='lat' dir='ltr'>conf.</span> 
     </span>
     <span class='ocr_line' id='line_1_26' title="bbox 69 1948 733 1987; baseline 0 -2"><span class='ocrx_word' id='word_1_141' title='bbox 69 1948 287 1986; x_wconf 81' lang='lat' dir='ltr'>Gernhard.</span> <span class='ocrx_word' id='word_1_142' title='bbox 309 1971 362 1976; x_wconf 97' lang='lat'><strong>—</strong></span> <span class='ocrx_word' id='word_1_143' title='bbox 406 1949 469 1985; x_wconf 86' lang='lat' dir='ltr'>Ad</span> <span class='ocrx_word' id='word_1_144' title='bbox 497 1951 733 1987; x_wconf 86' lang='lat' dir='ltr'>locutionem</span> 
     </span>
     <span class='ocr_line' id='line_1_27' title="bbox 70 2001 734 2054; baseline -0.003 -9"><span class='ocrx_word' id='word_1_145' title='bbox 70 2001 129 2046; x_wconf 83' lang='grc' dir='ltr'><strong><em>εἰτ’</em></strong></span> <span class='ocrx_word' id='word_1_146' title='bbox 152 2004 305 2045; x_wconf 75' lang='grc' dir='ltr'><strong><em>ἑωυτοῦ</em></strong></span> <span class='ocrx_word' id='word_1_147' title='bbox 325 2006 427 2043; x_wconf 85' lang='lat' dir='ltr'>conf.</span> <span class='ocrx_word' id='word_1_148' title='bbox 437 2008 467 2054; x_wconf 91' lang='lat' dir='ltr'>I,</span> <span class='ocrx_word' id='word_1_149' title='bbox 491 2009 568 2048; x_wconf 83' lang='lat'>163</span> <span class='ocrx_word' id='word_1_150' title='bbox 592 2013 629 2044; x_wconf 86' lang='lat' dir='ltr'>et</span> <span class='ocrx_word' id='word_1_151' title='bbox 640 2019 734 2043; x_wconf 85' lang='lat' dir='ltr'>mox</span> 
     </span>
     <span class='ocr_line' id='line_1_28' title="bbox 67 2060 345 2110; baseline -0.004 -10"><span class='ocrx_word' id='word_1_152' title='bbox 67 2064 149 2110; x_wconf 88' lang='lat' dir='ltr'>VII,</span> <span class='ocrx_word' id='word_1_153' title='bbox 175 2065 225 2103; x_wconf 88' lang='lat'>10</span> <span class='ocrx_word' id='word_1_154' title='bbox 248 2064 282 2109; x_wconf 68' lang='grc' dir='ltr'>ξ.</span> <span class='ocrx_word' id='word_1_155' title='bbox 305 2060 345 2100; x_wconf 77' lang='grc'>4.</span> 
     </span>
    </p>

    <p class='ocr_par' dir='ltr' id='par_1_10' title="bbox 67 2115 735 2907">
     <span class='ocr_line' id='line_1_29' title="bbox 127 2115 733 2171; baseline 0 -13"><span class='ocrx_word' id='word_1_156' title='bbox 127 2116 250 2159; x_wconf 76' lang='grc' dir='ltr'><strong><em>ἐπεὰν</em></strong></span> <span class='ocrx_word' id='word_1_157' title='bbox 273 2116 315 2158; x_wconf 80' lang='grc' dir='ltr'>δὲ</span> <span class='ocrx_word' id='word_1_158' title='bbox 327 2118 646 2171; x_wconf 76' lang='grc' dir='ltr'><strong><em>παρατρίψωμεν</em></strong></span> <span class='ocrx_word' id='word_1_159' title='bbox 663 2115 733 2158; x_wconf 71' lang='grc' dir='ltr'>ἅλ-</span> 
     </span>
     <span class='ocr_line' id='line_1_30' title="bbox 68 2176 734 2231; baseline -0.006 -16"><span class='ocrx_word' id='word_1_160' title='bbox 68 2178 124 2229; x_wconf 82' lang='grc' dir='ltr'>λῳ</span> <span class='ocrx_word' id='word_1_161' title='bbox 154 2178 289 2231; x_wconf 77' lang='grc' dir='ltr'><strong><em>χρυσῷ</em></strong></span> <span class='ocrx_word' id='word_1_162' title='bbox 299 2176 316 2224; x_wconf 96' lang='grc'>]</span> <span class='ocrx_word' id='word_1_163' title='bbox 349 2176 448 2212; x_wconf 84' lang='lat' dir='ltr'>cum</span> <span class='ocrx_word' id='word_1_164' title='bbox 481 2183 618 2213; x_wconf 86' lang='lat' dir='ltr'>mutuo</span> <span class='ocrx_word' id='word_1_165' title='bbox 653 2177 734 2212; x_wconf 83' lang='lat' dir='ltr'>auri</span> 
     </span>
     <span class='ocr_line' id='line_1_31' title="bbox 67 2233 735 2283; baseline 0.001 -14"><span class='ocrx_word' id='word_1_166' title='bbox 67 2233 181 2270; x_wconf 83' lang='lat' dir='ltr'>frictu</span> <span class='ocrx_word' id='word_1_167' title='bbox 203 2234 282 2270; x_wconf 88' lang='lat' dir='ltr'>eius</span> <span class='ocrx_word' id='word_1_168' title='bbox 301 2234 571 2283; x_wconf 74' lang='lat' dir='ltr'>praestantiam</span> <span class='ocrx_word' id='word_1_169' title='bbox 587 2245 735 2283; x_wconf 80' lang='lat' dir='ltr'>cogno-</span> 
     </span>
     <span class='ocr_line' id='line_1_32' title="bbox 68 2289 734 2341; baseline -0.002 -14"><span class='ocrx_word' id='word_1_170' title='bbox 68 2291 123 2327; x_wconf 87' lang='lat' dir='ltr'>sci</span> <span class='ocrx_word' id='word_1_171' title='bbox 151 2303 261 2341; x_wconf 86' lang='lat' dir='ltr'>posse</span> <span class='ocrx_word' id='word_1_172' title='bbox 295 2297 440 2340; x_wconf 79' lang='lat' dir='ltr'><strong>negent</strong></span> <span class='ocrx_word' id='word_1_173' title='bbox 455 2291 585 2340; x_wconf 84' lang='lat' dir='ltr'>periti,</span> <span class='ocrx_word' id='word_1_174' title='bbox 609 2289 656 2326; x_wconf 88' lang='lat' dir='ltr'>de</span> <span class='ocrx_word' id='word_1_175' title='bbox 676 2291 734 2325; x_wconf 90' lang='lat' dir='ltr'>le-</span> 
     </span>
     <span class='ocr_line' id='line_1_33' title="bbox 71 2345 734 2398; baseline 0.002 -16"><span class='ocrx_word' id='word_1_176' title='bbox 71 2348 203 2384; x_wconf 85' lang='lat' dir='ltr'>ctionis</span> <span class='ocrx_word' id='word_1_177' title='bbox 223 2354 396 2398; x_wconf 79' lang='lat' dir='ltr'>receptae</span> <span class='ocrx_word' id='word_1_178' title='bbox 408 2348 566 2384; x_wconf 86' lang='lat' dir='ltr'>sanitate</span> <span class='ocrx_word' id='word_1_179' title='bbox 587 2345 734 2384; x_wconf 87' lang='lat' dir='ltr'>dubitat</span> 
     </span>
     <span class='ocr_line' id='line_1_34' title="bbox 70 2403 731 2454; baseline 0.002 -15"><span class='ocrx_word' id='word_1_180' title='bbox 70 2403 318 2453; x_wconf 65' lang='lat' dir='ltr'>Wesseling„</span> <span class='ocrx_word' id='word_1_181' title='bbox 339 2405 561 2454; x_wconf 83' lang='lat' dir='ltr'>praesertim</span> <span class='ocrx_word' id='word_1_182' title='bbox 584 2417 672 2440; x_wconf 89' lang='lat' dir='ltr'>cnm</span> <span class='ocrx_word' id='word_1_183' title='bbox 691 2405 731 2440; x_wconf 91' lang='lat' dir='ltr'>in</span> 
     </span>
     <span class='ocr_line' id='line_1_35' title="bbox 71 2458 733 2500; baseline 0.006 -4"><span class='ocrx_word' id='word_1_184' title='bbox 71 2460 263 2497; x_wconf 83' lang='lat' dir='ltr'>Sancrofti</span> <span class='ocrx_word' id='word_1_185' title='bbox 281 2461 377 2497; x_wconf 84' lang='lat' dir='ltr'>libro</span> <span class='ocrx_word' id='word_1_186' title='bbox 400 2468 519 2498; x_wconf 76' lang='lat' dir='ltr'>exstet</span> <span class='ocrx_word' id='word_1_187' title='bbox 547 2458 668 2500; x_wconf 61' lang='grc' dir='ltr'><strong><em>ἐπεάν</em></strong></span> <span class='ocrx_word' id='word_1_188' title='bbox 691 2458 733 2500; x_wconf 76' lang='grc' dir='ltr'>δὲ</span> 
     </span>
     <span class='ocr_line' id='line_1_36' title="bbox 72 2514 734 2570; baseline 0 -16"><span class='ocrx_word' id='word_1_189' title='bbox 72 2514 190 2570; x_wconf 78' lang='grc' dir='ltr'><strong><em>ἑτέρῳ</em></strong></span> <span class='ocrx_word' id='word_1_190' title='bbox 203 2517 458 2568; x_wconf 83' lang='grc' dir='ltr'><strong><em>συγκρίνητοιι</em></strong></span> <span class='ocrx_word' id='word_1_191' title='bbox 478 2516 556 2569; x_wconf 78' lang='lat' dir='ltr'>(ubi</span> <span class='ocrx_word' id='word_1_192' title='bbox 570 2530 648 2554; x_wconf 84' lang='lat' dir='ltr'>vero</span> <span class='ocrx_word' id='word_1_193' title='bbox 658 2530 734 2555; x_wconf 80' lang='lat' dir='ltr'>cum</span> 
     </span>
     <span class='ocr_line' id='line_1_37' title="bbox 70 2570 733 2627; baseline 0.005 -17"><span class='ocrx_word' id='word_1_194' title='bbox 70 2573 144 2610; x_wconf 78' lang='lat' dir='ltr'>alio</span> <span class='ocrx_word' id='word_1_195' title='bbox 164 2574 399 2623; x_wconf 74' lang='lat' dir='ltr'>comparetur)</span> <span class='ocrx_word' id='word_1_196' title='bbox 430 2570 513 2613; x_wconf 86' lang='grc' dir='ltr'><strong><em>τότε</em></strong></span> <span class='ocrx_word' id='word_1_197' title='bbox 535 2574 661 2627; x_wconf 71' lang='grc' dir='ltr'><strong><em>ῥᾷστα</em></strong></span> <span class='ocrx_word' id='word_1_198' title='bbox 672 2589 733 2626; x_wconf 83' lang='grc' dir='ltr'>γι-</span> 
     </span>
     <span class='ocr_line' id='line_1_38' title="bbox 73 2627 734 2681; baseline 0 -14"><span class='ocrx_word' id='word_1_199' title='bbox 73 2627 297 2679; x_wconf 80' lang='grc' dir='ltr'><strong><em>νώσκομεν,</em></strong></span> <span class='ocrx_word' id='word_1_200' title='bbox 349 2628 454 2681; x_wconf 83' lang='lat' dir='ltr'>quod</span> <span class='ocrx_word' id='word_1_201' title='bbox 482 2631 513 2667; x_wconf 89' lang='lat' dir='ltr'>si</span> <span class='ocrx_word' id='word_1_202' title='bbox 544 2630 734 2681; x_wconf 82' lang='lat' dir='ltr'>adprobe-</span> 
     </span>
     <span class='ocr_line' id='line_1_39' title="bbox 70 2686 730 2736; baseline 0.003 -14"><span class='ocrx_word' id='word_1_203' title='bbox 70 2693 145 2736; x_wconf 76' lang='lat' dir='ltr'>tur,</span> <span class='ocrx_word' id='word_1_204' title='bbox 196 2686 461 2723; x_wconf 77' lang='lat' dir='ltr'>difficultatem</span> <span class='ocrx_word' id='word_1_205' title='bbox 500 2694 730 2724; x_wconf 81' lang='lat' dir='ltr'><strong>cessaturam</strong></span> 
     </span>
     <span class='ocr_line' id='line_1_40' title="bbox 71 2742 731 2794; baseline 0.002 -15"><span class='ocrx_word' id='word_1_206' title='bbox 71 2744 135 2779; x_wconf 87' lang='lat' dir='ltr'>ille</span> <span class='ocrx_word' id='word_1_207' title='bbox 164 2744 376 2790; x_wconf 75' lang='lat' dir='ltr'>arbitratur,</span> <span class='ocrx_word' id='word_1_208' title='bbox 399 2742 536 2779; x_wconf 82' lang='lat' dir='ltr'>eodem</span> <span class='ocrx_word' id='word_1_209' title='bbox 574 2756 731 2794; x_wconf 79' lang='lat' dir='ltr'>vergere</span> 
     </span>
     <span class='ocr_line' id='line_1_41' title="bbox 73 2799 732 2850; baseline 0.003 -15"><span class='ocrx_word' id='word_1_210' title='bbox 73 2799 251 2837; x_wconf 85' lang='lat' dir='ltr'>adiiciens</span> <span class='ocrx_word' id='word_1_211' title='bbox 292 2801 422 2837; x_wconf 79' lang='lat' dir='ltr'>Vallae</span> <span class='ocrx_word' id='word_1_212' title='bbox 451 2801 732 2850; x_wconf 81' lang='lat' dir='ltr'>interpretatio-</span> 
     </span>
     <span class='ocr_line' id='line_1_42' title="bbox 74 2857 731 2907; baseline 0.006 -16"><span class='ocrx_word' id='word_1_213' title='bbox 74 2859 347 2895; x_wconf 83' lang='lat' dir='ltr'>nemLatinam</span> <span class='ocrx_word' id='word_1_214' title='bbox 370 2864 406 2893; x_wconf 88' lang='lat' dir='ltr'>et</span> <span class='ocrx_word' id='word_1_215' title='bbox 425 2857 565 2893; x_wconf 85' lang='lat' dir='ltr'>similes</span> <span class='ocrx_word' id='word_1_216' title='bbox 585 2858 731 2907; x_wconf 79' lang='lat' dir='ltr'>prisco-</span> 
     </span>
    </p>
   </div>
   <div class='ocr_carea' id='block_1_8' title="bbox 408 872 734 922">
    <p class='ocr_par' dir='ltr' id='par_1_11' title="bbox 408 872 734 922">
     <span class='ocr_line' id='line_1_43' title="bbox 408 872 734 922; baseline -0.006 -14"><span class='ocrx_word' id='word_1_217' title='bbox 408 872 543 922; x_wconf 82' lang='lat' dir='ltr'>Lange</span> <span class='ocrx_word' id='word_1_218' title='bbox 555 902 564 921; x_wconf 79' lang='lat'>‚</span> <span class='ocrx_word' id='word_1_219' title='bbox 594 883 686 909; x_wconf 73' lang='lat' dir='ltr'>vern</span> <span class='ocrx_word' id='word_1_220' title='bbox 692 884 734 907; x_wconf 87' lang='lat' dir='ltr'>a—</span> 
     </span>
    </p>
   </div>
   <div class='ocr_carea' id='block_1_9' title="bbox 787 871 1454 2908">
    <p class='ocr_par' dir='ltr' id='par_1_12' title="bbox 787 871 1454 2908">
     <span class='ocr_line' id='line_1_44' title="bbox 791 871 1451 924; baseline 0.008 -19"><span class='ocrx_word' id='word_1_221' title='bbox 791 882 878 906; x_wconf 84' lang='lat' dir='ltr'>rum</span> <span class='ocrx_word' id='word_1_222' title='bbox 924 871 1148 920; x_wconf 83' lang='lat' dir='ltr'>sententias,</span> <span class='ocrx_word' id='word_1_223' title='bbox 1204 878 1246 909; x_wconf 84' lang='lat' dir='ltr'>nt</span> <span class='ocrx_word' id='word_1_224' title='bbox 1291 873 1451 924; x_wconf 78' lang='lat' dir='ltr'>Dionys,</span> 
     </span>
     <span class='ocr_line' id='line_1_45' title="bbox 789 927 1452 980; baseline 0.009 -18"><span class='ocrx_word' id='word_1_225' title='bbox 789 928 911 977; x_wconf 82' lang='lat' dir='ltr'>Epist.</span> <span class='ocrx_word' id='word_1_226' title='bbox 934 927 982 964; x_wconf 88' lang='lat' dir='ltr'>ad</span> <span class='ocrx_word' id='word_1_227' title='bbox 998 929 1170 979; x_wconf 85' lang='lat' dir='ltr'>Pompei.</span> <span class='ocrx_word' id='word_1_228' title='bbox 1193 943 1231 980; x_wconf 91' lang='lat' dir='ltr'>p.</span> <span class='ocrx_word' id='word_1_229' title='bbox 1250 930 1341 969; x_wconf 78' lang='lat'>126.</span> <span class='ocrx_word' id='word_1_230' title='bbox 1373 931 1452 966; x_wconf 91' lang='lat' dir='ltr'>Po-</span> 
     </span>
     <span class='ocr_line' id='line_1_46' title="bbox 789 985 1453 1036; baseline 0.003 -15"><span class='ocrx_word' id='word_1_231' title='bbox 789 990 868 1021; x_wconf 85' lang='lat' dir='ltr'>stea</span> <span class='ocrx_word' id='word_1_232' title='bbox 898 990 1028 1021; x_wconf 86' lang='lat' dir='ltr'>tamen</span> <span class='ocrx_word' id='word_1_233' title='bbox 1052 986 1187 1035; x_wconf 81' lang='lat' dir='ltr'>&#39;magis</span> <span class='ocrx_word' id='word_1_234' title='bbox 1221 985 1277 1022; x_wconf 87' lang='lat' dir='ltr'>illi</span> <span class='ocrx_word' id='word_1_235' title='bbox 1310 986 1453 1036; x_wconf 82' lang='lat' dir='ltr'>placuit</span> 
     </span>
     <span class='ocr_line' id='line_1_47' title="bbox 790 1040 1451 1094; baseline 0.012 -19"><span class='ocrx_word' id='word_1_236' title='bbox 790 1040 979 1091; x_wconf 81' lang='lat' dir='ltr'>refingere</span> <span class='ocrx_word' id='word_1_237' title='bbox 1009 1041 1332 1093; x_wconf 78' lang='grc' dir='ltr'><strong><em>παραβλέψωμεν</em></strong></span> <span class='ocrx_word' id='word_1_238' title='bbox 1362 1043 1451 1094; x_wconf 81' lang='lat' dir='ltr'>(pro</span> 
     </span>
     <span class='ocr_line' id='line_1_48' title="bbox 790 1098 1452 1151; baseline 0.005 -16"><span class='ocrx_word' id='word_1_239' title='bbox 790 1099 1152 1149; x_wconf 80' lang='grc' dir='ltr'><strong><em>παρατρίψωμεν),</em></strong></span> <span class='ocrx_word' id='word_1_240' title='bbox 1202 1100 1233 1136; x_wconf 89' lang='lat' dir='ltr'>si</span> <span class='ocrx_word' id='word_1_241' title='bbox 1253 1098 1452 1151; x_wconf 72' lang='grc' dir='ltr'><strong><em>παραβλέ-</em></strong></span> 
     </span>
     <span class='ocr_line' id='line_1_49' title="bbox 791 1153 1453 1207; baseline 0 -14"><span class='ocrx_word' id='word_1_242' title='bbox 791 1168 882 1193; x_wconf 74' lang='grc' dir='ltr'><strong><em>πειν</em></strong></span> <span class='ocrx_word' id='word_1_243' title='bbox 909 1154 1073 1191; x_wconf 86' lang='lat' dir='ltr'>eandem</span> <span class='ocrx_word' id='word_1_244' title='bbox 1107 1153 1265 1193; x_wconf 86' lang='lat' dir='ltr'>haberet</span> <span class='ocrx_word' id='word_1_245' title='bbox 1285 1163 1453 1207; x_wconf 85' lang='lat' dir='ltr'>potesta-</span> 
     </span>
     <span class='ocr_line' id='line_1_50' title="bbox 791 1217 1454 1263; baseline 0.006 -16"><span class='ocrx_word' id='word_1_246' title='bbox 791 1217 871 1247; x_wconf 86' lang='lat' dir='ltr'>tem</span> <span class='ocrx_word' id='word_1_247' title='bbox 892 1218 1005 1263; x_wconf 83' lang='lat' dir='ltr'>atque</span> <span class='ocrx_word' id='word_1_248' title='bbox 1026 1217 1304 1263; x_wconf 73' lang='grc' dir='ltr'><strong><em>παραθεωρεῖν</em></strong></span> <span class='ocrx_word' id='word_1_249' title='bbox 1327 1220 1363 1249; x_wconf 87' lang='lat' dir='ltr'>et</span> <span class='ocrx_word' id='word_1_250' title='bbox 1375 1228 1454 1251; x_wconf 81' lang='grc' dir='ltr'>πα-</span> 
     </span>
     <span class='ocr_line' id='line_1_51' title="bbox 793 1267 1452 1320; baseline 0.003 -15"><span class='ocrx_word' id='word_1_251' title='bbox 793 1271 1045 1320; x_wconf 75' lang='grc' dir='ltr'><strong><em>ραθεᾶσθαις</em></strong></span> <span class='ocrx_word' id='word_1_252' title='bbox 1079 1276 1145 1305; x_wconf 87' lang='lat' dir='ltr'>aut</span> <span class='ocrx_word' id='word_1_253' title='bbox 1178 1267 1452 1320; x_wconf 74' lang='grc' dir='ltr'><strong><em>παραθεωρή-</em></strong></span> 
     </span>
     <span class='ocr_line' id='line_1_52' title="bbox 794 1326 1453 1377; baseline 0.003 -15"><span class='ocrx_word' id='word_1_254' title='bbox 794 1337 923 1375; x_wconf 85' lang='grc' dir='ltr'><strong><em>σωμεν</em></strong></span> <span class='ocrx_word' id='word_1_255' title='bbox 943 1326 1238 1374; x_wconf 78' lang='lat' dir='ltr'>(contenderimus</span> <span class='ocrx_word' id='word_1_256' title='bbox 1258 1330 1290 1363; x_wconf 85' lang='lat' dir='ltr'>et</span> <span class='ocrx_word' id='word_1_257' title='bbox 1312 1330 1453 1377; x_wconf 78' lang='lat' dir='ltr'>specta—</span> 
     </span>
     <span class='ocr_line' id='line_1_53' title="bbox 792 1382 1454 1432; baseline 0.005 -15"><span class='ocrx_word' id='word_1_258' title='bbox 792 1384 943 1419; x_wconf 69' lang='lat' dir='ltr'>verz&#39;mus</span> <span class='ocrx_word' id='word_1_259' title='bbox 975 1383 1024 1419; x_wconf 74' lang='lat' dir='ltr'>acl</span> <span class='ocrx_word' id='word_1_260' title='bbox 1060 1382 1165 1419; x_wconf 62' lang='lat' dir='ltr'>aliud</span> <span class='ocrx_word' id='word_1_261' title='bbox 1203 1385 1354 1432; x_wconf 77' lang='lat' dir='ltr'>aurum)</span> <span class='ocrx_word' id='word_1_262' title='bbox 1389 1391 1454 1420; x_wconf 86' lang='lat' dir='ltr'>aut</span> 
     </span>
     <span class='ocr_line' id='line_1_54' title="bbox 791 1435 1453 1491; baseline 0.008 -17"><span class='ocrx_word' id='word_1_263' title='bbox 791 1440 907 1475; x_wconf 86' lang='lat' dir='ltr'>etiam</span> <span class='ocrx_word' id='word_1_264' title='bbox 947 1435 1250 1491; x_wconf 80' lang='grc' dir='ltr'><strong><em>παραθήσωμεν</em></strong></span> <span class='ocrx_word' id='word_1_265' title='bbox 1290 1447 1354 1476; x_wconf 82' lang='lat' dir='ltr'>aut</span> <span class='ocrx_word' id='word_1_266' title='bbox 1375 1455 1453 1478; x_wconf 89' lang='grc' dir='ltr'>πα-</span> 
     </span>
     <span class='ocr_line' id='line_1_55' title="bbox 791 1491 1452 1547; baseline -0.002 -13"><span class='ocrx_word' id='word_1_267' title='bbox 791 1491 1041 1547; x_wconf 73' lang='grc' dir='ltr'><strong><em>ραβάλωμεν.</em></strong></span> <span class='ocrx_word' id='word_1_268' title='bbox 1099 1495 1195 1532; x_wconf 83' lang='lat' dir='ltr'>Mihi</span> <span class='ocrx_word' id='word_1_269' title='bbox 1214 1497 1319 1533; x_wconf 80' lang='lat' dir='ltr'>nulla</span> <span class='ocrx_word' id='word_1_270' title='bbox 1340 1509 1452 1547; x_wconf 83' lang='lat' dir='ltr'>pror-</span> 
     </span>
     <span class='ocr_line' id='line_1_56' title="bbox 789 1552 1453 1604; baseline 0.003 -16"><span class='ocrx_word' id='word_1_271' title='bbox 789 1565 850 1589; x_wconf 89' lang='lat' dir='ltr'>sus</span> <span class='ocrx_word' id='word_1_272' title='bbox 873 1552 1140 1590; x_wconf 84' lang='lat' dir='ltr'>emendatione</span> <span class='ocrx_word' id='word_1_273' title='bbox 1169 1566 1263 1604; x_wconf 88' lang='lat' dir='ltr'>opus</span> <span class='ocrx_word' id='word_1_274' title='bbox 1293 1567 1371 1590; x_wconf 85' lang='lat' dir='ltr'>esse</span> <span class='ocrx_word' id='word_1_275' title='bbox 1391 1554 1453 1591; x_wconf 83' lang='lat' dir='ltr'>vi·-</span> 
     </span>
     <span class='ocr_line' id='line_1_57' title="bbox 789 1608 1450 1658; baseline 0.003 -13"><span class='ocrx_word' id='word_1_276' title='bbox 789 1608 912 1646; x_wconf 72' lang='lat' dir='ltr'>detur.</span> <span class='ocrx_word' id='word_1_277' title='bbox 989 1610 1066 1648; x_wconf 79' lang='lat' dir='ltr'>Vix</span> <span class='ocrx_word' id='word_1_278' title='bbox 1114 1612 1217 1647; x_wconf 89' lang='lat' dir='ltr'>enim</span> <span class='ocrx_word' id='word_1_279' title='bbox 1277 1609 1450 1658; x_wconf 86' lang='lat' dir='ltr'>dubium,</span> 
     </span>
     <span class='ocr_line' id='line_1_58' title="bbox 788 1665 1448 1715; baseline 0.002 -13"><span class='ocrx_word' id='word_1_280' title='bbox 788 1666 981 1703; x_wconf 78' lang='lat' dir='ltr'>Sancrofti</span> <span class='ocrx_word' id='word_1_281' title='bbox 1033 1665 1173 1704; x_wconf 84' lang='lat' dir='ltr'>codicis</span> <span class='ocrx_word' id='word_1_282' title='bbox 1229 1667 1448 1715; x_wconf 86' lang='lat' dir='ltr'>lectionem,</span> 
     </span>
     <span class='ocr_line' id='line_1_59' title="bbox 787 1722 1449 1776; baseline 0 -17"><span class='ocrx_word' id='word_1_283' title='bbox 787 1722 981 1760; x_wconf 86' lang='lat' dir='ltr'>Larchero</span> <span class='ocrx_word' id='word_1_284' title='bbox 1022 1725 1197 1776; x_wconf 83' lang='lat' dir='ltr'>quamvis</span> <span class='ocrx_word' id='word_1_285' title='bbox 1237 1725 1449 1774; x_wconf 79' lang='lat' dir='ltr'>probatam,</span> 
     </span>
     <span class='ocr_line' id='line_1_60' title="bbox 790 1778 1451 1828; baseline 0.002 -12"><span class='ocrx_word' id='word_1_286' title='bbox 790 1794 811 1816; x_wconf 90' lang='lat' dir='ltr'>e</span> <span class='ocrx_word' id='word_1_287' title='bbox 851 1778 995 1817; x_wconf 89' lang='lat' dir='ltr'>scholio</span> <span class='ocrx_word' id='word_1_288' title='bbox 1034 1782 1148 1817; x_wconf 85' lang='lat' dir='ltr'>fuisse</span> <span class='ocrx_word' id='word_1_289' title='bbox 1188 1782 1365 1828; x_wconf 86' lang='lat' dir='ltr'>ascitam,</span> <span class='ocrx_word' id='word_1_290' title='bbox 1408 1788 1451 1818; x_wconf 86' lang='lat' dir='ltr'>ut</span> 
     </span>
     <span class='ocr_line' id='line_1_61' title="bbox 789 1835 1450 1887; baseline 0 -14"><span class='ocrx_word' id='word_1_291' title='bbox 789 1837 889 1873; x_wconf 88' lang='lat' dir='ltr'>bene</span> <span class='ocrx_word' id='word_1_292' title='bbox 911 1838 1088 1875; x_wconf 75' lang='lat' dir='ltr'>observat</span> <span class='ocrx_word' id='word_1_293' title='bbox 1121 1835 1450 1887; x_wconf 78' lang='lat' dir='ltr'>Schweighaeus.‚</span> 
     </span>
     <span class='ocr_line' id='line_1_62' title="bbox 789 1891 1453 1944; baseline -0.002 -14"><span class='ocrx_word' id='word_1_294' title='bbox 789 1891 1030 1943; x_wconf 82' lang='lat' dir='ltr'>Theognidis</span> <span class='ocrx_word' id='word_1_295' title='bbox 1071 1894 1189 1930; x_wconf 86' lang='lat' dir='ltr'>citans</span> <span class='ocrx_word' id='word_1_296' title='bbox 1223 1894 1353 1930; x_wconf 87' lang='lat' dir='ltr'>locum</span> <span class='ocrx_word' id='word_1_297' title='bbox 1381 1907 1453 1944; x_wconf 66' lang='lat' dir='ltr'>ge-</span> 
     </span>
     <span class='ocr_line' id='line_1_63' title="bbox 788 1948 1450 2002; baseline 0.008 -16"><span class='ocrx_word' id='word_1_298' title='bbox 788 1951 941 1986; x_wconf 85' lang='lat' dir='ltr'>minum</span> <span class='ocrx_word' id='word_1_299' title='bbox 961 1948 1042 1991; x_wconf 84' lang='lat'>585</span> <span class='ocrx_word' id='word_1_300' title='bbox 1064 1950 1196 2002; x_wconf 79' lang='lat'><strong>(417),</strong></span> <span class='ocrx_word' id='word_1_301' title='bbox 1218 1951 1304 1987; x_wconf 89' lang='lat' dir='ltr'>coll.</span> <span class='ocrx_word' id='word_1_302' title='bbox 1329 1953 1450 1997; x_wconf 82' lang='lat'>1101,</span> 
     </span>
     <span class='ocr_line' id='line_1_64' title="bbox 789 2003 1450 2057; baseline 0.006 -15"><span class='ocrx_word' id='word_1_303' title='bbox 789 2007 856 2043; x_wconf 89' lang='lat' dir='ltr'>ubi</span> <span class='ocrx_word' id='word_1_304' title='bbox 888 2013 942 2043; x_wconf 80' lang='lat' dir='ltr'>est</span> <span class='ocrx_word' id='word_1_305' title='bbox 978 2003 1123 2056; x_wconf 72' lang='grc' dir='ltr'><strong><em>χρυσός</em></strong></span> <span class='ocrx_word' id='word_1_306' title='bbox 1158 2003 1450 2057; x_wconf 79' lang='grc' dir='ltr'><strong><em>παρατριβόμε-</em></strong></span> 
     </span>
     <span class='ocr_line' id='line_1_65' title="bbox 789 2060 1450 2116; baseline -0.002 -13"><span class='ocrx_word' id='word_1_307' title='bbox 789 2078 860 2110; x_wconf 84' lang='grc' dir='ltr'><strong><em>νος</em></strong></span> <span class='ocrx_word' id='word_1_308' title='bbox 889 2060 993 2116; x_wconf 74' lang='grc' dir='ltr'><em>ἄλλῳ</em></span> <span class='ocrx_word' id='word_1_309' title='bbox 1027 2066 1161 2115; x_wconf 75' lang='grc' dir='ltr'><strong><em>χρυσῷ</em></strong></span> <span class='ocrx_word' id='word_1_310' title='bbox 1187 2064 1266 2100; x_wconf 84' lang='lat' dir='ltr'>scil.</span> <span class='ocrx_word' id='word_1_311' title='bbox 1290 2064 1345 2111; x_wconf 83' lang='grc' dir='ltr'><strong><em>εἰς</em></strong></span> <span class='ocrx_word' id='word_1_312' title='bbox 1373 2061 1450 2114; x_wconf 73' lang='grc' dir='ltr'>βά-</span> 
     </span>
     <span class='ocr_line' id='line_1_66' title="bbox 791 2116 1451 2175; baseline -0.003 -17"><span class='ocrx_word' id='word_1_313' title='bbox 791 2132 915 2160; x_wconf 83' lang='grc' dir='ltr'><strong><em>σανον</em></strong></span> <span class='ocrx_word' id='word_1_314' title='bbox 948 2119 1009 2157; x_wconf 83' lang='lat' dir='ltr'>vel</span> <span class='ocrx_word' id='word_1_315' title='bbox 1045 2116 1088 2159; x_wconf 80' lang='grc' dir='ltr'><strong><em>ἐν</em></strong></span> <span class='ocrx_word' id='word_1_316' title='bbox 1119 2116 1298 2175; x_wconf 78' lang='grc' dir='ltr'><strong><em>βασάνῳ.</em></strong></span> <span class='ocrx_word' id='word_1_317' title='bbox 1356 2120 1451 2157; x_wconf 77' lang='lat' dir='ltr'>Inde</span> 
     </span>
     <span class='ocr_line' id='line_1_67' title="bbox 791 2175 1452 2214; baseline 0.002 -1"><span class='ocrx_word' id='word_1_318' title='bbox 791 2175 888 2213; x_wconf 82' lang='lat' dir='ltr'>haec</span> <span class='ocrx_word' id='word_1_319' title='bbox 939 2177 1053 2213; x_wconf 86' lang='lat' dir='ltr'>totins</span> <span class='ocrx_word' id='word_1_320' title='bbox 1111 2177 1186 2214; x_wconf 90' lang='lat' dir='ltr'>loci</span> <span class='ocrx_word' id='word_1_321' title='bbox 1242 2180 1452 2214; x_wconf 82' lang='lat' dir='ltr'>sententia:</span> 
     </span>
     <span class='ocr_line' id='line_1_68' title="bbox 792 2233 1450 2285; baseline 0.003 -15"><span class='ocrx_word' id='word_1_322' title='bbox 792 2233 1079 2285; x_wconf 78' lang='lat' dir='ltr'>quemadmodum</span> <span class='ocrx_word' id='word_1_323' title='bbox 1116 2235 1288 2272; x_wconf 77' lang='lat' dir='ltr'>sincerum</span> <span class='ocrx_word' id='word_1_324' title='bbox 1324 2248 1450 2272; x_wconf 74' lang='lat' dir='ltr'>aarum</span> 
     </span>
     <span class='ocr_line' id='line_1_69' title="bbox 791 2290 1450 2341; baseline -0.002 -13"><span class='ocrx_word' id='word_1_325' title='bbox 791 2304 862 2328; x_wconf 80' lang='lat' dir='ltr'>non</span> <span class='ocrx_word' id='word_1_326' title='bbox 886 2304 947 2341; x_wconf 81' lang='lat' dir='ltr'>per</span> <span class='ocrx_word' id='word_1_327' title='bbox 978 2303 1012 2327; x_wconf 83' lang='lat' dir='ltr'>se</span> <span class='ocrx_word' id='word_1_328' title='bbox 1045 2292 1159 2340; x_wconf 71' lang='lat' dir='ltr'>ipsum</span> <span class='ocrx_word' id='word_1_329' title='bbox 1189 2290 1450 2340; x_wconf 52' lang='lat' dir='ltr'>‹lignaecimum</span> 
     </span>
     <span class='ocr_line' id='line_1_70' title="bbox 791 2347 1450 2398; baseline 0.002 -14"><span class='ocrx_word' id='word_1_330' title='bbox 791 2347 856 2385; x_wconf 86' lang='lat' dir='ltr'>sed</span> <span class='ocrx_word' id='word_1_331' title='bbox 875 2377 884 2394; x_wconf 89' lang='lat'>,</span> <span class='ocrx_word' id='word_1_332' title='bbox 925 2347 1068 2398; x_wconf 78' lang='lat' dir='ltr'>quando</span> <span class='ocrx_word' id='word_1_333' title='bbox 1093 2347 1184 2384; x_wconf 76' lang='lat' dir='ltr'>illud</span> <span class='ocrx_word' id='word_1_334' title='bbox 1214 2350 1320 2384; x_wconf 73' lang='lat' dir='ltr'>iuxta</span> <span class='ocrx_word' id='word_1_335' title='bbox 1346 2349 1450 2385; x_wconf 76' lang='lat' dir='ltr'>aliud</span> 
     </span>
     <span class='ocr_line' id='line_1_71' title="bbox 789 2404 1449 2455; baseline 0 -14"><span class='ocrx_word' id='word_1_336' title='bbox 789 2416 916 2441; x_wconf 82' lang='lat' dir='ltr'>aurum</span> <span class='ocrx_word' id='word_1_337' title='bbox 949 2406 1133 2441; x_wconf 47' lang='lat' dir='ltr'>atterimus</span> <span class='ocrx_word' id='word_1_338' title='bbox 1159 2417 1187 2442; x_wconf 80' lang='lat' dir='ltr'>s,</span> <span class='ocrx_word' id='word_1_339' title='bbox 1220 2404 1449 2455; x_wconf 80' lang='lat' dir='ltr'>afsricamus,</span> 
     </span>
     <span class='ocr_line' id='line_1_72' title="bbox 787 2460 1449 2511; baseline -0.002 -12"><span class='ocrx_word' id='word_1_340' title='bbox 787 2464 842 2499; x_wconf 76' lang='lat' dir='ltr'>ita</span> <span class='ocrx_word' id='word_1_341' title='bbox 864 2461 921 2505; x_wconf 69' lang='lat' dir='ltr'>id,</span> <span class='ocrx_word' id='word_1_342' title='bbox 953 2460 1043 2511; x_wconf 75' lang='lat' dir='ltr'>quod</span> <span class='ocrx_word' id='word_1_343' title='bbox 1064 2461 1187 2498; x_wconf 71' lang='lat' dir='ltr'>melias</span> <span class='ocrx_word' id='word_1_344' title='bbox 1215 2465 1287 2510; x_wconf 82' lang='lat' dir='ltr'>est,</span> <span class='ocrx_word' id='word_1_345' title='bbox 1320 2461 1449 2499; x_wconf 74' lang='lat' dir='ltr'>discer-</span> 
     </span>
     <span class='ocr_line' id='line_1_73' title="bbox 789 2516 1449 2555; baseline -0.002 0"><span class='ocrx_word' id='word_1_346' title='bbox 789 2520 916 2555; x_wconf 74' lang='lat' dir='ltr'>nimus.</span> <span class='ocrx_word' id='word_1_347' title='bbox 971 2518 1041 2554; x_wconf 82' lang='lat' dir='ltr'>Cr.</span> <span class='ocrx_word' id='word_1_348' title='bbox 1082 2517 1129 2554; x_wconf 88' lang='lat' dir='ltr'>ad</span> <span class='ocrx_word' id='word_1_349' title='bbox 1170 2516 1210 2554; x_wconf 95' lang='lat' dir='ltr'>h.</span> <span class='ocrx_word' id='word_1_350' title='bbox 1250 2519 1276 2555; x_wconf 91' lang='lat' dir='ltr'>l.</span> <span class='ocrx_word' id='word_1_351' title='bbox 1311 2519 1449 2554; x_wconf 73' lang='lat' dir='ltr'>excitat</span> 
     </span>
     <span class='ocr_line' id='line_1_74' title="bbox 793 2573 1449 2625; baseline 0.002 -14"><span class='ocrx_word' id='word_1_352' title='bbox 793 2573 1018 2612; x_wconf 86' lang='lat' dir='ltr'>Schneider.</span> <span class='ocrx_word' id='word_1_353' title='bbox 1040 2573 1256 2624; x_wconf 79' lang='lat' dir='ltr'>adEclogg.</span> <span class='ocrx_word' id='word_1_354' title='bbox 1272 2573 1449 2625; x_wconf 82' lang='lat' dir='ltr'>Physicc.</span> 
     </span>
     <span class='ocr_line' id='line_1_75' title="bbox 790 2629 1449 2682; baseline 0 -15"><span class='ocrx_word' id='word_1_355' title='bbox 790 2644 878 2682; x_wconf 77' lang='lat' dir='ltr'>pag.</span> <span class='ocrx_word' id='word_1_356' title='bbox 903 2629 982 2671; x_wconf 75' lang='lat'>194</span> <span class='ocrx_word' id='word_1_357' title='bbox 1004 2637 1040 2667; x_wconf 87' lang='lat' dir='ltr'>et</span> <span class='ocrx_word' id='word_1_358' title='bbox 1061 2630 1449 2668; x_wconf 65' lang='lat' dir='ltr'>Scl1aefer.adl’0ett.</span> 
     </span>
     <span class='ocr_line' id='line_1_76' title="bbox 789 2686 1448 2738; baseline -0.005 -13"><span class='ocrx_word' id='word_1_359' title='bbox 789 2689 1038 2738; x_wconf 85' lang='lat' dir='ltr'>Gnomicc.p.</span> <span class='ocrx_word' id='word_1_360' title='bbox 1053 2690 1118 2735; x_wconf 81' lang='lat'>33,</span> <span class='ocrx_word' id='word_1_361' title='bbox 1140 2688 1205 2723; x_wconf 84' lang='lat' dir='ltr'>ubi</span> <span class='ocrx_word' id='word_1_362' title='bbox 1227 2688 1326 2724; x_wconf 79' lang='lat' dir='ltr'>Galli</span> <span class='ocrx_word' id='word_1_363' title='bbox 1347 2686 1448 2724; x_wconf 81' lang='lat' dir='ltr'>docti</span> 
     </span>
     <span class='ocr_line' id='line_1_77' title="bbox 787 2742 1450 2781; baseline -0.003 0"><span class='ocrx_word' id='word_1_364' title='bbox 787 2744 896 2781; x_wconf 78' lang='lat' dir='ltr'>affert</span> <span class='ocrx_word' id='word_1_365' title='bbox 916 2745 1141 2781; x_wconf 72' lang='lat' dir='ltr'>sententiam</span> <span class='ocrx_word' id='word_1_366' title='bbox 1163 2743 1210 2780; x_wconf 85' lang='lat' dir='ltr'>de</span> <span class='ocrx_word' id='word_1_367' title='bbox 1230 2742 1303 2780; x_wconf 87' lang='lat' dir='ltr'>hoc</span> <span class='ocrx_word' id='word_1_368' title='bbox 1324 2745 1450 2780; x_wconf 81' lang='lat' dir='ltr'>Hero-</span> 
     </span>
     <span class='ocr_line' id='line_1_78' title="bbox 789 2799 1451 2851; baseline -0.002 -13"><span class='ocrx_word' id='word_1_369' title='bbox 789 2801 868 2838; x_wconf 84' lang='lat' dir='ltr'>doti</span> <span class='ocrx_word' id='word_1_370' title='bbox 880 2802 963 2837; x_wconf 84' lang='lat' dir='ltr'>loco</span> <span class='ocrx_word' id='word_1_371' title='bbox 976 2799 1099 2836; x_wconf 84' lang='lat' dir='ltr'>hanc:</span> <span class='ocrx_word' id='word_1_372' title='bbox 1133 2806 1280 2851; x_wconf 83' lang='lat' dir='ltr'>„quant</span> <span class='ocrx_word' id='word_1_373' title='bbox 1303 2813 1349 2836; x_wconf 88' lang='lat' dir='ltr'>an</span> <span class='ocrx_word' id='word_1_374' title='bbox 1362 2813 1451 2851; x_wconf 72' lang='lat' dir='ltr'>pns-</span> 
     </span>
     <span class='ocr_line' id='line_1_79' title="bbox 787 2853 1450 2908; baseline -0.002 -13"><span class='ocrx_word' id='word_1_375' title='bbox 787 2870 878 2908; x_wconf 79' lang='lat' dir='ltr'>sage</span> <span class='ocrx_word' id='word_1_376' title='bbox 909 2855 1162 2904; x_wconf 80' lang='lat' dir='ltr'>d’Herodote,</span> <span class='ocrx_word' id='word_1_377' title='bbox 1190 2853 1239 2893; x_wconf 76' lang='grc' dir='ltr'>οὐ</span> <span class='ocrx_word' id='word_1_378' title='bbox 1264 2857 1291 2893; x_wconf 93' lang='lat' dir='ltr'>il</span> <span class='ocrx_word' id='word_1_379' title='bbox 1319 2864 1374 2894; x_wconf 86' lang='lat' dir='ltr'>est</span> <span class='ocrx_word' id='word_1_380' title='bbox 1395 2857 1450 2894; x_wconf 84' lang='lat' dir='ltr'>dit</span> 
     </span>
    </p>
   </div>
  </div>
 </body>
</html>
