1834 3258
424 229 901 270 POLYMNIA.
959 229 1058 266 VII.

1308 230 1391 270 431

90 339 372 394 4,,δίκαςτῶν
400 336 623 394 ἐποίησαν.
654 335 763 381 ἀλλὰ
783 336 832 381 vd
864 336 943 393 μὲν
971 339 1055 381 νῦν
1083 339 1222 380 ταῦτα
1251 338 1391 394 πρήσ-

117 418 242 460 ,,σοις
270 404 323 448 τά
348 422 429 459 περ
453 405 500 448 ἐν
528 405 647 462 χερσὶ
668 405 793 461 ἔχεις·
822 403 1052 461 ἡμερώσας
1083 404 1130 449 δὲ
1161 406 1386 461 Αἴγυπτον
1401 413 1446 447 7ο

117 474 223 530 ,,τη“ν
264 474 581 530 ἐξυβρίσασαν,
636 473 919 529 στρατηλάτεε
975 473 1044 517 ἐπὶ
1076 472 1154 524 τὰς
1187 471 1387 530 Ἀθήνας,

115 544 218 595 ,,ἵνα
254 540 384 597 λόγος
411 540 457 585 τέ
487 554 533 584 σε
563 541 636 598 ἔχῃ
673 542 786 597 πρὸς
818 539 1074 621 ανθρώπων
1103 540 1286 597 ἀγαθὸς,
1315 543 1391 585 καί

115 627 210 664 ,,τις
239 610 425 665 ὕστερον
444 609 721 666 φυλάσσηται
746 609 814 652 ἐπὶ
835 613 917 665 γῆν
946 608 1027 665 τὴν
1057 607 1138 664 σὴν
1167 608 1390 665 στρατεύε-

85 686 134 731 5,
147 684 265 722 σθαι
270 684 294 702 “
355 672 496 729 Οὗτος
525 677 606 733 μέν
647 679 691 721 οἱ
720 677 744 720 ὁ
775 677 904 733 λόγος
933 678 988 733 ἠν
1008 676 1218 732 τιμωρός·
1258 679 1389 721 τοῦδε

115 746 162 791 δὲ
191 750 272 790 τοῦ
298 745 434 803 λόγου
462 743 748 803 παρενθήκην
787 746 1034 789 ποιεέσκετο
1064 744 1216 800 τήνδε,
1245 743 1303 796 ὥς
1331 743 1385 801 ,,ἦ

112 813 310 872 Εὐρώπη
358 815 621 871 περικαλλὴς
668 813 807 871 χώρη,
853 814 928 858 καὶ
970 812 1152 869 δένδρεα
1203 817 1444 856 παντοΐα75

56 1026 222 1068 515.-—
241 1026 318 1062 Pro
340 1020 448 1070 εἰκός
463 1023 502 1059 ἰι]
512 1036 618 1076 seqq.
632 1036 723 1060 cum

56 1082 175 1120 Gaisf.
189 1081 277 1118 dedi
290 1079 411 1130 οἰκός,
423 1080 594 1131 pluribus
608 1079 720 1117 codd.

54 1138 364 1189 suffragantibus,
413 1136 477 1174 Ad
496 1138 721 1187 negationes

55 1192 110 1248 μή
140 1192 190 1234 οὐ
223 1196 325 1233 conf.
345 1193 483 1233 Matth.
506 1195 574 1236 Gr.
596 1195 663 1233 Gr.
682 1207 720 1245 p.

55 1255 178 1294 1228.

111 1304 209 1348 ἆλλοὶ
219 1304 263 1348 τό
277 1305 351 1359 μὲν
361 1309 443 1347 νῦν
454 1308 580 1346 ταῦτα
589 1302 723 1359 πρήσ-

37 1366 170 1414 σοις]
211 1364 433 1413 Medioeus,
463 1365 720 1412 Florentinus,

55 1423 120 1459 alii
140 1418 222 1462 αλλ’
242 1437 258 1462 ε
271 1422 287 1462 ἰ
298 1452 308 1471 ,
347 1421 453 1474 quod
472 1423 503 1458 si
522 1422 613 1458 ferri
628 1434 719 1472 pos-

54 1486 123 1528 set,
151 1480 193 1515 in
203 1480 339 1517 vocula
361 1494 395 1518 ει
387 1477 543 1516 'eadem
560 1477 719 1529 optandi

53 1537 130 1583 vis,
161 1549 260 1588 quae
279 1537 319 1572 in
339 1537 524 1573 similibus
552 1536 719 1572 locutio-

51 1593 166 1630 nibus
194 1593 303 1641 εἴθε,
336 1593 371 1631 εἰ
405 1589 504 1644 γάρ,
533 1593 635 1637 aliis,
670 1591 718 1628 de

52 1650 190 1701 quibus
202 1648 338 1688 Matth.
351 1650 418 1687 Gr.
432 1650 498 1687 Gr.
518 1662 606 1700 pag.
620 1648 717 1690 975.

50 1705 98 1744 In
128 1708 317 1757 optativo,
364 1713 407 1743 ut
436 1707 537 1743 bene
566 1707 719 1743 monuit

52 1764 101 1801 G.
122 1765 334 1801 Hermann.
353 1762 400 1800 de
421 1765 555 1815 partic.
582 1759 633 1802 ἂν
651 1764 718 1811 ΙΠ,

52 1819 79 1860 5
108 1819 301 1871 (Opuscc.
326 1821 378 1858 IV
406 1834 445 1871 p.
481 1819 589 1870 155)
619 1821 719 1857 inest

50 1876 212 1914 iubendi
234 1877 473 1928 significatio,
494 1889 592 1929 quae
611 1890 718 1913 nunc

50 1935 269 1984 precatione
317 1934 555 1980 continetur,
614 1946 718 1970 nunc

51 1991 209 2042 propior
239 1997 294 2028 est
324 1991 511 2041 imperio,
554 1995 598 2026 ut
627 1987 666 2030 h.
687 1990 715 2032 1,

53 2048 129 2093 Qui
147 2046 252 2084 idem
270 2048 297 2086 1.
317 2048 345 2085 l.
363 2059 453 2098 pag.
478 2044 557 2086 114
586 2046 716 2083 obser-

51 2110 136 2152 vat,
173 2105 313 2141 multas
358 2104 569 2154 optationes
600 2104 716 2140 etiam

53 2173 144 2197 cum
162 2162 346 2212 particula
367 2159 614 2198 conditionali
621 2173 715 2211 pro-

51 2217 142 2254 ferri
152 2231 222 2269 per
237 2219 450 2269 optativum
461 2247 472 2266 ,
492 2215 560 2254 sed
577 2218 716 2254 omissa

50 2276 237 2325 particula
263 2271 338 2324 ἂν,
369 2287 468 2327 quae
493 2280 645 2311 tantum
666 2275 713 2311 ab

51 2332 167 2381 epicis
213 2330 286 2369 hac
334 2333 520 2383 particula
557 2331 713 2369 liberius

49 2388 243 2425 utentibus
262 2387 325 2426 hic
343 2390 421 2427 illic
446 2388 656 2428 adiiciatur.

107 2441 346 2496 ημερῶσας]
395 2445 482 2486 Vid.
522 2452 618 2485 nott.
664 2443 713 2481 ad

49 2501 96 2550 V,
126 2504 166 2542 2·
194 2523 252 2528 —
294 2503 341 2538 In
375 2516 482 2555 seqq.
514 2501 562 2539 ad
595 2502 712 2539 verba

50 2557 120 2597 ι’να
146 2552 265 2611 λόγος
285 2556 324 2597 τὲ
345 2570 388 2598 σε
416 2559 481 2614 ε’χῃ
492 2559 594 2597 conf.
613 2565 710 2596 nott.

50 2613 101 2652 ad
120 2615 166 2662 V,
183 2617 252 2656 86·

109 2666 237 2718 Οὗτος
247 2668 319 2722 μέν
349 2670 391 2710 οἵ
406 2669 431 2712 o‘
420 2669 563 2728 λόγος
580 2686 634 2722 ην
654 2686 713 2710 τι·

49 2742 157 2781 μωρο
151 2725 201 2777 ς]
212 2729 270 2765 De
280 2741 374 2765 voce
386 2729 503 2774 οὑτος
513 2728 564 2765 cf.
574 2726 711 2765 Matth.

50 2785 119 2824 Gr.
150 2786 217 2823 Gr.
245 2786 283 2831 §.
313 2784 453 2833 470,1
491 2791 528 2822 et
548 2783 596 2822 de
615 2797 711 2822 voce

51 2838 218 2895 τιμωρὸς
245 2847 342 2881 nott.
367 2815 415 2879 ad
443 2841 489 2890 V,
508 2840 576 2882 65.
596 2840 708 2887 Quod

780 1022 971 1074 sequitur:
1003 1022 1123 1062 τοῦδε
1145 1019 1198 1061 δὲ
1215 1024 1290 1062 τοῦ
1309 1019 1442 1076 λόγου,

779 1079 875 1128 (ubi
905 1077 1076 1116 Bekker.
1098 1078 1215 1116 edidit
1245 1095 1265 1118 τ
1278 1094 1298 1119 ο
1310 1076 1336 1119 v'
1352 1096 1372 1118 τ
1386 1095 1406 1119 o
1418 1096 1443 1118 υ

779 1133 822 1175 δὲ
843 1137 918 1174 τοῦ
936 1131 1087 1188 λόγου)
1117 1149 1206 1172 cum
1224 1136 1360 1173 Matth.
1380 1150 1443 1174 re-

777 1193 876 1230 tinui
896 1193 944 1229 ob
962 1193 1218 1243 plurimorum
1239 1192 1352 1230 codd.
1373 1206 1444 1230 au-

779 1250 1005 1299 ctoritatem,
1018 1262 1136 1301 quam
1147 1249 1311 1287 deseruit
1324 1251 1442 1288 Gaisf.

783 1320 833 1343 ex
852 1319 931 1343 uno
943 1307 1116 1343 Parisino
1142 1306 1228 1345 cod.
1260 1308 1439 1359 abiiciens

778 1363 833 1404 δέ.
892 1362 972 1401 sed
1005 1363 1083 1401 vid.
1113 1364 1196 1410 vn,
1231 1364 1298 1405 53.
1337 1365 1439 1412 Vm,

775 1420 843 1461 40.
902 1421 1003 1457 Hinc
1025 1433 1180 1473 quoque
1198 1422 1269 1469 IX,
1288 1423 1338 1462 16
1358 1423 1443 1459 init.

774 1476 1038 1516 revocandum
1073 1478 1203 1515 censui
1244 1477 1301 1517 τά
1317 1479 1366 1518 δε
1397 1475 1441 1518 δὲ

774 1531 856 1585 ἤδη
889 1530 937 1573 τοὶ
971 1533 1158 1574 ἐπίλοιπα
1189 1550 1226 1573 κ.
1253 1549 1287 1573 τ.
1317 1537 1366 1584 λ.,
1397 1542 1441 1573 ut

773 1592 1015 1629 Florentinus
1029 1592 1126 1628 liber
1137 1605 1227 1629 cum
1237 1592 1316 1629 aliis
1325 1606 1440 1643 prae-

761 1643 854 1685 ‘bet.
910 1649 974 1685 Ex
1007 1647 1149 1686 Aldina
1180 1655 1219 1686 et
1244 1649 1440 1686 Sancrofti

774 1706 871 1742 libro
910 1703 1127 1753 Schaefer„
1178 1718 1295 1758 quem
1327 1707 1438 1743 Gais-

773 1761 875 1800 ford.
896 1763 1079 1814 sequitur,
1102 1761 1273 1800 ediderat
1311 1760 1367 1802 τοὶ
1395 1761 1439 1802 δὲ

774 1816 856 1870 ἤδη
893 1816 941 1858 τὰ
975 1817 1176 1859 ἐπίλοιπα.
1244 1821 1304 1856 De
1342 1832 1439 1857 voce

774 1871 1014 1926 παρενθήκη
1044 1876 1148 1913 conf.
1180 1876 1244 1924 VI,
1267 1878 1318 1917 19
1345 1877 1438 1929 ibiq.

771 1939 870 1969 nott.
886 1931 1110 1972 ποιεέσκετο
1130 1939 1233 1969 recte
1254 1931 1346 1970 dant
1366 1941 1440 1971 tres

771 1990 952 2036 Parisini3
972 1990 1012 2025 in
1030 1990 1108 2025 aliis
1119 1989 1312 2027 invenitur
1331 1989 1439 2030 ποιέ-

773 2057 906 2091 σκετο,
934 2046 974 2081 in
1003 2047 1082 2083 aliis
1104 2044 1291 2086 ἐποιέετο.
1349 2046 1436 2085 Vid.

770 2104 800 2150 I,
830 2104 897 2143 36·
922 2103 987 2150 IV,
1017 2105 1071 2143 78
1101 2103 1195 2156 ibiq.
1225 2110 1325 2142 nott.
1353 2105 1436 2154 VII,

775 2161 870 2199 119.

827 2212 1070 2267 περικαλλὴς
1099 2212 1236 2267 χώρη]
1267 2214 1435 2255 Additur

769 2271 810 2309 in
832 2272 1062 2325 quibusdam
1082 2273 1185 2311 libris
1215 2272 1298 2324 εἴη,
1330 2273 1435 2326 quod

769 2342 840 2367 nos
876 2343 967 2367 cum
992 2330 1110 2367 Gaisf.
1147 2331 1358 2368 omisimus.
1377 2353 1435 2359 —

770 2385 937 2438 δένδρεα
972 2383 1020 2426 voi
1062 2383 1194 2438 ἥμερα
1230 2388 1433 2437 intellexit,

770 2444 918 2494 opinor,
931 2446 1065 2481 Noster
1076 2445 1315 2495 potissimum
1333 2446 1435 2483 oleas

769 2513 933 2553 eamque
964 2501 1013 2538 ob
1042 2514 1198 2538 causam
1231 2503 1435 2539 articulum

769 2559 1002 2608 praeposuit.
1060 2559 1185 2595 Verba
1215 2553 1361 2610 οἷρετήν
1384 2553 1434 2597 ἆ-

769 2611 848 2666 κρή
886 2613 935 2651 ad
965 2614 1034 2653 soli
1054 2615 1243 2653 bonitatem
1260 2621 1432 2666 spectare

767 2672 1016 2709 manifestiun
1051 2678 1119 2711 est.
1177 2673 1276 2708 Nam
1307 2667 1432 2723 οἷκρός

768 2727 871 2779 apud
897 2727 1138 2765 Herodotum
1166 2728 1288 2764 ubivis
1326 2728 1431 2766 bono

765 2798 880 2822 sensu
903 2783 1169 2835 accipiendum
1209 2796 1289 2821 esse
1329 2792 1431 2822 recte

764 2840 907 2890 docuit,
928 2840 967 2881 h.
988 2842 1016 2879 l.
1045 2841 1172 2889 allato,
1193 2840 1368 2881 Werfer.
1387 2842 1428 2880 iu
