1834 3258
433 255 907 295 POLYMNIA.
966 255 1066 293 VII.
1295 255 1380 295 605

112 369 300 426 ζώοντας
309 364 599 421 κατορύσσειν
616 381 627 393 ·
647 365 737 410 ἐπεὶ
750 365 832 410 ’καὶ
851 364 1103 422 Ἄμηστριν,
1123 363 1202 420 τήν
1211 363 1380 418 Ξέρξεω
1390 370 1435 405 75

108 442 318 496 γυναῖκα,
369 434 656 490 πυνθάνομαι
710 433 967 491 γηράσασαν
996 434 1072 484 ξδὶς
1115 430 1221 476 ἑπτὰ
1259 435 1380 487 Περ-

113 506 224 550 σέων
252 506 414 556 παῖδας
444 503 608 548 ἐόντων
637 502 886 556 ἐπιφανέων
916 499 1094 556 ἀνδρῶν
1130 497 1241 555 ὑπὲρ
1272 499 1380 543 ἑωυ-

108 577 184 630 τῆς
210 575 272 629 τῷ
300 571 387 615 ὑπὸ
418 576 502 626 γῆν
531 570 749 629 λεγομένῳ
772 566 885 612 εἶναι
907 573 999 626 θεῷ
1029 566 1381 625 ἀντιχαρίζεσθαι

108 639 488 696 κατορύσσουσαν.

186 709 266 760 Ὡς
306 707 352 752 δὲ
393 705 481 751 ἀπὸ
522 709 602 749 τοῦ
631 703 893 760 Στρυμόνος
929 703 1161 758 ἐπορεύετο
1192 701 1216 747 ὁ
1247 714 1375 758 στρα-
1431 698 1713 767 ῥζὲξξξῇῑῧζζι-

107 775 196 828 τὸς,
226 777 421 820 ἐνθαῦτα
454 774 568 829 πρὸς
595 771 723 830 ἡλίου
753 773 952 826 δυσμέων
974 773 1061 816 ἐστὶ
1091 773 1300 827 αἰγιαλὸς,
1331 766 1711 834 ένὸοἰὲξῇζξξξρξὼξζζζ

107 850 170 902 τῷ
201 843 436 901 οἰκημένην
452 843 657 898 ’Ἀργιλον
685 840 815 886 πόλιν
838 840 1022 885 Ἑλλάδα
1051 838 1264 896 παρεξήϊε.
1296 837 1378 882 αὕ-
1435 835 1694 896 ἒξξζὴῑξξιξεζ-ῑξζῖω

106 931 158 971 τη
189 914 252 963 δὲ,
282 914 356 957 καὶ
384 911 412 968 ἡ
444 911 694 966 κατύπερθε
722 909 897 965 ταύτης,
926 909 1124 954 καλέεται
1153 908 1373 964 Βισαλτίη.

78 983 318 1026 Ξένθεῦτεν
347 979 414 1032 δὲ,
446 978 612 1024 κόλπον
641 977 719 1022 τὸν
749 977 816 1021 ἐπὶ
849 981 1095 1034 Ποσιδηίου
1137 977 1180 1030 ἐξ
1211 975 1377 1031 ἄριστε-

1430 901 1710 971 {tentass-

108 1054 188 1108 ρῆς
216 1050 342 1107 χερός
382 1049 516 1105 ἔχων,
567 1045 637 1106 ἤϊε
677 1045 751 1091 δια
787 1046 955 1099 Συλέος
991 1047 1146 1090 πεδίου
1175 1044 1379 1101 καλεομέ·

1435 969 1530 997 culta.

44 1241 88 1272 ta
106 1236 143 1271 H
161 1237 351 1286 pag-‚171
373 1236 421 1283 D,
448 1246 532 1271 eam
554 1232 629 1271 fide
651 1232 712 1271 di-

4 1342 6 1344 ·
49 1304 168 1343 gnam
231 1305 310 1328 esse
363 1298 480 1342 negat
527 1290 712 1328 Kleuker.

48 1347 228 1400 Append.
261 1348 309 1385 ad
336 1349 564 1386 Zendavest.
590 1350 644 1385 111
671 1362 711 1399 p.

50 1406 118 1446 24.
140 1407 206 1453 25,
236 1418 326 1443 cum
344 1406 450 1442 nulla
482 1406 554 1442 alia
584 1406 713 1443 istius-

47 1461 156 1500 modi
169 1463 328 1513 vestigia
337 1462 439 1513 apud
453 1464 586 1500 Persas
602 1475 712 1499 com-

47 1526 220 1571 pareant.
276 1519 421 1565 Quodsi
463 1527 593 1556 tamen
630 1519 713 1556 veri

49 1576 142 1629 quid
170 1578 293 1613 inesse
319 1578 360 1612 in
390 1575 463 1613 hac
492 1577 711 1613 narratione

47 1641 223 1684 putetur,
265 1634 454 1684 pertinere
482 1632 523 1670 id
550 1634 632 1671 vult
661 1632 711 1670 ad

49 1697 145 1728 artes
185 1692 353 1740 magicas
383 1703 427 1727 ac
468 1689 710 1727 daemonicas

47 1760 177 1785 severe
206 1746 363 1799 quidem
391 1746 608 1784 interdictas
629 1749 711 1784 Zo-

47 1805 180 1841 roastri
209 1805 316 1855 lege,
343 1803 492 1842 sedhic
513 1805 589 1842 illic
616 1805 711 1841 resi-

47 1860 153 1898 duas.
183 1863 323 1909 Deum,
345 1862 411 1912 qui
425 1862 495 1898 sub
514 1868 612 1898 terra
622 1874 713 1897 ver-

49 1919 123 1955 sari
145 1918 312 1964 dicatur,
341 1917 463 1954 videri
483 1919 610 1955 statuit
630 1919 712 1953 Ha—

48 1973 139 2011 dem
158 1987 188 2010 s.
211 1974 487 2020 chrimanimn,
509 1975 614 2011 cuius
642 1987 713 2010 cu-

46 2031 245 2082 piditatem
283 2028 357 2066 hoc
385 2031 568 2067 sacrificio
604 2031 712 2081 quasi

45 2088 166 2124 lenire
197 2094 233 2123 et
266 2088 401 2123 satiare
433 2088 487 2123 illi
506 2088 710 2124 voluerint.

47 2142 272 2181 Grotefend.
298 2145 339 2179 in
358 2143 530 2181 Amalth.
563 2145 598 2180 ΙΙ
620 2157 707 2194 pag.

51 2201 130 2241 105
150 2214 257 2253 seqq.
278 2199 373 2237 haec
394 2200 443 2237 ad
463 2202 614 2237 numeri
635 2214 709 2238 no-

6 2297 21 2304 „
49 2259 195 2294 venarii
236 2259 476 2295 sanctitatem
504 2265 541 2295 et
571 2270 709 2295 arcana

47 2313 238 2367 quaedam
258 2327 363 2351 sacra
382 2315 515 2351 referri
534 2315 630 2352 vult.
654 2338 705 2342 —

45 2370 108 2408 Ad
143 2371 308 2408 formam
336 2368 567 2424 γηράσασαν
604 2372 708 2409 conf.

46 2428 269 2468 Buttmann.
301 2429 474 2466 Gramm.
494 2429 586 2466 mai.
614 2431 649 2465 ΙΙ
669 2443 706 2479 p,

47 2486 100 2525 98
128 2491 223 2531 not„
251 2485 319 2521 ubi
346 2482 528 2537 γήρασαν
565 2486 706 2538 [γηρᾶ-

766 1230 902 1271 matth.
923 1233 990 1269 Gr.
1012 1233 1078 1271 Gr.
1110 1232 1147 1278 ξ.
1169 1230 1251 1272 590
1272 1243 1307 1270 a.
1335 1244 1372 1282 γ.
1393 1242 1434 1281 p.

769 1291 893 1331 1179.
921 1289 1088 1339 Argilum
1117 1288 1255 1324 urbem
1285 1288 1331 1324 ab
1351 1288 1434 1323 An-

769 1346 858 1384 driis
869 1346 1064 1384 conditam
1082 1347 1183 1382 intra
1197 1345 1346 1382 Bolbeu
1360 1356 1434 1395 pa-

767 1403 901 1441 ludem
931 1410 969 1441 et
995 1401 1249 1454 Amphipolin
1278 1413 1434 1438 memo-

768 1468 825 1498 rat
863 1459 1113 1512 Thucydides
1152 1460 1216 1507 IV,
1248 1460 1343 1500 103.
1384 1456 1431 1505 V,

771 1519 863 1558 118.
919 1518 1032 1555 Nulla
1061 1518 1140 1553 eius
1171 1517 1316 1552 mentio
1346 1520 1433 1565 post

767 1575 913 1611 bellum
934 1574 1317 1625 Peloponnesiacum.
1367 1571 1429 1610 Cf.

766 1632 952 1669 Gatterer.
978 1644 1065 1682 pag.
1087 1633 1142 1672 80
1172 1636 1210 1667 et
1238 1630 1431 1666 Manuert.

767 1688 837 1725 Vll
858 1702 896 1740 p.
919 1687 1016 1729 448.

822 1744 1000 1785 καλέεται
1037 1743 1253 1794 Βισαλτίη]
1324 1742 1430 1779 Infra

768 1801 884 1850 VIII,
925 1805 1004 1842 116
1044 1803 1275 1838 Bisaltarum
1315 1800 1429 1849 regis,

767 1857 934 1895 hominis
966 1858 1215 1895 crudelissimi
1243 1857 1286 1893 fit
1315 1869 1430 1892 men-

768 1917 833 1954 tio.
893 1916 1047 1952 Bisaltia
1069 1916 1187 1965 regio,
1211 1926 1308 1965 quae
1324 1919 1430 1964 post-

767 1970 840 2009 hac
857 1971 1107 2008 Macedoniae
1127 1972 1278 2021 regibus
1290 1970 1429 2020 paruit,

767 2028 815 2065 ad
830 2029 1017 2065 orientem
1028 2029 1235 2080 Strymone
1258 2033 1430 2078 separata

767 2087 813 2122 ab
847 2085 1012 2132 Edonis,
1046 2084 1261 2122 ·1neridien1
1300 2097 1430 2123 versus

765 2144 921 2193 Aegaeo
952 2155 1057 2178 mare
1076 2143 1243 2189 inclusa,
1273 2148 1429 2192 septen-

765 2202 929 2237 trionem
962 2213 1090 2236 versus
1127 2199 1175 2236 ad
1215 2199 1429 2235 Crestonios

765 2270 888 2309 usque
908 2257 1132 2308 pertinuisse
1152 2255 1315 2293 videtur.
1339 2254 1429 2292 Vid.

765 2315 951 2351 Gatterer.
973 2314 997 2351 l.
1019 2315 1044 2350 1.
1065 2327 1103 2364 p.
1134 2314 1213 2355 105
1235 2326 1315 2364 seq.

820 2367 971 2410 κόλπον
995 2367 1066 2409 τόν
1093 2369 1158 2410 ἐπὶ
1181 2368 1428 2419 ,Ποσιδηΐου]

763 2428 877 2465 Haud
912 2429 990 2465 scio
1028 2440 1078 2463 an
1111 2428 1222 2464 scribi
1255 2433 1429 2477 oporteat

764 2485 1023 2535 Ποσειδηΐου,
1044 2491 1086 2521 ut
1106 2485 1245 2534 legitur
1273 2485 1338 2530 111,
1356 2485 1425 2523 91.

47 2538 181 2590 o'oev?]
214 2542 291 2591 legi
305 2553 413 2591 posse
434 2543 620 2579 observat.
641 2541 705 2579 Ad
759 2543 881 2594 Ipsius
901 2542 975 2578 loci
991 2542 1108 2589 nulla,
1130 2548 1318 2593 quantum
1339 2552 1425 2575 me-

45 2609 157 2634 voces
177 2594 258 2636 ύπό
269 2599 345 2649 γῆν
359 2598 442 2646 (ubi
461 2600 704 2636 Florentinus

47 2666 136 2691 cum
153 2654 272 2691 tribus
293 2654 373 2691 aliis
393 2652 473 2693 ‘dno'
493 2656 585 2707 γῆς)
602 2656 706 2693 cons.

47 2708 182 2748 Matth.
204 2711 270 2749 Gr.
302 2711 366 2748 Gr.
387 2723 475 2761 pag.
501 2713 619 2753 1188.

260 2798 355 2851 Cap.
383 2800 501 2839 CXV.

103 2875 204 2932 πρός
230 2876 347 2930 ἡλίου
376 2877 587 2932 δυσμέων]
618 2879 705 2919 vid.

763 2601 879 2647 mini,
911 2599 1000 2635 alibi
1023 2599 1180 2635 mentio.
1241 2595 1424 2633 Herodoti

762 2657 879 2694 verba
907 2657 960 2692 sic
992 2656 1173 2705 explanat
1203 2654 1315 2690 Gail:
1365 2652 1425 2698 „le

761 2713 861 2763 golfe
893 2714 955 2762 qui
983 2715 1034 2748 est
1051 2725 1099 2748 au
1119 2711 1259 2748 dessous
1279 2709 1327 2746 du
1350 2708 1423 2746 Po-

762 2770 918 2816 sideum,
954 2770 1017 2818 qui
1044 2771 1095 2804 est
1134 2767 1273 2803 ‹loncine'
1299 2778 1371 2816 par
1391 2764 1424 2803 le

765 2825 998 2863 Posidtfumf‘

819 2879 886 2933 ἤϊε
910 2877 978 2920 διοὶ
1006 2877 1159 2926 Συλέος
1183 2878 1326 2919 πεδίου
1346 2892 1424 2918 κα-
