1789 3213
435 158 885 197 POLYMNIA
943 158 1044 196 VII.

1283 156 1365 197 681

108 268 305 328 κεόμενοι
334 269 378 320 ές
407 266 645 325 ὁμολογίην
673 266 1035 324 προσεχώρησαν,
1063 263 1169 316 τούς
1196 263 1274 321 μὲν
1295 262 1368 308 αὐ-
1379 269 1424 306 75

106 343 195 384 τῶν
209 336 365 394 παχέας
381 335 665 393 ἀειραμένους
686 353 730 380 τε
750 335 939 391 πόλεμον
962 333 1096 390 αὐτῷ,
1125 333 1199 377 καὶ
1226 343 1368 387 προσ-

109 407 340 456 δοκέοντας
369 404 633 449 ἀπολέεσθαι
664 406 735 449 διὰ
764 408 922 456 τοῦτο,
954 402 1074 459 ἄγων
1104 402 1146 453 ἐς
1174 401 1252 452 τοὶς
1281 404 1370 445 Συ-

106 471 339 530 ρηκούσας,
367 472 576 528 πολιήτας
596 474 790 529 ἐποίησε·
821 473 900 516 τὸν
926 472 972 514 δὲ
1007 473 1148 526 δῆμον
1164 473 1250 513 τῶν
1279 472 1369 512 Με-

106 540 298 598 γαρέων,
329 539 410 584 οὐκ
439 539 567 584 ἐόντα
596 544 816 597 μεταίτιον
856 543 937 583 τοῦ
964 539 1159 592 πολέμου
1192 535 1370 588 τούτου,

107 607 212 653 οὐδὲ
253 608 606 664 προσδεκόμενον
642 608 780 653 κακόν
820 606 951 652 οὐδὲν
979 609 1227 657 πείσεσθαι,
1269 603 1426 662 ἄγα-8ο

105 675 199 732 γῶν
236 677 311 720 καὶ
349 677 533 729 τούτους
562 677 605 728 ἐς
634 676 710 728 τὰς
739 674 1045 732 Συρηκούσας,
1089 672 1275 718 ἀπέδοτο
1307 673 1368 718 ἐπ’

78 744 304 802 4ἐξαγωγῇ
334 745 381 789 έκ
409 747 625 801 Σικελίης.
653 742 794 789 τώυτό
827 745 872 788 δὲ
901 747 1033 787 τοῦτο
1063 743 1137 786 καὶ
1167 741 1370 798 Εὐβοέας

107 813 211 864 τούς
239 813 288 857 ἐν
316 815 493 872 Σικελίῃ
523 814 709 869 ἐποίησε,
740 814 979 868 διακρίνας.

1038 811 1175 854 ἐποίεε
1196 811 1241 855 δὲ
1270 814 1370 854 ταῦ-

107 896 161 924 τα
181 880 366 933 τούτους
396 879 684 937 ἀμφοτέρους,
713 882 895 937 νομίσας
916 882 1055 937 δῆμον
1085 877 1197 922 εἶναι
1226 882 1371 922 συνοί-

107 963 226 1005 κημα
252 948 586 1005 ἀχαριτώτατον.

108 1016 299 1073 ἐγεγόνεε
329 1016 460 1074 μέγας
489 1017 514 1062 ὁ
545 1019 706 1062 Γέλων.

52 1190 177 1244 cydjcl.
198 1192 263 1241 VI,
284 1196 351 1235 62.
371 1192 458 1233 coll.
481 1191 547 1235 94.
575 1194 710 1245 Poppo

49 1250 81 1297 1,
99 1253 122 1290 2
137 1263 225 1300 pag.
246 1248 327 1292 524
339 1264 432 1302 seq.,
445 1264 561 1303 quem
580 1253 711 1303 sequi-

51 1312 115 1343 tur
135 1307 175 1343 C.
196 1308 257 1343 Fr.
278 1308 488 1345 Hermann.
508 1309 535 1344 l.
551 1309 576 1347 l.
591 1309 627 1353 ξ.
642 1306 708 1355 84,

53 1365 92 1403 3.
114 1363 302 1401 Mannert.
322 1365 392 1413 IX,
414 1367 441 1404 2
460 1379 496 1416 p.
519 1363 600 1405 304
629 1378 708 1416 seq.

51 1420 198 1456 Urbem
235 1433 257 1457 a
287 1421 454 1469 Geloue,
488 1422 553 1473 qui
583 1422 710 1458 statim

50 1483 255 1529 postquam
299 1478 494 1529 Syracusis
551 1478 713 1515 obtinuit

50 1534 278 1584 imperium,
315 1535 599 1584 Megarensibus
627 1535 713 1571 bel-

51 1590 135 1627 lum
159 1591 328 1628 intulisse
355 1590 525 1638 videtur,
563 1598 713 1642 captam

51 1648 160 1699 ponit
188 1648 230 1685 C.
252 1648 295 1685 Ο.
316 1649 463 1685 Mijller.
494 1648 612 1698 (Dor.
636 1649 654 1683 I
672 1662 712 1698 p.

53 1703 148 1755 122)
170 1705 269 1741 circa
290 1705 443 1756 Olymp.
465 1704 530 1752 74,
556 1708 594 1752 2,
609 1706 711 1756 Gry-

51 1773 124 1799 sar.
141 1762 200 1797 De
213 1762 404 1800 Dorienss.
421 1761 605 1798 Comoed.
621 1774 709 1812 pag.

55 1816 149 1865 147,
164 1816 514 1884 Olymp.74‚1.-—
532 1819 576 1854 In
588 1831 694 1884 seqq.
685 1847 712 1866 .,

54 1873 123 1910 ubi
162 1873 250 1910 dedi
280 1868 414 1913 αυτῶν
444 1887 513 1924 pro
545 1869 710 1921 αὕτέων,

55 1927 106 1965 ad
124 1944 219 1977 τους
249 1928 397 1980 παχέας
426 1931 526 1968 conf.
547 1937 640 1968 nott.
663 1930 712 1967 ad

54 1985 101 2033 V,
142 1989 209 2027 30.
276 1987 420 2033 Quibus
468 1987 711 2037 optimatibus

57 2044 262 2093 opponitur
295 2042 319 2083 ὁ
338 2043 464 2094 δῆμος
486 2057 515 2080 s.
529 2044 640 2093 plebs,
670 2051 714 2081 ut

55 2098 138 2147 VII,
163 2099 256 2141 155.
298 2100 361 2138 Ad
387 2100 502 2137 verba
531 2095 714 2152 οἷειραμέ-

55 2171 152 2202 νους
179 2152 355 2209 πόλεμον
393 2157 494 2193 conf.
529 2164 625 2194 nott.
665 2156 714 2194 ad

54 2213 135 2261 Vll,
160 2214 254 2254 132.

112 2265 272 2322 ἀγαγών
299 2268 366 2310 καὶ
391 2266 586 2319 τούτους]
618 2267 713 2310 τού-

55 2340 148 2372 τους
179 2325 228 2363 ad
248 2327 378 2378 δῆμον
398 2329 582 2377 pertinet,
609 2335 710 2365 stru-

56 2389 161 2420 ctura
181 2380 284 2420 haud
312 2384 481 2422 insolita.
501 2384 563 2421 Ad
594 2386 709 2422 verba

57 2434 225 2478 ἀπέδοτο
280 2436 328 2492 (ἰ.
381 2454 414 2477 e.
453 2441 669 2490 vendzff’dzt)
652 2437 710 2482 εντ’

56 2495 235 2563 ἐξαγωγη
261 2497 361 2535 conf.
402 2504 497 2536 nott.
521 2497 569 2534 acl
589 2499 633 2546 V,
652 2501 710 2539 6.·

114 2547 300 2603 Εὐβοέας
330 2568 423 2598 τους
453 2552 495 2591 ἐν
529 2555 708 2608 Σικελίῃ]

57 2609 161 2646 Haeo
192 2610 319 2646 civitas
340 2622 361 2645 a
392 2610 585 2646 Leontinis
616 2624 712 2647 con-

58 2664 136 2703 dita
162 2666 260 2702 intra
296 2667 601 2716 promontorium
633 2668 711 2703 Pa-

58 2721 228 2775 chynum
250 2735 292 2759 ac
312 2723 551 2774 Lilybaeum,
581 2723 620 2758 in
629 2723 713 2759 bel-

58 2779 102 2817 lis
137 2777 506 2830 Carthaginiensium
536 2792 580 2816 ac
601 2779 713 2817 Sicu-

649 948 844 1009 Τοιούτῳ
873 949 952 1006 μὲν
979 946 1126 1006 τρόπῳ
1157 946 1370 1003 τύραννος
1383 951 1426 986 85

767 1194 895 1230 lorum
929 1193 1114 1230 interiisse
1142 1188 1314 1239 videtur,
1337 1203 1430 1228 cum

767 1251 873 1287 nulla
894 1251 972 1287 eius
1003 1248 1206 1300 postmodo
1227 1248 1293 1284 fiat
1312 1261 1427 1284 meu-

766 1309 833 1345 tio.
890 1306 976 1345 vid.
1000 1307 1126 1344 strab.
1147 1305 1200 1343 VI
1225 1318 1313 1356 pag.
1344 1307 1428 1345 272

766 1378 796 1401 s.
816 1378 856 1415 p.
876 1363 957 1404 418
979 1364 1021 1400 C.
1043 1370 1080 1399 et
1099 1361 1181 1403 419
1201 1363 1250 1399 A.
1277 1361 1428 1413 διακρί-

766 1436 840 1467 νας
873 1427 949 1457 est:
990 1420 1149 1457 discretis
1191 1419 1428 1469 optimatibus,

769 1479 836 1529 qui
863 1478 942 1514 scil.
973 1477 1013 1513 in
1052 1478 1244 1513 civitatem
1273 1474 1427 1519 iisdem,

769 1535 906 1586 quibus
923 1541 1012 1570 ante
1031 1534 1267 1580 fruebantur,
1283 1533 1427 1568 iuribus

770 1604 813 1627 ac
842 1591 1048 1642 privilegiis
1075 1590 1366 1640 recipiebantur,
1406 1601 1428 1624 a

765 1648 884 1700 plebe,
915 1660 1032 1699 quam
1065 1646 1181 1684 vendi
1211 1647 1274 1682 ille
1304 1647 1423 1682 iussit.

825 1705 1048 1755 συνοίκημα
1069 1698 1411 1755 α’χαριτιότατον]
1400 1715 1427 1740 1.

769 1762 1028 1799 aexzmstzmans
1044 1773 1116 1797 una
1140 1773 1215 1796 cum
1235 1760 1334 1809 plebe
1359 1759 1429 1796 ha-

769 1818 882 1854 bztare
905 1830 976 1854 rem
996 1830 1066 1853 esse
1089 1818 1238 1853 omnium
1277 1828 1428 1853 maxzme

766 1876 948 1922 mgratam
976 1877 1009 1910 et
1033 1873 1284 1918 z'niucumlam,
1325 1872 1429 1909 mole-

767 1932 956 1967 stissz'mam
987 1932 1105 1978 igitur
1141 1943 1184 1966 ac
1209 1929 1428 1966 taediosissi-

767 1999 868 2024 mam.
925 1987 1086 2023 Plebem
1116 1993 1246 2022 autem
1275 1987 1327 2022 ita
1357 1999 1427 2023 vo—

770 2050 842 2092 cat,
874 2045 963 2095 quia
982 2050 1024 2094 ty
1026 2044 1151 2080 rannis
1171 2044 1307 2093 plebs
1297 2056 1428 2080 msua-

768 2101 824 2138 vis
865 2107 919 2137 est
957 2101 1193 2152 minimeque
1239 2099 1426 2144 iucunda,

771 2157 914 2209 quippe
935 2157 1009 2208 quai
1042 2153 1162 2196 ου’δὲν
1188 2151 1428 2203 αξυνετοότε-

770 2229 841 2266 ρον
870 2210 964 2253 ου’ὄὲ
992 2209 1272 2265 υβριστότερον
1301 2227 1322 2250 e
1341 2215 1428 2249 Me-

767 2271 902 2320 gabazi
929 2271 1114 2308 sententia
1150 2271 1217 2318 III,
1247 2273 1314 2311 81.
1370 2272 1426 2306 Ita

767 2329 924 2378 exponit
943 2328 1233 2377 WesselingiUS.
1292 2328 1427 2378 Neque

767 2386 870 2421 enlm
908 2382 985 2422 huc
1024 2385 1212 2435 pertinere
1258 2383 1425 2431 credam,

767 2440 870 2493 quod
899 2442 944 2489 V,
977 2443 1021 2481 91
1060 2441 1237 2491 Spartani
1255 2442 1426 2477 Atticum

765 2498 952 2549 populum
982 2498 1030 2533 ob
1061 2498 1223 2548 gratiam
1256 2498 1326 2533 sibi
1346 2509 1424 2533 non

767 2555 925 2591 relatam
952 2561 1091 2590 vocant
1128 2553 1257 2602 δῆμον
1288 2549 1426 2603 οἷχοῖρι-

768 2622 875 2650 στον.
933 2608 1011 2646 Sed
1046 2622 1250 2659 agnoscere
1280 2610 1319 2645 in
1340 2609 1428 2645 tali-

768 2667 838 2704 bus
895 2664 991 2702 mihi
1044 2665 1177 2703 videor
1236 2665 1425 2715 scriptoris

770 2724 942 2759 animum
963 2734 984 2758 a
1003 2723 1109 2758 nulla
1129 2735 1169 2757 re
1188 2722 1308 2772 magis
1332 2722 1425 2758 alie—

770 2792 878 2828 num,
900 2791 1017 2832 quam
1037 2791 1059 2816 a
1078 2777 1278 2831 tyrannide
1298 2791 1341 2816 ac
1360 2785 1424 2831 ty-
