1870 3249
44 457 109 504 35

572 214 878 252 ERATO.
939 216 1012 252 VI.

165 324 296 378 ὁδὸν,
347 322 418 368 διὰ
469 324 659 367 Φωκέων
700 340 745 367 τε
789 324 864 367 καὶ
909 328 1121 368 Βοιωτῶν
1157 324 1310 382 ἤϊσαν·

1358 217 1442 258 267

1365 328 1439 369 καί

168 406 304 448 σφεας
355 390 414 442 ὡς
465 391 612 443 οὐδεὶς
659 390 826 444 ἐκάλεε,
866 391 1159 446 ἐκτράπονται
1200 391 1274 436 ἐπ’
1311 390 1440 450 Ἀθη-

164 461 288 504 νέων.

104 842 134 887 1,
157 842 209 880 36
227 846 264 876 et
277 837 421 876 Athen.
443 839 537 876 xm
556 853 595 891 p.
623 837 705 881 594
725 838 766 877 F.

103 898 209 933 Haec
231 909 276 933 ea
294 896 453 933 fortasse
469 926 479 944 ,
505 895 580 949 qua
602 895 768 934 Atheni-

104 967 213 991 enses
233 966 340 990 sacra
359 961 398 991 et
426 952 633 1006 Pythicam
652 966 769 1005 pom-

103 1025 195 1062 pam
203 1009 374 1062 Delphos
383 1012 599 1059 mittebant,
612 1024 770 1049 memo-

103 1076 185 1105 rata
205 1081 227 1104 a
248 1068 428 1105 Strabon.
448 1070 507 1105 IX
526 1082 565 1119 p.
579 1068 659 1109 646
682 1069 769 1106 C.s.

103 1124 187 1166 422
209 1125 281 1162 C.“
307 1124 592 1175 Wesselz’ng.

296 1227 390 1279 Cap.
416 1229 582 1266 XXXV.

163 1298 385 1347 τηνικαῦτα
413 1292 491 1349 εἶχε
524 1294 598 1349 μὲν
626 1291 671 1337 τὸ
688 1298 773 1336 πᾶν

35 1371 42 1376 ‘
105 1349 250 1405 κράτος
300 1352 622 1406 Πεισίστρατος]
688 1356 773 1392 Ηοο

104 1410 280 1448 Voemel.
299 1411 326 1448 l.
346 1412 374 1448 1.
396 1424 488 1462 pag.
518 1414 569 1453 13
597 1423 679 1463 seq.
709 1424 775 1448 re-

104 1467 178 1505 fert
198 1467 247 1505 ad
267 1468 421 1520 Olymp.
442 1468 521 1517 LV,
547 1470 567 1509 1
590 1469 670 1505 sive
690 1468 776 1510 560

107 1537 142 1562 a.
166 1524 256 1562 Chr.
277 1539 317 1562 n.
377 1526 484 1571 Quae
505 1526 690 1562 continuo
710 1539 775 1563 se-

107 1589 310 1635 quuntur:
379 1578 477 1634 οἶτοέρ
533 1578 775 1622 ἐδυνάστευε

105 1637 176 1678 καὶ
203 1634 456 1690 Μιλτιαδης,
485 1640 527 1680 in
544 1640 591 1676 iis
611 1640 775 1677 Floren-

105 1697 228 1745 tinus,
271 1695 468 1734 Mediceus
502 1709 593 1734 cum
624 1696 775 1735 duobus

106 1754 188 1791 aliis
200 1760 290 1791 ante
308 1752 378 1793 καὶ
394 1754 568 1791 inserunt
586 1768 648 1800 τε,
668 1753 776 1807 quod

105 1809 321 1848 Larcherus
352 1812 496 1848 mutari
521 1812 644 1849 voluit
662 1813 704 1848 in
724 1826 774 1851 τι.

105 1866 204 1904 Mihi
231 1874 415 1904 neutrum
429 1869 569 1919 placet.

165 1921 242 1963 ἐών
253 1924 384 1974 οἰκίης
394 1922 771 1976 τεθριπποτρόφου]

108 1981 247 2031 Attigit
295 1987 431 2018 auctor
466 1983 687 2031 argumenti
732 1983 774 2018 in

108 2035 304 2089 Aristoph.
334 2038 465 2075 Nubb.
511 2039 580 2075 Tu
606 2037 706 2075 adde
726 2039 776 2076 sis

102 2107 269 2163 quoque
294 2093 481 2134 Herodot.
517 2092 776 2143 V1,125:o‘

102 2146 328 2202 Ἀλκμαίων
350 2145 470 2199 οὗτος
491 2167 596 2191 ουτω
607 2155 778 2204 τεθριπ-

107 2205 368 2259 ποτροφήσας
388 2223 425 2248 κ.
436 2223 468 2248 τ
484 2211 518 2248 λ.
542 2209 673 2256 Quum
683 2221 775 2247 vero

109 2265 214 2316 apud
242 2266 409 2303 Graecos
439 2267 540 2303 alere
577 2279 697 2318 equos
725 2264 777 2303 ad

108 2321 220 2360 ludos
239 2323 429 2360 solemnes
443 2324 675 2376 plerumque
693 2336 775 2360 non

109 2380 183 2417 nisi
200 2392 414 2431 paucorum
435 2388 532 2418 esset
546 2409 557 2430 ‚
587 2381 656 2434 qui
675 2379 776 2418 divi-

112 2437 172 2474 tiis
219 2437 434 2490 opibusque
467 2438 568 2475 inter
605 2444 775 2476 caeteros

112 2493 327 2531 eminerent
347 2501 467 2546 atque
483 2494 675 2532 eiusmodi
692 2502 777 2532 stu-

112 2549 184 2587 diis
202 2550 450 2589 inclarescere
478 2552 635 2600 vellent,
652 2553 778 2600 vespis

113 2604 192 2647 ἕω“ν
243 2607 376 2658 οἰκίης
417 2604 777 2660 τεθριπποτρόφου

113 2665 337 2715 scriptorem
379 2677 555 2718 quoque*
584 2664 777 2703 declarare

112 2721 276 2758 voluisse
305 2729 489 2773 apparet,
527 2735 579 2759 ex
604 2723 778 2760 illustris-

113 2778 208 2815 sima
228 2791 271 2815 ac
293 2778 474 2816 ditissima
499 2786 615 2829 gente
634 2780 778 2817 Miltia-

115 2833 202 2872 dem
224 2849 302 2874 esse
330 2842 576 2887 prognatum.
635 2837 691 2873 De
706 2837 778 2874 Al-

344 459 416 503 'Ev
446 460 492 503 δὲ
520 464 621 518 τῇσι
653 459 860 517 Ἀθήνῃσι
896 465 1138 516 τηνικαῦτα
1167 459 1250 516 εἶχε
1278 460 1358 515 μὲν
1385 461 1436 504 τό

163 533 253 573 πᾶν
295 527 457 581 κράτος
506 530 842 584 Πεισίστρατος,
903 527 1014 583 ἀτάρ
1063 528 1325 573 ἐδυνάστευε
1364 530 1440 572 καὶ

162 595 407 652 Μιλτιάδης
435 595 460 640 ὁ
490 597 724 651 Κυψέλου,
755 595 840 640 ἐών
863 597 1003 652 οἰκίης
1033 595 1470 653 τεθριπποτρόφου,5

161 664 214 708 τὰ
243 665 324 721 μὲν
356 663 575 707 ἀνέκαθεν
601 661 684 708 ἀπ’
708 666 885 708 Αἰακοῦ
902 680 959 708 »τε
995 665 1070 709 καὶ
1099 667 1283 721 Αἰγίνης
1309 682 1439 721 γεγο-

1499 662 1558 695 Q¹'

826 831 974 877 cibiade
994 838 1099 877 haud
1127 838 1314 877 absimilia
1333 853 1497 877 narran-

824 905 888 934 tur
903 910 924 934 a
944 895 1154 935 Plutarcho
1174 899 1215 934 in
1235 898 1328 935 Eius
1349 899 1425 935 Vit.
1436 911 1496 949 cp.

825 956 895 1002 XI,
926 955 993 992 ubi
1024 953 1102 992 vid.
1134 956 1425 992 annotationem
1455 969 1495 1006 p.

829 1014 923 1052 117.
982 1013 1041 1048 De
1075 1011 1255 1048 Miltiadis
1283 1012 1495 1049 maioribus

825 1068 936 1119 plura
948 1067 1095 1105 dabunt
1104 1070 1327 1120 interpretes
1338 1068 1387 1105 ad
1399 1070 1496 1105 Cor-

828 1125 908 1162 nel.
960 1127 1057 1176 Nep.
1119 1126 1195 1162 Vst.
1260 1125 1422 1162 Miltiad.
1476 1130 1495 1166 1

828 1181 921 1234 ibiq.
942 1182 1115 1219 laud.—
1144 1181 1208 1218 Ad
1227 1179 1276 1220 τοὶ
1297 1178 1499 1221 ἀνέκαθεν

830 1239 932 1277 conf.
955 1240 1001 1288 V,
1023 1239 1075 1280 55
1096 1240 1227 1291 ibique
1248 1246 1345 1276 nott.

888 1291 955 1335 ἄπ’
978 1296 1141 1335 Αἰακοῦ
1166 1310 1207 1334 τε
1231 1294 1299 1335 καὶ
1332 1296 1500 1348 Αἰγίνης

830 1349 1032 1407 γεγονώς]
1066 1354 1127 1389 De
1145 1353 1272 1400 Aeaco,
1294 1354 1501 1390 celeberri-

829 1423 896 1448 mo
915 1410 1090 1461 Aeginae
1103 1411 1250 1447 insulae
1268 1409 1412 1459 heroe,
1435 1412 1501 1463 qui

830 1468 949 1518 vulgo
986 1469 1090 1505 Iovis
1121 1474 1237 1520 atque
1263 1469 1440 1518 Aeginae
1460 1469 1500 1504 in

830 1525 1199 1576 insulamAeginam
1217 1522 1400 1562 Phliunte
1423 1524 1502 1574 (te-

831 1589 887 1620 ste
915 1581 1078 1619 Diodor.
1104 1583 1173 1630 IV,
1193 1581 1276 1632 72)
1298 1583 1501 1620 translatae

831 1640 952 1676 fertur
971 1639 1094 1688 filius,
1127 1640 1295 1691 plurima
1323 1639 1436 1676 affert
1457 1640 1499 1679 C.

833 1697 878 1734 Ο.
907 1697 1059 1734 Miiller.
1089 1697 1285 1747 Aeginen.
1323 1710 1414 1748 pag.
1447 1699 1502 1736 22

831 1767 940 1806 seqq.
970 1755 1067 1791 coll„
1091 1756 1146 1794 12
1173 1767 1282 1806 seqq.
1322 1776 1379 1781 —
1429 1754 1503 1798 Qui

831 1824 928 1848 mox
988 1812 1036 1848 ab
1094 1810 1292 1847 Herodoto
1343 1817 1504 1847 vocatur

835 1869 1024 1916 Φιλαῖος,
1056 1869 1088 1904 is
1120 1867 1289 1914 Φιλαίας
1321 1866 1460 1904 dicitur
1479 1879 1502 1903 a

830 1923 1057 1975 Pherecyde
1078 1923 1182 1974 apud
1191 1925 1402 1961 Marcellin.
1425 1925 1504 1964 Vit.

832 1979 1057 2032 Thucydid.
1088 1981 1172 2018 init.
1212 1982 1370 2018 Rectius
1399 1980 1505 2032 apud

831 2036 1085 2075 Plutarchum
1103 2038 1143 2073 in
1171 2037 1315 2075 Solon-
1336 2040 1385 2078 16
1406 2051 1498 2089 pag.

835 2097 889 2136 83
908 2096 958 2134 D.
983 2096 1154 2140 Φιλαῖος
1170 2093 1241 2133 καὶ
1255 2090 1504 2146 Εὐρυσάκης

833 2158 1022 2189 vocantur
1047 2151 1199 2188 Aiantis
1224 2151 1316 2200 filii,
1374 2151 1503 2189 Attica

833 2209 986 2246 civitate
1014 2207 1162 2260 donati.
1218 2210 1278 2246 Ac
1319 2211 1503 2258 Φιλαίου,

831 2265 901 2302 filii
919 2267 1082 2314 Aianfis,
1102 2264 1208 2302 unde
1231 2265 1413 2317 Aegeidis
1434 2268 1503 2304 tri-

831 2323 906 2361 bus
923 2322 1060 2360 demus
1074 2336 1223 2360 nomen
1235 2324 1397 2375 accepit,
1415 2337 1503 2360 me—

830 2381 945 2418 minit
975 2393 1130 2433 quoqne
1161 2380 1389 2432 Stephanus»
1407 2382 1504 2432 Byz.

831 2451 862 2479 s.
883 2451 921 2478 V.
946 2438 1137 2477 Φιλαΐδαι
1156 2450 1246 2489 pag.
1282 2436 1385 2479 740..
1419 2439 1502 2475 ·Tu

833 2493 913 2533 vid.
929 2495 1119 2546 imprimis
1136 2495 1345 2543 Pausau.1,
1378 2494 1431 2536 35
1466 2497 1504 2540 §.

835 2555 884 2600 2,
915 2552 1046 2604 ibique
1085 2552 1247 2589 Siebelis
1282 2564 1373 2603 pag.
1409 2553 1503 2592 129.

835 2607 951 2646 Unde
968 2607 1193 2646 Lan-chaus,
1203 2607 1305 2647 hanc
1314 2608 1504 2659 genealo-

833 2666 938 2716 giam
959 2667 1176 2704 constituit:
1207 2664 1504 2713 Philaeus,Dai-

834 2724 916 2760 clus
935 2737 967 2760 s.
986 2723 1141 2771 Aeclus,
1170 2721 1380 2773 Epidycus,
1401 2722 1503 2758 Ace-

834 2787 932 2828 stor,
976 2781 1162 2830 Agenor,
1203 2780 1334 2825 Olius,
1366 2779 1502 2830 Lyces5

834 2835 1031 2888 Typhon,
1077 2836 1211 2882 Laius,
1262 2836 1503 2887 Agamestor,

1495 459 1598 486 Miltia
1605 461 1670 487 «mle
1697 462 1755 497 Cy-

1494 494 1572 554 {igi-i
1576 493 1632 554 {istil
1631 503 1740 568 'lxliiieni
1743 539 1756 557 ς

1498 562 1538 588 ci
1539 570 1586 588 ·ne
1644 563 1741 590 nChe
1726 573 1773 591 er*

1473 604 1598 656 Oceli-gS
1589 571 1757 657 ¹¹iumlbeiint‘ilr.

1497 697 1569 723 sm
1548 665 1774 732 ¹35¹2333022:

1499 732 1580 765 deul,
