1834 3258
521 240 828 279 ERATO.
885 241 966 279 VI.

1294 242 1379 282 387

115 354 258 409 ἰ’δμεν,
298 348 446 406 δρόμῳ
481 348 526 400 ἐς
562 349 795 404 πολεμίους
837 348 1100 406 ἐχρήσαντο,
1137 352 1304 405 πρῶτοι
1332 350 1380 394 δὲ

116 419 349 474 ἀνέσχοντο
391 416 554 475 ἐσθῆτά
582 433 628 461 τε
656 416 864 473 Μηδικὴν
900 417 1128 472 ὁρέωντες,
1163 418 1238 462 καὶ
1274 418 1379 470 τοῦς

117 486 279 540 ἄνδρας
312 484 477 542 ταύτην
515 486 804 543 ἐσθημένους·
857 485 964 537 τέως
993 486 1040 529 δὲ
1068 480 1124 542 ἦν
1151 491 1266 530 τοῖσι
1281 486 1437 530 ’Ἑλ-7ο

115 557 212 608 λησι
257 553 332 595 καὶ
374 552 424 596 τὰ
461 551 634 609 οὔνομα
671 552 720 597 τὸ
761 554 938 609 Μήδων
985 553 1127 610 φόβος
1172 553 1376 598 α’κοῦσαι.

0 618 46 664 [3
112 619 391 674 Μαχομὲνων
431 621 478 664 ὀὲ
515 622 562 665 ἐν
603 624 665 680 τῷ
702 625 977 674 Μαραθῶνι,
1019 621 1178 677 χρόνος
1214 623 1375 678 ἐγίνετο
1433 627 1690 657 cnmffiuacriter

1431 663 1621 699 ancipitique

106 687 279 738 πολλός.
327 690 402 732 καὶ
430 691 480 733 τὸ
511 691 590 746 μὲν
622 689 754 746 μέσον
783 693 865 732 τοῦ
893 691 1192 743 στρατοπέδου
1222 691 1376 735 ἐνίκων
1432 697 1537 724 Marte
1558 705 1673 733 pugna-

1431 734 1495 758 tum
1514 734 1594 758 esset
1603 753 1611 765 ‚
1637 739 1691 766 po-

107 755 152 798 οἷ
179 753 425 813 βάρβαροι,
461 762 515 816 τῇ
555 758 725 812 Πέρσαι
762 773 806 801 τε
848 755 975 801 αὐτοὶ
1004 758 1079 801 καὶ
1116 757 1263 802 Σάκαι
1295 759 1377 802 ἐτε-
1432 769 1545 791 Strem⁰
1572 765 1685 792 Graeci

103 821 286 878 τάχατο·
316 824 427 868 κατὰ
450 829 583 869 τοῦτο
601 826 680 882 μὲν
709 825 762 882 δή
784 826 941 869 ἐνίκων
972 826 1015 868 οἱ
1037 825 1271 882 βάρβαροι,
1302 827 1432 869 καὶ75

103 888 329 945 ῥήξαντες,
372 893 557 937 ἐδίωκον
587 894 628 944 ἐς
656 891 738 950 τήν
773 892 1028 949 μεσόγαιαν·
1077 894 1126 937 τὸ
1167 896 1223 940 δὲ,
1245 895 1378 950 κέρας

106 958 313 1013 ἑκάτερον
332 960 488 1004 ἐνίκων
513 959 744 1018 Ἀθηναῖοί
771 977 816 1004 τε
845 961 918 1005 καὶ
939 962 1183 1014 Πλαταιέες.
1221 967 1374 1007 νικῶν-

75 1033 177 1078 Ξτες
202 1027 267 1077 δὲ,
299 1028 350 1071 τό
380 1028 458 1084 μὲν
479 1029 774 1085 τετραμμένον
806 1033 896 1072 τῶν
926 1028 1166 1085 βαρβάρων
1194 1031 1375 1086 φεύγειν

104 1095 215 1138 ἔων·
255 1101 369 1139 τοῖσι
398 1097 445 1140 δὲ
474 1096 524 1140 τό
555 1097 689 1152 μέσον
718 1095 871 1152 ῥήξασι
903 1096 1072 1148 αὐτῶν,
1104 1098 1374 1154 συναγαγόν-

102 1177 171 1213 τες
199 1161 252 1206 τά
281 1163 411 1218 κέρεα
432 1162 680 1221 ἀμφότερα,
716 1163 947 1219 ἐμάχοντο,
977 1165 1051 1208 καὶ
1080 1164 1238 1209 ἐνίκων
1251 1164 1372 1224 Ἀθη-
1384 1175 1430 1209 80

75 1235 238 1274 3ναῖοι.
279 1230 497 1288 φεύγουσι
527 1233 574 1276 δὲ
603 1237 716 1276 τοῖσι
752 1232 949 1289 Πέρσῃσι
987 1233 1161 1277 εἵποντο
1191 1233 1371 1278 κόπτον-

103 1314 193 1352 τες,
231 1298 275 1350 ἐς
305 1298 331 1343 ὃ
359 1299 429 1343 ἐπὶ
475 1299 553 1355 τὴν
599 1300 830 1344 θάλασσαν
869 1299 1148 1356 ἀπικόμενοι,
1199 1306 1290 1359 πῦρ
1325 1319 1372 1347 τε

35 1390 42 1394 s
103 1367 268 1421 αἴτεον,
297 1368 372 1411 καὶ
399 1367 749 1424 ἐπελαμβάνοντο
777 1372 864 1411 τῶν
891 1372 1018 1412 νεῶν.

192 1435 280 1478 Καὶ
308 1439 439 1479 τοῦτο
469 1436 572 1492 μὲν,
603 1437 650 1480 ἓν
678 1435 815 1494 τούτῳ
847 1440 910 1493 τῷ
935 1434 1058 1495 πόνῳ
1097 1435 1121 1480 ὁ
1159 1437 1368 1494 πολέμαρ-

99 1520 175 1560 χος
205 1505 478 1560 Καλλίμαχος
508 1505 832 1561 διαφθείρεται,
871 1502 983 1560 ἀνήρ
1005 1503 1241 1561 γενόμενος
1268 1504 1370 1562 οέγα-
1383 1513 1426 1548 85

96 1669 250 1719 πρῶτοι
270 1663 314 1706 δὲ
332 1661 565 1718 οἷνὲσχοντο]
591 1667 703 1704 Tan-

41 1725 98 1775 git
125 1723 221 1762 haec
251 1722 383 1763 Schol.
413 1725 454 1760 in
484 1723 641 1761 Aristid.
661 1738 700 1775 p.

42 1784 120 1822 211
161 1781 369 1818 Frommel.
416 1781 502 1817 coll.
538 1782 701 1817 Maxim.

41 1839 139 1890 Tyr.
151 1841 218 1886 30,
235 1840 273 1878 6.
282 1835 478 1887 Aristoph.
488 1838 589 1874 Nub.
603 1838 698 1879 958.

41 1896 138 1941 981,
159 1907 259 1946 quae
279 1895 404 1930 attulit
422 1893 607 1931 Valcken.
637 1892 702 1930 Ad

42 1949 173 2001 φόβος
194 1945 364 1989 α’κοῦσαι
394 1949 442 1988 cf.
467 1949 603 1988 matth.
631 1951 698 1988 Gr.

41 2007 109 2043 Gr.
131 2019 217 2057 pag.
239 2009 334 2047 611.
391 2005 454 2042 Ad
482 2008 603 2057 ipsam
614 2019 705 2043 sen-

40 2065 200 2100 tentiam
212 2063 350 2100 referre
369 2063 457 2099 licet
478 2077 566 2100 cum
585 2063 704 2101 wel-

41 2118 158 2158 ckero
178 2118 403 2170 Theognid.
425 2120 507 2160 757
529 2120 665 2170 (775).

242 2222 335 2272 Cap.
358 2221 493 2259 CXHJ.

95 2287 139 2330 ἐν
155 2291 210 2344 τῷ
234 2290 500 2342 Μαραθῶνι]
524 2289 581 2326 Cf.
601 2295 699 2328 nott.

39 2344 89 2384 ad
106 2347 172 2394 Vl,
197 2349 276 2386 102
297 2354 333 2383 et
354 2345 400 2383 de
414 2346 522 2385 Sacis
531 2353 627 2384 nott.
649 2345 698 2384 ad

36 2403 69 2453 Ι,
93 2403 186 2444 153.
205 2404 270 2450 111,
293 2406 360 2444 93.

94 2456 138 2498 τό
149 2456 221 2510 μὲν
233 2456 497 2511 τετραμμένον
505 2460 586 2498 ταῖν
601 2459 697 2511 βαρ-

38 2511 203 2567 βάρων]
235 2517 333 2552 Eam
353 2517 529 2566 intelligit
558 2517 697 2552 barba-

38 2584 168 2609 rorum
188 2579 356 2623 partem,
388 2585 485 2625 quae
504 2574 544 2608 in
564 2573 697 2622 fugam

40 2627 219 2666 oo‘nversa
269 2636 360 2666 erat.
442 2629 500 2665 Ac
537 2630 697 2666 miratur

39 2684 246 2723 Larcherus
258 2713 274 2731 2
336 2684 440 2737 quod
482 2685 696 2723 Herodotus

37 2736 76 2778 h.
103 2742 130 2779 l.
161 2741 207 2779 de
237 2741 411 2779 Aristidis
447 2742 692 2790 facinoribus,

39 2795 85 2834 de
112 2800 246 2850 quibus
276 2800 398 2836 multa
428 2797 622 2835 Plutarch.
651 2799 692 2834 in

37 2852 188 2893 Aristid.
208 2868 293 2907 cap.
316 2856 342 2897 5
356 2885 366 2905 ,
405 2853 503 2892 nihil
539 2867 690 2906 prorsus

758 1666 940 1704 retulerit.
959 1688 1016 1694 -—
1051 1667 1128 1704 Pro
1156 1662 1310 1708 αῦτὲων
1328 1680 1426 1707 mox

759 1723 848 1760 dedi
869 1719 1021 1763 αὐτῶν.

813 1783 895 1830 πῦρ
906 1795 947 1819 τε
958 1777 1423 1830 oci'teovJSchweighaeu-

756 1849 839 1873 sero
868 1839 1005 1874 Noster
1028 1838 1237 1888 respexisse
1270 1836 1424 1874 videtur

755 1895 1007 1930 Homericum
1042 1894 1088 1930 Il.
1119 1894 1206 1940 XV,
1235 1896 1330 1941 718,
1354 1895 1423 1931 ubi

760 1950 938 1987 Troianis
975 1951 1118 1987 Hector
1148 1948 1337 1988 adclamat
1358 1950 1423 1991 οἴ-

760 2017 845 2046 σετε
863 2008 958 2060 πῦρ.

965 2085 1058 2137 Cap.
1081 2085 1217 2123 CXIV.

812 2173 860 2215 ἒν
886 2171 1013 2230 τούτῳ
1034 2177 1092 2228 τῷ
1117 2170 1258 2228 πόνῳ]
1289 2169 1418 2224 πόνος

758 2229 805 2267 de
832 2233 913 2282 ipsa
938 2245 1069 2282 pugna
1106 2231 1414 2282 intelligendum,

754 2295 797 2325 ut
816 2290 898 2336 VII,
920 2288 1004 2328 224
1026 2289 1111 2326 coll.
1125 2291 1217 2328 190.
1238 2289 1337 2336 VIII,
1360 2291 1416 2330 89

751 2346 926 2383 Imitatur
941 2345 1181 2382 Herodotum
1194 2374 1204 2392 ,
1232 2352 1275 2382 ut
1294 2346 1416 2382 Wes-

750 2403 886 2453 seliug.
916 2401 1094 2450 adnotat,
1123 2403 1287 2453 Procop.
1307 2403 1415 2441 B.P.

752 2460 800 2506 II,
832 2460 900 2501 25.
961 2459 1071 2504 Quod
1099 2460 1269 2510 sequitur
1308 2461 1415 2498 Καλ-

752 2516 1125 2567 λίμαχοςρενρθτειιη
1146 2528 1168 2552 a
1183 2514 1413 2567 quibusdam

752 2571 865 2609 codd.
905 2574 1022 2610 abest.
1093 2574 1138 2608 In
1176 2570 1281 2609 hunc
1319 2584 1412 2609 vero

759 2630 1018 2667 Callimachum
1033 2658 1043 2676 ,
1094 2642 1210 2681 quem
1228 2630 1412 2664 innume-

749 2687 798 2723 ris
829 2687 1026 2723 confixum
1059 2687 1201 2735 sagittis
1229 2686 1409 2721 iaculisve

747 2744 953 2779 immotum
963 2743 1104 2780 stetisse
1114 2741 1280 2790 tradunt,
1292 2748 1408 2793 atque

746 2799 787 2835 in
819 2799 1077 2850 Cynaegirum
1117 2805 1264 2835 exstant
1305 2797 1404 2834 duae

746 2854 982 2893 laudationes
1016 2855 1194 2892 funebres
1221 2854 1404 2892 Polemo-

1023 2911 1077 2951 25
1098 2908 1125 2933 '³²'

1433 799 1557 826 w'ncuut
1567 799 1610 834 [a.
1620 799 1704 836 4903.

1426 1431 1547 1462 Cadunt
1578 1443 1645 1463 cum

1421 1469 1527 1496 multis
1541 1469 1702 1498 Athenien-

1428 1502 1511 1529 sibus
1536 1503 1626 1530 claris
1635 1525 1644 1539 ‚
1671 1508 1704 1533 ct

1429 1536 1636 1566 Callimachus
