1789 3213
471 209 1084 256 POLYMNIAVII.
1318 204 1400 243 781

146 335 237 391 μὲν,
258 332 301 385 ἐξ
329 330 525 386 ἐναντίης
545 325 840 379 ἐπισπόμενοι,
869 319 943 364 καὶ
971 317 1020 361 τό
1054 316 1193 369 ἔρυμα
1222 314 1303 355 τοῦ
1319 312 1403 353 τεί-

146 419 244 459 χεος
269 399 584 456 συγχώσαντες·
622 397 664 439 οἱ
695 393 755 446 δὲ,
782 385 1082 443 περιελθόντες
1113 380 1307 426 πάντοθε
1335 393 1404 422 πε-

147 466 367 527 ρισταδόν.

233 534 593 589 Λακεδαιμονίων
622 529 668 573 δὲ
697 526 770 571 καὶ
804 520 1025 566 Θεσπιέων
1046 516 1260 561 τοιούτων
1287 527 1407 569 γενο-
1464 507 1740 571 ξῐῑιῄξξωῗῡζζξξῖξθθ

150 606 309 662 μένων,
340 601 457 658 ὅμως
486 598 649 654 λέγεται
680 594 790 649 ἀνὴρ
823 591 999 645 ἄριστος
1026 585 1228 642 γενέσθαι
1260 585 1409 632 Σπαρ-
1421 575 1707 639 liogssiignll‘ifflf’eq‘532v

122 670 301 728 Ξτιήτης
331 669 555 725 Διηνέκης.
586 665 663 709 τὸν
690 661 789 706 τόδε
820 658 928 714 φασὶ
960 653 1075 699 εἶπαι
1103 650 1152 695 τὸ
1185 651 1286 700 ἔπος
1306 648 1410 700 πρὶν
1467 642 1744 705 gfssffisic‘ffig‘cffl‘

152 740 181 797 ἢ
220 739 424 795 συμμίξαι
456 735 592 791 σφέας
623 736 737 776 τοῖσι
776 726 986 782 Μήδοισι,
1017 719 1272 775 πυθόμενον
1302 713 1413 770 πρός
1468 716 1529 739 *¹¹⁵-

153 824 228 852 τευ
258 810 347 850 τῶν
380 804 634 860 Τρηχινίων,
668 799 739 849 ὣς,
770 794 901 840 ἐπεάν
932 793 975 836 οἱ
994 789 1211 847 βάρβαροι
1237 783 1418 827 οἷπιὲωσι

154 875 207 920 τοὶ
235 871 503 930 τοξεύματα,
542 867 621 913 τὸν
649 867 775 924 ἥλιον
804 860 892 907 ὑπὸ
923 862 1002 903 τοῦ
1023 856 1214 914 πλήθεος
1242 855 1331 896 τῶν
1360 848 1420 893 ‹32⁸-

0 533 85 580 226

103 1086 196 1124 bari.
235 1083 375 1120 Miram
397 1093 487 1118 sane
510 1077 763 1130 hyperbolam

103 1144 145 1179 in
169 1153 264 1179 voce
286 1134 466 1188 στόμασι,
487 1135 647 1173 advertit
657 1137 766 1171 Lon-

105 1200 184 1250 gin.
213 1198 272 1233 De
299 1196 451 1232 sublim.
482 1206 543 1243 cp.
572 1195 624 1232 38
657 1193 693 1236 §.
726 1189 766 1237 4,

105 1255 174 1293 ubi
200 1261 330 1291 tamen
361 1256 519 1288 annotat
547 1249 677 1298 Toup.
710 1246 767 1296 (p.

107 1311 190 1352 438
217 1307 390 1359 Weisk.)
412 1305 549 1344 eodem
569 1303 686 1341 modo
708 1304 769 1339 lo-

109 1375 242 1406 cutum
252 1359 719 1403 esseDion.Cass.XXXVI
721 1360 769 1407 11,

50 1426 54 1428 ἓ
110 1423 165 1466 49
188 1431 224 1461 et
244 1421 353 1460 Suid.
383 1434 413 1460 s,
434 1434 471 1458 v.
494 1415 635 1470 ἐμφύς,
656 1418 772 1454 item-

112 1495 188 1534 que
228 1481 401 1517 Ciceron.
440 1476 601 1513 Tuscul.
640 1474 686 1521 V,
718 1474 771 1512 27

112 1536 452 1586 (,‚adolescentum
481 1544 615 1583 greges
651 1532 774 1567 Lace-

114 1594 304 1632 daemone
328 1591 493 1629 vidimus
523 1589 618 1639 ipsi,
646 1588 776 1623 incre-

116 1651 222 1689 dibili
242 1649 485 1687 contentione
506 1651 690 1682 certantes
704 1655 778 1693 pu-

117 1709 213 1759 gnis,
235 1706 410 1752 calcibus,
431 1702 637 1753 unguibus,
663 1711 779 1737 morsu

119 1762 340 1816 denique4‘)
376 1773 493 1814 quem
530 1759 645 1795 etiam
671 1755 780 1793 affert

118 1821 377 1869 wesseling,
422 1819 540 1854 citans
575 1814 622 1851 de
662 1813 779 1851 verbo

120 1870 423 1927 καταχωννύναι
452 1870 608 1911 Aristid.
637 1871 672 1906 Π
692 1881 782 1920 pag.

125 1937 205 1976 190
235 1931 452 1970 Philostrat.
481 1930 527 1966 V.
548 1929 597 1965 A.
626 1928 690 1973 IV,
713 1928 782 1965 23.

122 1992 257 2029 Liban.
290 1990 354 2027 Or.
386 1986 538 2024 XXXV
566 1999 603 2036 p.
636 1986 718 2024 690
739 1982 787 2018 A.

125 2048 303 2097 Toupius
345 2043 451 2081 addit
477 2040 664 2079 Herodoti
693 2038 788 2075 haec

128 2105 246 2142 verba
273 2101 482 2153 respexisse
518 2100 676 2148 Dionys.
707 2097 791 2131 Ha-

128 2162 193 2198 lic.
227 2160 276 2196 A.
298 2160 346 2195 R.
366 2159 436 2205 IX,
457 2159 525 2197 21.
581 2156 792 2191 Narrantur

130 2223 261 2254 autem
276 2213 372 2251 haec
392 2213 507 2265 paulo
528 2212 635 2248 aliter
656 2222 678 2246 a
696 2209 794 2245 Dio-

132 2273 227 2312 doro
247 2273 316 2321 XI,
337 2273 376 2311 9.
400 2273 464 2318 10,
490 2267 595 2321 quod
622 2268 704 2303 iure
725 2263 797 2301 ad-

132 2331 247 2369 vertit
265 2329 399 2365 Manso
423 2326 569 2377 (Spart.
589 2325 607 2361 I
627 2337 666 2375 p.
680 2322 795 2371 327),

137 2387 204 2439 qui
221 2383 407 2422 Herodoti
428 2383 687 2420 narrationem
720 2377 796 2415 fide

137 2443 353 2493 digniorem
373 2454 452 2481 esse
480 2438 644 2494 iudicat,
675 2448 798 2489 quum

139 2507 178 2537 et
201 2500 372 2535 locorum
393 2497 481 2534 situi
511 2503 548 2533 et
581 2495 669 2546 ipsis
699 2501 798 2530 tem-

138 2556 292 2608 poribus
322 2555 458 2591 melius
489 2566 579 2590 sane
600 2555 800 2601 congruat.

197 2611 237 2660 ἐξ
261 2610 443 2660 ἐναντίης
464 2605 742 2659 ἐπισπόμενοι]
774 2606 802 2642 i-

147 2683 181 2706 e.
200 2681 242 2706 ex
259 2667 405 2706 adverso
423 2668 626 2714 ingruentes
646 2667 679 2701 et
697 2665 804 2700 inva-

147 2726 282 2764 dentes.
340 2722 452 2760 Conf.
472 2723 571 2769 VIII,
591 2723 617 2760 7
650 2726 687 2757 et
706 2732 805 2771 quae

148 2783 221 2819 alia
250 2780 359 2818 affert
393 2776 745 2828 Schweighaeuser.
766 2777 807 2811 in

145 2840 280 2877 Lexic.
300 2835 446 2875 Herod.
502 2834 565 2872 Ad
584 2845 721 2873 vocem
737 2846 809 2872 πε-

820 1066 1004 1126 ρισταδόν
1015 1064 1114 1106 conf.
1126 1058 1292 1101 Fischer.
1305 1057 1354 1096 ad
1362 1055 1479 1096 We]-

821 1133 888 1168 ler.
908 1131 926 1166 I
947 1142 986 1180 p.
1009 1127 1106 1166 298.

993 1217 1084 1265 Cap.
1108 1207 1314 1249 CCXXVI.

883 1293 986 1348 ἀνὴρ
1009 1288 1195 1345 ἄριστος]
1244 1285 1370 1334 Vulgo
1389 1280 1485 1318 haec

824 1357 975 1400 inverso
1001 1349 1157 1395 ordine,
1200 1354 1317 1395 quem
1353 1353 1372 1375 e
1396 1339 1488 1374 Flo-

826 1412 978 1449 rentino
999 1405 1159 1445 mutavi.
1200 1397 1409 1451 Sequentia
1429 1394 1490 1430 af·-

828 1470 901 1506 fert
933 1462 1107 1503 Eustath.
1139 1458 1187 1496 ad
1206 1455 1316 1494 Iliad.
1338 1467 1378 1504 p.
1397 1452 1492 1498 638,

832 1526 884 1567 56
906 1537 934 1560 S.
957 1524 1051 1568 499,
1073 1517 1140 1560 24.

889 1577 960 1619 τόν
982 1574 1099 1628 ἥλιον
1121 1567 1201 1612 ’ὗπὸ
1222 1569 1295 1608 τοῦ
1313 1561 1495 1616 πλήθεος

833 1639 915 1676 τῶν
964 1630 1111 1674 ὀϊστῶν
1161 1619 1498 1675 οἷποκρύπτουσι]

833 1695 896 1730 Ex
923 1704 1001 1728 uno
1028 1687 1200 1726 Parisino
1230 1683 1326 1719 libro
1349 1676 1498 1715 Sohae—

834 1751 955 1797 ferus,
989 1759 1106 1800 quem
1124 1738 1307 1779 Matthiae
1330 1736 1415 1785 (Gr.
1431 1734 1500 1770 Gr.

838 1809 876 1853 ξ·
898 1806 978 1847 539
1000 1818 1038 1855 p.
1067 1797 1194 1849 1058)
1216 1795 1398 1847 sequitur,
1429 1789 1501 1827 de-

840 1863 946 1901 derat
981 1852 1274 1909 ἆποκρύπτειν,
1316 1849 1504 1901 probante

845 1919 1026 1958 Sintenis.
1049 1915 1097 1952 ad
1117 1906 1314 1949 Plutarch.
1335 1903 1505 1942 Themi-

843 1976 952 2014 stocl.
973 1989 1010 2025 p.
1035 1972 1129 2013 150.
1165 1964 1361 2018 Equidem
1377 1975 1398 1998 a
1418 1973 1506 1997 me-

844 2035 986 2071 llorum
1007 2037 1042 2066 et
1054 2027 1308 2080 plurimorum
1319 2021 1506 2057 librorum

844 2091 1009 2128 lectione
1029 2093 1126 2124 stare
1146 2080 1277 2126 malui,
1313 2087 1430 2129 quam
1451 2073 1511 2109 al«

847 2146 929 2185 tersi
949 2142 1054 2182 haud
1072 2153 1162 2179 sane
1195 2137 1322 2174 minus
1353 2133 1511 2181 elegan-

852 2211 933 2241 tem
964 2202 1076 2238 duco.
1115 2193 1317 2234 Bekkerus
1356 2198 1512 2241 quoque

854 2259 960 2298 dedit
981 2250 1295 2307 α’ποκρύπτουσι.
1342 2245 1405 2283 Ad
1425 2256 1514 2281 ver-

853 2318 903 2355 ba
919 2311 999 2355 ὖπὸ
1019 2315 1093 2352 τοῦ
1119 2305 1297 2360 πλήθεος
1317 2297 1515 2341 cf.Matth.

856 2376 922 2412 Gr.
943 2372 1058 2417 Gr.§.
1080 2370 1162 2410 592
1182 2379 1221 2416 p.
1244 2360 1364 2402 1185.
1384 2360 1517 2409 Ipsum

856 2430 1002 2468 dictum
1015 2457 1025 2476 ,
1056 2437 1131 2478 quo
1153 2420 1293 2472 sagittis
1313 2419 1518 2454 Persarum

857 2489 979 2526 solem
1044 2479 1236 2520 obscurari
1305 2472 1519 2510 enuntiarat

860 2546 1069 2595 Spartanus
1082 2569 1091 2587 ,
1119 2536 1247 2574 retulit
1267 2531 1393 2569 Valer.
1412 2529 1519 2563 Max.

857 2603 924 2648 ΙΙΙ,
946 2602 971 2639 7
993 2598 1044 2633 fin
1074 2595 1161 2632 coll.
1194 2589 1368 2628 Frontin.
1395 2585 1459 2631 IV,
1480 2582 1519 2630 5,

864 2660 929 2699 13.
951 2656 1072 2692 Cicer.
1094 2648 1268 2688 Tuscull.
1300 2646 1331 2691 I,
1360 2641 1427 2687 42,
1459 2638 1527 2675 ubi

861 2715 971 2766 plura
990 2710 1118 2747 Davis.
1148 2706 1214 2743 Cr.
1238 2701 1384 2740 confert
1401 2697 1524 2747 Wyt-

863 2766 1043 2807 tenbach.
1069 2764 1118 2801 ad
1146 2756 1340 2799 Plutarch.
1370 2755 1407 2791 II
1436 2764 1525 2804 pag.

865 2826 946 2868 225
968 2826 1015 2862 B.
1043 2817 1326 2860 Animadverss.
1346 2826 1386 2864 p.
1408 2810 1529 2851 1181.
