1870 3249
401 212 1061 251 TERPSICHORE.
1120 212 1165 250 V.
1358 213 1416 252 63

156 324 451 381 Σπαρτιήτῃσι
481 321 720 377 οἷπέφαινε·
763 339 837 366 και
877 320 904 378 ἦ
943 321 1132 379 προτέρη
1160 322 1294 379 γυνὴ,
1331 321 1410 366 τὸν
1467 330 1751 395 ggecffiffi‘iffim

154 394 365 450 πρότερον
391 391 555 448 χρόνον
587 391 746 442 ἄτοκος
784 391 937 440 ἐοῦσα,
977 389 1073 435 τότε
1111 405 1197 442 κως
1243 390 1561 446 sxvn68‚201¹ant

124 462 363 518 Ξσυντυχίῃ
394 459 533 516 ταύτῃ
561 459 818 516 χρησαμένη.
864 460 1050 516 ἔχουσαν
1070 459 1115 503 δὲ
1145 458 1285 516 αὐτὴν
1315 457 1413 517 α’λη-

148 530 224 574 θέῖ
249 529 388 588 λόγῳ,
427 530 472 572 οἱ
498 532 573 585 τῆς
601 527 871 586 ἐπελθούσης
898 528 1107 584 γυναικὸς
1146 529 1305 585 οἰκήϊοι
1335 545 1412 572 πυ-

148 597 330 655 θόμενοι
372 596 554 652 ὤχλεον,
601 595 792 652 φάμενοι
838 595 976 653 αὐτὴν
1015 597 1221 653 κομπέειν
1258 596 1411 649 ἄλλως,

122 663 426 722 3βουλομένην
447 664 760 722 ὑποβαλέσθαι.
784 665 904 709 δεινοὶ
927 666 973 709 δὲ
993 665 1237 710 ποιεύντων
1250 664 1412 719 αὐτῶν,

148 738 230 779 τοῦ
258 732 420 789 χρόνου
449 732 801 789 συντάμνοντος,
843 732 922 778 ὑπ’
956 731 1154 790 ἀπιστίης
1184 736 1228 778 οἱ
1257 734 1468 790 ἔφοροι25

121 803 382 846 4τίκτουσαν
419 801 499 858 τὴν
540 807 727 858 γυναῖκα
771 801 1064 859 περιιζόμενοι
1100 801 1334 858 ἐφύλαξαν.
1382 802 1410 859 ἡ

149 870 195 914 δὲ
223 869 281 921 ὦς
311 870 422 914 ἔτεκε
453 869 647 923 Δωριέα,
680 870 807 921 ἰθέως
835 873 942 926 ’ἴσχει
971 873 1208 928 Λεωνίδην,
1239 871 1313 915 καὶ
1343 887 1411 926 με-

149 938 202 981 τὰ
234 942 395 982 τοῦτον
421 937 550 989 ἰθέως
579 940 686 994 ἰ’σχει
717 937 1046 995 Κλεόμβροτον·
1087 941 1132 984 οἱ
1173 940 1218 983 δὲ
1247 939 1320 982 καὶ
1350 941 1410 983 δι-

152 1006 318 1061 δύμους
356 1005 530 1062 λέγουσι
570 1006 883 1062 Κλεόμβροτόν
912 1024 957 1051 τε
986 1009 1060 1052 καὶ
1089 1008 1317 1063 Λεωνίδην
1345 1023 1411 1062 γε·

120 1074 321 1117 5νέσθαι.
360 1072 388 1131 ἡ
429 1074 475 1118 δὲ
521 1075 763 1130 Κλεομένεα
800 1079 986 1119 τεκοῦσα
1025 1079 1099 1120 καὶ
1129 1075 1176 1120 τὸ
1209 1074 1469 1129 δεύτερονὸο

148 1142 394 1186 ἐπελθοῦσα
432 1142 567 1197 γυνὴ,
619 1143 753 1186 ἐοῦσα
784 1143 983 1199 θυγάτηρ
1016 1141 1302 1201 Πρινητάδεω
1332 1148 1413 1188 τοῦ

148 1212 464 1267 Δημαρμένου,
498 1208 641 1254 οὐκέτι
673 1211 806 1255 ἔτικτε
835 1212 884 1255 τὸ
914 1211 1134 1266 δεύτερον.

227 1277 277 1322 Ὅ
313 1278 392 1334 μὲν
430 1279 483 1334 δὴ
526 1278 798 1336 Κλεομένης,
846 1278 903 1331 ὡς
939 1279 1124 1336 λέγεται,
1169 1274 1224 1336 ἦν
1265 1295 1311 1323 τε
1351 1277 1406 1323 οὐ

148 1346 390 1403 φρενήρης,
437 1343 689 1404 ἆκρομανῆς
727 1364 781 1391 τε.
842 1347 865 1391 ὁ
908 1349 953 1393 δὲ
982 1348 1183 1406 Δωριεύς
1221 1343 1278 1404 ἦν
1317 1351 1408 1392 τῶν

1464 1281 1587 1309 Mortuo
1604 1282 1744 1311 Anaxan-

1468 1316 1574 1343 dridae
1585 1316 1728 1344 cleome-

1467 1358 1522 1377 nes
1542 1350 1691 1378 succedit.

1470 1384 1556 1419 Quod
1574 1385 1710 1420 graviter

24 1269 90 1332 42

78 1527 305 1582 ”Εφεδρον,
335 1543 404 1581 pro
432 1543 508 1582 quo
530 1529 751 1582 Schweigh.

91 1594 377 1638 exspectaverat
398 1586 583 1637 ἔπεδρον,
616 1589 751 1625 Noster

89 1644 268 1695 intelligit
290 1657 527 1682 successorem.
575 1645 632 1683 Ac
663 1646 750 1683 satis

87 1707 226 1738 notum
269 1707 347 1748 est,
391 1703 544 1753 proprie
579 1701 749 1754 ἔφεδρον

89 1756 166 1795 dici
204 1759 441 1807 gladiatorem
488 1761 688 1796 tertiarium
717 1772 745 1798 s,

88 1817 304 1862 secutorem,
359 1816 425 1866 qui
462 1822 547 1866 post
586 1816 749 1853 aliorum

88 1869 254 1908 duorum
282 1884 455 1922 pugnam
493 1872 624 1909 tertius
655 1885 750 1923 pro-

88 1926 258 1978 greditur
269 1955 285 1972 ,
327 1928 467 1964 viribus
496 1941 627 1965 recens
658 1941 748 1965 cum

87 1985 230 2021 victore
252 1983 455 2033 defatigato
466 1997 747 2034 congressurus.

87 2039 199 2077 Unde
219 2053 314 2077 mox
337 2041 448 2077 latius
479 2041 610 2092 serpsit
628 2053 747 2078 voca-

90 2097 170 2133 buli
198 2098 275 2144 vis,
308 2096 357 2134 ad
390 2098 479 2134 alias
501 2110 654 2149 quoque
675 2111 744 2145 res,

84 2153 125 2189 iu
157 2154 294 2205 quibus
330 2153 534 2191 succedendi
567 2155 747 2205 primaria

85 2211 183 2247 inest
204 2211 333 2256 notio,
378 2209 564 2248 traducta.
630 2212 747 2248 Plura

84 2267 243 2304 Dor-vill.
285 2266 333 2304 ad
362 2266 503 2304 Charit.
532 2280 620 2319 pag.
648 2270 745 2309 436.

85 2324 186 2360 Hinc
216 2337 371 2376 quoque
405 2326 446 2361 in
467 2325 599 2361 Glossa
621 2326 746 2362 Hero—

87 2379 200 2417 dotea
221 2387 258 2417 et
278 2379 381 2432 apud
411 2383 559 2432 Gregor
580 2382 666 2418 Cor.
687 2384 745 2418 De

85 2435 176 2477 dial.
210 2439 290 2474 ion.
331 2439 369 2484 §.
410 2439 488 2479 153
536 2451 623 2489 pag·
663 2438 743 2480 546

85 2491 282 2531 Schaefer.
303 2496 508 2546 exponitur
519 2494 744 2546 ἐπίκληρος,

86 2550 218 2588 haeres.

141 2602 228 2645 τότε
266 2621 345 2653 κως
375 2602 518 2657 ἐκύησε
554 2608 740 2662 συντυχίῃ

85 2658 210 2716 ταύτῃ
226 2661 501 2715 χρησαμένη]
491 2677 515 2700 1.
536 2677 569 2702 e.
590 2665 743 2702 tumzlla

83 2721 198 2756 nescio
217 2732 282 2769 quo
303 2733 386 2758 casu
399 2719 554 2770 fortuzto
566 2720 675 2771 facta
693 2725 744 2759 est

83 2775 250 2824 gravida.
279 2798 336 2804 —
373 2777 418 2812 In
439 2778 613 2827 proxime
635 2791 741 2830 seqq.

83 2832 243 2871 verbum
266 2832 366 2883 ἔχειν
396 2834 664 2872 illustravimus
693 2834 742 2872 ad

807 1533 872 1579 ΠΙ,
913 1536 986 1580 323
1046 1531 1094 1569 de
1122 1533 1317 1571 locutione
1357 1531 1468 1572 δεινᾶ

807 1593 939 1629 ποιεῖν
963 1590 1065 1627 conf.
1086 1591 1132 1639 V,
1154 1593 1206 1631 33
1228 1598 1265 1628 et
1284 1590 1333 1628 ad
1352 1590 1468 1628 verba

805 1641 874 1685 ’ὑπ’
917 1642 1102 1697 οἷπιστίης
1147 1647 1290 1686 Herod.
1329 1649 1358 1695 I,
1400 1648 1466 1687 68.

807 1703 912 1749 Quae
933 1711 1165 1756 sequuntur:
1206 1708 1280 1744 τοῦ
1316 1699 1464 1756 χρόνον

805 1756 1100 1811 συντάμνοντος
1142 1762 1290 1799 valent:
1333 1761 1465 1811 adpro—

800 1819 1008 1868 pinquante,
1029 1820 1182 1855 instante
1201 1822 1362 1869 tempore,
1386 1829 1464 1868 quo

804 1886 856 1910 sc.
877 1876 1044 1925 paritura
1065 1881 1145 1911 erat
1163 1888 1275 1912 uxor.

1021 1997 1112 2050 Cap.
1125 1999 1247 2036 XLII.

859 2090 913 2146 ἦν
939 2111 980 2136 τε
1009 2094 1060 2137 ου’
1094 2114 1301 2151 φρενηρης
1341 2093 1463 2149 ἄκρο-

804 2149 938 2203 μανής
968 2156 1036 2204 τε]
1079 2156 1204 2226 Supra
1232 2157 1299 2204 III,
1328 2156 1383 2196 25
1415 2155 1462 2192 de

805 2209 1012 2262 Cambyse·
1055 2208 1120 2252 οἷα
1149 2211 1191 2253 δὲ
1223 2207 1402 2264 ἐμμανής
1423 2227 1462 2251 τε

803 2263 879 2306 ε’ων
902 2267 968 2305 καὶ
989 2263 1038 2307 οὕ
1062 2265 1266 2321 φρενήρης
1286 2270 1372 2319 (ubi
1383 2268 1461 2306 vid.

801 2330 898 2360 nott.
901 2323 931 2373 )‚
964 2337 1062 2377 quae
1082 2327 1172 2364 huic
1193 2327 1278 2363 loco
1299 2333 1387 2363 suut
1410 2327 1461 2362 si—

800 2381 975 2418 millima.
1051 2383 1138 2420 Vox
1169 2379 1399 2434 ἄκρομανης
1441 2396 1462 2418 a

802 2438 997 2474 Grouovio
1019 2439 1190 2477 redditur
1200 2440 1383 2477 admodum
1394 2438 1462 2489 fu-

800 2507 889 2542 rens,
920 2507 941 2531 a
971 2496 1112 2534 Porto:
1143 2510 1270 2534 summe
1300 2499 1461 2542 insanus,

799 2564 911 2601 supra
931 2552 1068 2590 modum
1087 2556 1247 2601 insanus,
1276 2554 1460 2604 probante

799 2606 1037 2646 Schneidero
1064 2611 1103 2646 in
1133 2612 1231 2647 Lex.
1261 2611 1324 2647 Gr.
1348 2622 1377 2646 s.
1407 2622 1457 2656 τη,

799 2677 1035 2717 quamquam
1056 2665 1130 2704 hoc
1159 2668 1286 2704 miuus
1316 2679 1459 2703 conve—

798 2723 879 2758 nire
901 2722 1050 2759 videtur
1060 2725 1100 2759 in
1112 2723 1371 2770 Cleomenem,
1388 2723 1458 2774 qui

798 2791 889 2815 cum
917 2779 1137 2830 Aristagorfi
1168 2780 1388 2831 colloquens
1408 2779 1455 2827 V,

798 2834 979 2877 49—51
1013 2849 1091 2873 non
1125 2834 1336 2874 admodum
1355 2837 1457 2874 insa-
