1834 3258
479 243 890 280 POLYMNIA.
948 242 1056 279 VII.

1314 242 1394 281 501

134 353 213 408 μὲν
257 352 511 395 λευκολίνου
550 350 786 405 δασάμενοι
819 352 861 401 ἐς
891 349 1119 405 ἑκατέρην,
1149 347 1329 403 τέσσερα
1354 349 1405 393 δὲ·

104 428 127 462 6
138 423 226 463 τῶν
261 421 496 475 βυβλίνων.

554 418 747 474 παχύτης
775 419 854 474 μὲν
891 416 918 474 ἡ
949 416 1058 472 αὕτη
1089 417 1163 460 καὶ
1192 416 1406 473 καλλονή,

131 486 241 531 κατα
271 487 404 543 λόγον
434 487 479 530 δὲ
508 481 565 543 ἦν
594 486 905 542 ἐμβριθέστερα
944 485 996 528 τὰ
1025 487 1172 528 λίνεα·
1210 486 1292 527 τοῦ
1320 482 1401 526 τά-

103 560 301 599 7λαντον
330 555 353 599 ὁ
384 558 520 611 πῆχυς
550 552 673 598 εἷλκε.

714 553 883 608 Ἐπειδὴ
906 553 950 597 δὲ
973 550 1235 609 ἐγεφυρώθη
1265 551 1289 596 ὁ
1317 551 1400 600 πό-

130 639 231 678 ρος,
278 622 478 677 κορμούς
516 623 660 674 ξύλων
690 624 1045 675 καταπρίσαντες,
1085 621 1158 664 καὶ
1189 618 1457 675 ποιῆσαν-25

129 706 197 742 τες
224 692 351 742 ἰ’σους
386 694 462 747 τῆς
491 691 659 746 σχεδίης
687 693 747 747 τῷ
778 690 921 742 εὔρεϊ,
962 688 1113 745 κόσμῳ
1145 689 1401 731 ἐπετίθεσαν

128 756 373 814 κατύπερθε
404 762 494 801 τῶν
527 756 676 801 ὅπλων
705 761 784 802 τοῦ
814 759 973 801 τόνου·
1005 758 1157 808 θέντες
1175 757 1221 800 δὲ
1237 756 1405 811 ἐπεξῆς,

100 825 324 870 8ἐνθαῦτα
353 822 475 878 αὖτις
510 825 808 883 ἐπεζεύγνυον.

72 1036 209 1086 iisque.
253 1036 387 1087 Neque
408 1034 569 1085 amplius
589 1035 735 1071 tribue-

72 1099 162 1128 runt
176 1092 417 1128 robustorum
429 1091 650 1128 rudentium
670 1091 736 1126 fir—

71 1149 206 1196 mitati,
228 1149 293 1200 qui
313 1149 426 1185 simul
442 1147 490 1184 ad
506 1146 735 1194 cedendum,

73 1203 177 1257 quod
203 1218 297 1255 opus
328 1205 443 1252 foret,
472 1205 633 1254 impetui
661 1203 737 1239 flu-

70 1262 184 1298 minis
206 1263 388 1313 aptiores.
411 1274 528 1313 quam
550 1261 655 1311 tigna
677 1273 738 1297 es-

38 1345 43 1349 .
71 1319 195 1356 sent.“
251 1318 371 1355 Addit
400 1320 522 1354 Kruse
549 1318 576 1354 1.
598 1319 624 1354 l.
645 1329 735 1367 pag.

72 1377 155 1416 207
184 1374 362 1412 rudentes
378 1376 467 1412 istos
492 1387 613 1426 aeque¹
634 1386 737 1410 cras-

72 1444 132 1468 sos
151 1432 264 1469 fuisse
281 1438 394 1483 atque
406 1432 556 1468 arbores
568 1432 735 1481 tignave‚

73 1500 214 1539 eosque
243 1489 360 1525 etiam
386 1502 454 1539 per
475 1488 600 1525 clavos
622 1486 737 1537 adfigi

71 1545 231 1582 navibus
263 1558 353 1582 cum
376 1558 470 1595 opus
498 1557 577 1581 11011
605 1544 735 1588 fuerit,

70 1602 198 1639 minus
217 1601 324 1640 fluvii
351 1602 532 1640 violentia
548 1600 736 1651 disrumpi

69 1659 249 1709 potuisse.

127 1722 308 1777 παχύτης
345 1722 419 1776 μὲν
454 1722 484 1777 ἦ
531 1720 634 1776 αὕτη
665 1723 734 1764 καὶ

70 1780 272 1833 καλλονή]
304 1784 543 1819 Florentinus
573 1790 610 1819 et
631 1782 734 1820 San-

70 1840 180 1877 crofti
210 1841 307 1876 liber
336 1852 427 1876 cum
447 1840 548 1876 aliis:
580 1840 633 1890 ἠν
658 1837 733 1876 αύ-

70 1911 140 1946 της
169 1898 227 1933 W
230 1897 474 1946 esseliugius:
524 1890 578 1946 ἦν
613 1890 730 1945 αὕτη,

71 1926 391 1999 undeschaeferi
407 1950 731 1990 Mattl1.etBekk.

73 2008 274 2046 ediderunt
293 2023 346 2059 ην
357 2025 381 2059 η
404 2003 518 2058 αντη.
539 2006 732 2059 Equidem

73 2064 293 2116 Scllweigh.
316 2072 352 2101 et
374 2065 490 2101 Gaisf.
519 2065 627 2116 sequi
646 2077 733 2100 ma-

71 2124 139 2159 lui.
197 2124 318 2159 Voces
338 2118 439 2161 κατᾶ
463 2117 581 2174 λόγον
591 2121 734 2156 intelli-

72 2191 144 2229 go:
180 2192 248 2229 pro
282 2182 417 2215 ratione
445 2191 475 2214 s.
500 2180 734 2227 proportione,

72 2237 185 2286 plane
213 2243 256 2272 ut
284 2236 331 2281 ΙΙ,
359 2237 450 2274 109.
500 2233 661 2284 Pedem,
691 2241 734 2270 ut

73 2293 152 2329 dixi
172 2291 220 2329 ad
238 2294 268 2338 Ι,
291 2293 369 2332 178
390 2290 470 2338 fin.,
490 2291 590 2328 valet
610 2304 733 2326 uuum

72 2349 213 2400 pedem
243 2350 471 2399 alteriusque
508 2346 732 2394 dimidium3

74 2406 244 2442 talentum
263 2406 434 2451 Atticum,
455 2405 566 2456 quale
588 2402 649 2440 hic
670 2405 732 2440 iu-

72 2463 191 2512 telligi
222 2468 276 2498 est
303 2460 500 2509 credibile,
539 2462 732 2512 quinqua-

72 2519 179 2568 ginta
210 2519 378 2569 quinque
409 2524 446 2554 et
467 2517 570 2569 quod
593 2531 732 2554 excur—

74 2577 120 2611 rit
154 2575 237 2611 libr.
269 2574 420 2620 Colon.,
457 2581 500 2610 ut
527 2574 662 2610 monui
683 2572 731 2610 ad

72 2632 137 2680 ΙΙΙ,
168 2633 243 2679 89,
275 2631 353 2667 sive
373 2630 506 2679 viginti
534 2643 602 2667 sex
621 2631 730 2667 Kilo-

73 2701 285 2739 grammes,
322 2699 419 2736 quae
450 2686 648 2722 Gallorum
678 2693 732 2723 est

73 2757 264 2781 mensura.
323 2741 434 2787 Quod
461 2755 550 2778 cum
569 2743 733 2779 nimium

73 2800 222 2838 videtur
240 2800 447 2837 Letronuio
477 2797 544 2848 (in
574 2805 654 2835 not.
686 2798 734 2835 ad

76 2859 241 2901 Oeuyres
263 2856 300 2896 d.
330 2856 456 2893 Rollin
485 2855 590 2892 Paris
617 2857 736 2896 1821.

870 824 1131 883 ποιήσαντες
1172 824 1218 868 δὲ
1247 826 1400 876 ταῦτα,

793 1035 842 1072 Τ.
865 1035 918 1070 III
938 1049 975 1085 p.
1001 1033 1098 1083 108)
1136 1033 1348 1084 suspicatur
1377 1033 1458 1068 He-

792 1090 973 1128 rodotum
993 1103 1191 1127 mensuras
1229 1088 1458 1127 confudisse.

848 1145 1024 1198 κορμοῦς
1079 1143 1209 1194 ξύλων
1265 1145 1460 1196 καταπρί-

793 1205 955 1251 σαντες]
1011 1204 1210 1240 Sententia
1248 1203 1324 1239 loci
1362 1200 1457 1238 haec

791 1261 871 1296 fere
902 1268 978 1297 est:
1012 1261 1174 1296 arborum
1199 1261 1337 1309 stipites
1357 1258 1458 1295 εει-νᾶ

793 1321 902 1354 sectos
923 1321 955 1354 et
969 1318 1088 1367 pontis
1118 1316 1306 1353 latitudini
1323 1328 1458 1365 aequa.-

792 1378 846 1411 tos
873 1387 978 1424 super
1011 1376 1159 1410 intentos
1195 1372 1357 1410 rudentes
1403 1384 1457 1407 or-

794 1431 874 1468 dine
894 1431 1152 1481 disposuerunt.
1200 1427 1263 1465 Ad
1285 1427 1457 1465 dativum

791 1483 930 1541 κόσμῳ
959 1487 1061 1526 conf.
1091 1488 1138 1534 ΙΙ,
1170 1484 1236 1525 52.
1265 1486 1365 1532 VIII,
1388 1487 1456 1525 67.

791 1546 862 1592 IX,
895 1544 962 1584 59.
996 1545 1069 1591 ΙΙΙ,
1103 1546 1168 1583 13.
1226 1543 1302 1578 Pro
1338 1536 1459 1581 κατύ-

792 1605 921 1652 περθε
949 1598 1123 1637 Thomas
1157 1600 1262 1648 Mag.
1291 1612 1331 1649 p.
1361 1598 1456 1646 652,

792 1659 860 1710 qui
887 1656 975 1694 11.1.
1006 1655 1174 1703 exhibet,
1196 1655 1306 1692 affert
1331 1650 1457 1705 ν’περ-

790 1719 855 1754 θε.
904 1713 997 1750 Ad
986 1726 1068 1765 lpsa
1086 1711 1226 1750 haecce
1246 1712 1363 1750 verba
1382 1725 1458 1749 κα-

789 1767 968 1821 τύπεοθε
1005 1785 1087 1809 των
1117 1766 1264 1816 όπλων,
1285 1769 1359 1807 τοῦ
1385 1762 1456 1805 τό-

789 1843 864 1867 νου
885 1834 986 1864 recte
1014 1833 1122 1863 notat
1142 1823 1454 1888 Schweighaeus.

788 1885 881 1936 poni
910 1896 979 1934 pro
1011 1878 1240 1930 κατύπερθε
1283 1882 1358 1920 τοῦ
1388 1875 1456 1919 τό-

789 1956 863 1980 νου
895 1943 976 1979 τῶν
1005 1936 1150 1986 άτλων,
1175 1936 1213 1974 id
1246 1943 1300 1974 est
1335 1932 1452 1975 κατύ-

790 2000 918 2048 περθε
954 1997 1036 2035 τῶν
1084 1991 1218 2035 όπλων
1249 1990 1454 2044 ἐντεταμέ-

790 2068 884 2093 νων.

846 2174 986 2222 θέντες
1012 2172 1055 2214 δὲ
1075 2173 1239 2225 ἐπεξῆς,
1273 2171 1452 2212 ἐνθαῦτα

791 2227 905 2280 αὖτις
945 2228 1232 2285 ἐπεζεύγνυον]
1281 2231 1307 2267 i.
1330 2243 1363 2266 e.
1392 2229 1453 2266 laos

791 2292 928 2340 stipites
947 2290 1067 2326 ordine
1077 2289 1232 2338 deinceps
1248 2289 1379 2338 positos
1389 2286 1452 2323 de-

788 2361 858 2384 nuo
896 2358 1008 2383 secum
1047 2347 1239 2382 iunxerunt
1268 2345 1346 2380 sive
1359 2373 1369 2391 ,
1409 2349 1452 2378 ut

790 2401 1177 2453 Schweighaeuserus
1225 2401 1452 2450 interpreta-

788 2467 872 2497 tur:
903 2463 1009 2510 atque
1029 2461 1086 2497 ita
1104 2460 1269 2496 continua
1281 2458 1367 2493 serie
1378 2455 1452 2492 dis-

783 2519 915 2568 positos
951 2516 1062 2553 denuo
1084 2519 1180 2553 arcte
1205 2516 1297 2551 inter
1319 2525 1353 2550 se
1373 2525 1452 2548 con-

787 2576 1020 2619 strinxerunt,
1041 2573 1093 2608 ita
1107 2578 1150 2608 ut
1165 2569 1213 2608 ad
1226 2568 1363 2614 θέντες
1383 2580 1451 2603 ae-

788 2643 862 2682 que
875 2636 1005 2697 atque
998 2627 1045 2665 ad
1054 2624 1312 2678 ἐπεζεύγνυον
1321 2629 1452 2660 mente

788 2685 905 2723 addas
935 2700 1027 2732 τους
1059 2679 1247 2732 κορμούς.
1303 2680 1449 2717 Vocula

791 2744 914 2789 αὐτις,
929 2754 1043 2794 quam
1057 2738 1204 2777 reddidi
1215 2738 1337 2783 denuo,
1349 2735 1451 2772 haud

790 2800 868 2836 scio
888 2811 936 2834 an
957 2796 1064 2834 reddi
1093 2795 1228 2832 debeat
1243 2797 1321 2843 post
1340 2793 1453 2836 modo,

789 2855 936 2906 posthac
950 2883 960 2901 ‚
1004 2863 1223 2905 praegresso
1243 2850 1452 2901 participio.
