<?xml version="1.0" encoding="UTF-8"?>
<!DOCTYPE html PUBLIC "-//W3C//DTD XHTML 1.0 Transitional//EN"
    "http://www.w3.org/TR/xhtml1/DTD/xhtml1-transitional.dtd">
<html xmlns="http://www.w3.org/1999/xhtml" xml:lang="en" lang="en">
 <head>
  <title>
</title>
<meta http-equiv="Content-Type" content="text/html;charset=utf-8" />
  <meta name='ocr-system' content='tesseract 3.04.00' />
  <meta name='ocr-capabilities' content='ocr_page ocr_carea ocr_par ocr_line ocrx_word'/>
</head>
<body>
  <div class='ocr_page' id='page_1' title='image "./musaeherodoto03hero/musaeherodoto03hero_0477.png"; bbox 0 0 1834 3258; ppageno 0'>
   <div class='ocr_carea' id='block_1_1' title="bbox 388 256 1025 297">
    <p class='ocr_par' dir='ltr' id='par_1_1' title="bbox 388 256 1025 297">
     <span class='ocr_line' id='line_1_1' title="bbox 388 256 1025 297; baseline 0.005 -5"><span class='ocrx_word' id='word_1_1' title='bbox 388 256 864 293; x_wconf 85' lang='lat' dir='ltr'><strong>POLYMNIA.</strong></span> <span class='ocrx_word' id='word_1_2' title='bbox 923 257 1025 297; x_wconf 92' lang='lat' dir='ltr'>VII.</span> 
     </span>
    </p>
   </div>
   <div class='ocr_carea' id='block_1_2' title="bbox 1269 260 1353 299">
    <p class='ocr_par' dir='ltr' id='par_1_2' title="bbox 1269 260 1353 299">
     <span class='ocr_line' id='line_1_2' title="bbox 1269 260 1353 299; baseline 0 0"><span class='ocrx_word' id='word_1_3' title='bbox 1269 260 1353 299; x_wconf 69' lang='lat'><em>465</em></span> 
     </span>
    </p>
   </div>
   <div class='ocr_carea' id='block_1_3' title="bbox 56 362 1408 900">
    <p class='ocr_par' dir='ltr' id='par_1_3' title="bbox 56 362 1408 900">
     <span class='ocr_line' id='line_1_3' title="bbox 86 362 1352 422; baseline 0.001 -13"><span class='ocrx_word' id='word_1_4' title='bbox 86 363 311 421; x_wconf 82' lang='grc' dir='ltr'><em>,,μωτάτην</em></span> <span class='ocrx_word' id='word_1_5' title='bbox 340 362 617 419; x_wconf 79' lang='grc' dir='ltr'><em>ἀνθρώποισι</em></span> <span class='ocrx_word' id='word_1_6' title='bbox 634 364 864 409; x_wconf 81' lang='grc' dir='ltr'><em>θάλασσαν</em></span> <span class='ocrx_word' id='word_1_7' title='bbox 881 365 1108 422; x_wconf 83' lang='grc' dir='ltr'><em>πνεύματα</em></span> <span class='ocrx_word' id='word_1_8' title='bbox 1128 367 1237 421; x_wconf 88' lang='grc' dir='ltr'><em>φασὶ</em></span> <span class='ocrx_word' id='word_1_9' title='bbox 1255 365 1352 411; x_wconf 80' lang='grc' dir='ltr'><em>ἀνέ-</em></span> 
     </span>
     <span class='ocr_line' id='line_1_4' title="bbox 87 432 1408 492; baseline -0.002 -15"><span class='ocrx_word' id='word_1_10' title='bbox 87 449 209 489; x_wconf 88' lang='grc' dir='ltr'><em>,,μων</em></span> <span class='ocrx_word' id='word_1_11' title='bbox 249 433 537 488; x_wconf 78' lang='grc' dir='ltr'><strong><em>ἐμπίπτοντα,</em></strong></span> <span class='ocrx_word' id='word_1_12' title='bbox 580 432 634 476; x_wconf 82' lang='grc' dir='ltr'><em>οὐ</em></span> <span class='ocrx_word' id='word_1_13' title='bbox 678 439 891 488; x_wconf 82' lang='grc' dir='ltr'><em>περιορᾶν</em></span> <span class='ocrx_word' id='word_1_14' title='bbox 932 434 1064 490; x_wconf 87' lang='grc' dir='ltr'><em>φύσει</em></span> <span class='ocrx_word' id='word_1_15' title='bbox 1093 437 1146 492; x_wconf 84' lang='grc' dir='ltr'><em>τῇ</em></span> <span class='ocrx_word' id='word_1_16' title='bbox 1188 433 1351 491; x_wconf 80' lang='grc' dir='ltr'><em>ἑωυτῆς</em></span> <span class='ocrx_word' id='word_1_17' title='bbox 1365 443 1408 476; x_wconf 89' lang='grc'><em>10</em></span> 
     </span>
     <span class='ocr_line' id='line_1_5' title="bbox 56 499 1351 557; baseline 0.004 -16"><span class='ocrx_word' id='word_1_18' title='bbox 56 504 317 557; x_wconf 81' lang='grc' dir='ltr'><em>3,,χρῆσθαι.</em></span> <span class='ocrx_word' id='word_1_19' title='bbox 352 500 446 557; x_wconf 80' lang='grc' dir='ltr'><em>Ἐμὲ</em></span> <span class='ocrx_word' id='word_1_20' title='bbox 459 501 519 552; x_wconf 75' lang='grc' dir='ltr'><em>δὲ,</em></span> <span class='ocrx_word' id='word_1_21' title='bbox 534 499 788 545; x_wconf 78' lang='grc' dir='ltr'><em>ἀκούσαντα</em></span> <span class='ocrx_word' id='word_1_22' title='bbox 806 501 917 557; x_wconf 77' lang='grc' dir='ltr'><em>πρὸς</em></span> <span class='ocrx_word' id='word_1_23' title='bbox 938 507 1014 546; x_wconf 87' lang='grc' dir='ltr'><em>σεῦ</em></span> <span class='ocrx_word' id='word_1_24' title='bbox 1030 505 1188 556; x_wconf 72' lang='grc' dir='ltr'><em>κακῶς,</em></span> <span class='ocrx_word' id='word_1_25' title='bbox 1210 502 1264 545; x_wconf 86' lang='grc' dir='ltr'><em>οὐ</em></span> <span class='ocrx_word' id='word_1_26' title='bbox 1283 519 1351 546; x_wconf 90' lang='grc' dir='ltr'><em>το-</em></span> 
     </span>
     <span class='ocr_line' id='line_1_6' title="bbox 82 568 1353 626; baseline 0.002 -15"><span class='ocrx_word' id='word_1_27' title='bbox 82 572 244 620; x_wconf 85' lang='grc' dir='ltr'><em>,,σοῦτο</em></span> <span class='ocrx_word' id='word_1_28' title='bbox 256 568 379 613; x_wconf 76' lang='grc' dir='ltr'><em>ἔδακε</em></span> <span class='ocrx_word' id='word_1_29' title='bbox 394 568 523 626; x_wconf 82' lang='grc' dir='ltr'><em>λύπη,</em></span> <span class='ocrx_word' id='word_1_30' title='bbox 550 569 671 623; x_wconf 82' lang='grc' dir='ltr'><em>ὅσον,</em></span> <span class='ocrx_word' id='word_1_31' title='bbox 693 571 904 626; x_wconf 78' lang='grc' dir='ltr'><em>γνωμέων</em></span> <span class='ocrx_word' id='word_1_32' title='bbox 925 571 1008 614; x_wconf 92' lang='grc' dir='ltr'><em>δύο</em></span> <span class='ocrx_word' id='word_1_33' title='bbox 1029 569 1353 626; x_wconf 81' lang='grc' dir='ltr'><em>προκειμενέων</em></span> 
     </span>
     <span class='ocr_line' id='line_1_7' title="bbox 82 637 1352 695; baseline 0.002 -17"><span class='ocrx_word' id='word_1_34' title='bbox 82 637 320 693; x_wconf 79' lang='grc' dir='ltr'><em>,,Πέρσῃσι,</em></span> <span class='ocrx_word' id='word_1_35' title='bbox 333 641 411 694; x_wconf 83' lang='grc' dir='ltr'><em>τῆς</em></span> <span class='ocrx_word' id='word_1_36' title='bbox 421 638 513 693; x_wconf 80' lang='grc' dir='ltr'><em>μὲν,</em></span> <span class='ocrx_word' id='word_1_37' title='bbox 534 637 668 694; x_wconf 80' lang='grc' dir='ltr'><em>ὕβριν</em></span> <span class='ocrx_word' id='word_1_38' title='bbox 680 637 967 694; x_wconf 81' lang='grc' dir='ltr'><em>αὐξανούσης,</em></span> <span class='ocrx_word' id='word_1_39' title='bbox 980 642 1053 695; x_wconf 80' lang='grc' dir='ltr'><em>τῆς</em></span> <span class='ocrx_word' id='word_1_40' title='bbox 1065 639 1121 689; x_wconf 82' lang='grc' dir='ltr'><em>δὲ,</em></span> <span class='ocrx_word' id='word_1_41' title='bbox 1133 654 1352 683; x_wconf 87' lang='grc' dir='ltr'><em>καταπαυ-</em></span> 
     </span>
     <span class='ocr_line' id='line_1_8' title="bbox 81 704 1354 763; baseline 0.002 -16"><span class='ocrx_word' id='word_1_42' title='bbox 81 704 257 761; x_wconf 86' lang='grc' dir='ltr'><em>,,ούσης,</em></span> <span class='ocrx_word' id='word_1_43' title='bbox 277 705 351 748; x_wconf 87' lang='grc' dir='ltr'><em>καὶ</em></span> <span class='ocrx_word' id='word_1_44' title='bbox 362 705 572 761; x_wconf 80' lang='grc' dir='ltr'><em>λεγούσης</em></span> <span class='ocrx_word' id='word_1_45' title='bbox 586 705 643 757; x_wconf 78' lang='grc' dir='ltr'><em>ὥς</em></span> <span class='ocrx_word' id='word_1_46' title='bbox 654 705 793 749; x_wconf 87' lang='grc' dir='ltr'><em>κακὸν</em></span> <span class='ocrx_word' id='word_1_47' title='bbox 823 707 888 762; x_wconf 82' lang='grc' dir='ltr'><em>εἴη</em></span> <span class='ocrx_word' id='word_1_48' title='bbox 917 706 1140 750; x_wconf 82' lang='grc' dir='ltr'><em>διδάσκειν</em></span> <span class='ocrx_word' id='word_1_49' title='bbox 1168 706 1248 763; x_wconf 84' lang='grc' dir='ltr'><em>τὴν</em></span> <span class='ocrx_word' id='word_1_50' title='bbox 1275 714 1354 758; x_wconf 83' lang='grc' dir='ltr'><em>ψυ-</em></span> 
     </span>
     <span class='ocr_line' id='line_1_9' title="bbox 81 771 1408 831; baseline 0.001 -16"><span class='ocrx_word' id='word_1_51' title='bbox 81 771 328 829; x_wconf 86' lang='grc' dir='ltr'><em>,,χὴνπλέον</em></span> <span class='ocrx_word' id='word_1_52' title='bbox 354 790 396 817; x_wconf 92' lang='grc' dir='ltr'><em>τι</em></span> <span class='ocrx_word' id='word_1_53' title='bbox 426 776 629 831; x_wconf 80' lang='grc' dir='ltr'><em>δίζησθαι</em></span> <span class='ocrx_word' id='word_1_54' title='bbox 659 774 742 817; x_wconf 87' lang='grc' dir='ltr'><em>αἰεὶ</em></span> <span class='ocrx_word' id='word_1_55' title='bbox 756 773 865 830; x_wconf 76' lang='grc' dir='ltr'><em>ἔχειν</em></span> <span class='ocrx_word' id='word_1_56' title='bbox 880 773 1233 828; x_wconf 83' lang='grc' dir='ltr'><em>τοῦπαρεόντος·</em></span> <span class='ocrx_word' id='word_1_57' title='bbox 1265 792 1356 819; x_wconf 86' lang='grc' dir='ltr'><em>τοι-</em></span> <span class='ocrx_word' id='word_1_58' title='bbox 1368 783 1408 817; x_wconf 85' lang='grc'><em>15</em></span> 
     </span>
     <span class='ocr_line' id='line_1_10' title="bbox 80 840 1354 900; baseline 0.003 -17"><span class='ocrx_word' id='word_1_59' title='bbox 80 840 276 892; x_wconf 89' lang='grc' dir='ltr'><em>,,ουτέων</em></span> <span class='ocrx_word' id='word_1_60' title='bbox 304 843 625 898; x_wconf 80' lang='grc' dir='ltr'><em>προκειμενέων</em></span> <span class='ocrx_word' id='word_1_61' title='bbox 653 844 884 899; x_wconf 78' lang='grc' dir='ltr'><em>γνωμέων,</em></span> <span class='ocrx_word' id='word_1_62' title='bbox 920 842 988 886; x_wconf 79' lang='grc' dir='ltr'><em>ὅτι</em></span> <span class='ocrx_word' id='word_1_63' title='bbox 1016 844 1097 900; x_wconf 83' lang='grc' dir='ltr'><em>τὴν</em></span> <span class='ocrx_word' id='word_1_64' title='bbox 1129 849 1354 899; x_wconf 91' lang='grc' dir='ltr'><em>σφαλερω-</em></span> 
     </span>
    </p>
   </div>
   <div class='ocr_carea' id='block_1_4' title="bbox 52 907 1084 968">
    <p class='ocr_par' dir='ltr' id='par_1_4' title="bbox 52 907 1084 968">
     <span class='ocr_line' id='line_1_11' title="bbox 52 907 1084 968; baseline 0.004 -18"><span class='ocrx_word' id='word_1_65' title='bbox 52 907 240 965; x_wconf 83' lang='grc' dir='ltr'><em>4,,τε’ρην</em></span> <span class='ocrx_word' id='word_1_66' title='bbox 279 915 455 968; x_wconf 79' lang='grc' dir='ltr'><em>σεωυτῷ</em></span> <span class='ocrx_word' id='word_1_67' title='bbox 484 927 528 954; x_wconf 89' lang='grc' dir='ltr'><em>τε</em></span> <span class='ocrx_word' id='word_1_68' title='bbox 558 911 633 954; x_wconf 89' lang='grc' dir='ltr'><em>καὶ</em></span> <span class='ocrx_word' id='word_1_69' title='bbox 665 910 862 968; x_wconf 83' lang='grc' dir='ltr'><em>Πέρσῃσι</em></span> <span class='ocrx_word' id='word_1_70' title='bbox 891 909 1084 965; x_wconf 76' lang='grc' dir='ltr'><em>ἄναίρεο.</em></span> 
     </span>
    </p>
   </div>
   <div class='ocr_carea' id='block_1_5' title="bbox 1143 915 1353 962">
    <p class='ocr_par' dir='ltr' id='par_1_5' title="bbox 1143 915 1353 962">
     <span class='ocr_line' id='line_1_12' title="bbox 1143 915 1353 962; baseline 0 -7"><span class='ocrx_word' id='word_1_71' title='bbox 1143 915 1246 956; x_wconf 91' lang='grc' dir='ltr'><em>Νῦν</em></span> <span class='ocrx_word' id='word_1_72' title='bbox 1278 915 1353 962; x_wconf 81' lang='grc' dir='ltr'><em>ὡν,</em></span> 
     </span>
    </p>
   </div>
   <div class='ocr_carea' id='block_1_6' title="bbox 53 976 1409 1173">
    <p class='ocr_par' dir='ltr' id='par_1_6' title="bbox 53 976 1409 1173">
     <span class='ocr_line' id='line_1_13' title="bbox 80 976 1354 1036; baseline 0.003 -16"><span class='ocrx_word' id='word_1_73' title='bbox 80 976 253 1034; x_wconf 78' lang='grc' dir='ltr'><em>,,ἐπειδη“</em></span> <span class='ocrx_word' id='word_1_74' title='bbox 285 978 494 1032; x_wconf 80' lang='grc' dir='ltr'><em>τέτραψαι</em></span> <span class='ocrx_word' id='word_1_75' title='bbox 513 979 582 1022; x_wconf 80' lang='grc' dir='ltr'><em>ἐπὶ</em></span> <span class='ocrx_word' id='word_1_76' title='bbox 610 978 691 1035; x_wconf 83' lang='grc' dir='ltr'><em>τὴν</em></span> <span class='ocrx_word' id='word_1_77' title='bbox 720 978 909 1034; x_wconf 75' lang='grc' dir='ltr'><em>ἀμείνω,</em></span> <span class='ocrx_word' id='word_1_78' title='bbox 939 978 1028 1036; x_wconf 85' lang='grc' dir='ltr'><em>φῄς</em></span> <span class='ocrx_word' id='word_1_79' title='bbox 1059 996 1139 1032; x_wconf 90' lang='grc' dir='ltr'><em>τοι,</em></span> <span class='ocrx_word' id='word_1_80' title='bbox 1169 981 1354 1035; x_wconf 87' lang='grc' dir='ltr'><em>μετιέντι</em></span> 
     </span>
     <span class='ocr_line' id='line_1_14' title="bbox 81 1043 1353 1103; baseline 0.004 -15"><span class='ocrx_word' id='word_1_81' title='bbox 81 1045 185 1096; x_wconf 86' lang='grc' dir='ltr'><em>,,τὸν</em></span> <span class='ocrx_word' id='word_1_82' title='bbox 212 1043 275 1089; x_wconf 80' lang='grc' dir='ltr'><em>ἐπ’</em></span> <span class='ocrx_word' id='word_1_83' title='bbox 295 1045 510 1103; x_wconf 69' lang='grc' dir='ltr'><em>ΓΈλληνας</em></span> <span class='ocrx_word' id='word_1_84' title='bbox 540 1045 717 1099; x_wconf 87' lang='grc' dir='ltr'><em>στόλον,</em></span> <span class='ocrx_word' id='word_1_85' title='bbox 759 1047 992 1103; x_wconf 80' lang='grc' dir='ltr'><em>ἐπιφοιτᾶν</em></span> <span class='ocrx_word' id='word_1_86' title='bbox 1022 1047 1210 1102; x_wconf 82' lang='grc' dir='ltr'><em>ὄνειρον,</em></span> <span class='ocrx_word' id='word_1_87' title='bbox 1241 1053 1353 1093; x_wconf 80' lang='grc' dir='ltr'><em>θεοῦ</em></span> 
     </span>
     <span class='ocr_line' id='line_1_15' title="bbox 53 1113 1409 1173; baseline 0.001 -17"><span class='ocrx_word' id='word_1_88' title='bbox 53 1121 230 1166; x_wconf 82' lang='grc' dir='ltr'><em>5,,τινος</em></span> <span class='ocrx_word' id='word_1_89' title='bbox 259 1119 436 1173; x_wconf 86' lang='grc' dir='ltr'><em>πομπῇ,</em></span> <span class='ocrx_word' id='word_1_90' title='bbox 467 1113 551 1160; x_wconf 84' lang='grc' dir='ltr'><em>οῦκ</em></span> <span class='ocrx_word' id='word_1_91' title='bbox 581 1115 721 1160; x_wconf 78' lang='grc' dir='ltr'><em>ἐῶντά</em></span> <span class='ocrx_word' id='word_1_92' title='bbox 751 1127 797 1160; x_wconf 90' lang='grc' dir='ltr'><em>σε</em></span> <span class='ocrx_word' id='word_1_93' title='bbox 829 1114 1062 1160; x_wconf 87' lang='grc' dir='ltr'><em>καταλύειν</em></span> <span class='ocrx_word' id='word_1_94' title='bbox 1090 1115 1170 1160; x_wconf 88' lang='grc' dir='ltr'><em>τὸν</em></span> <span class='ocrx_word' id='word_1_95' title='bbox 1184 1116 1351 1161; x_wconf 86' lang='grc' dir='ltr'><em>στόλον.</em></span> <span class='ocrx_word' id='word_1_96' title='bbox 1365 1124 1409 1158; x_wconf 70' lang='grc' dir='ltr'><em>ΞΟ</em></span> 
     </span>
    </p>
   </div>
   <div class='ocr_carea' id='block_1_7' title="bbox 25 1238 300 1243">
    <p class='ocr_par' dir='ltr' id='par_1_7' title="bbox 25 1238 300 1243">
     <span class='ocr_line' id='line_1_16' title="bbox 25 1238 300 1243; baseline 0 0"><span class='ocrx_word' id='word_1_97' title='bbox 25 1238 300 1243; x_wconf 95' lang='lat' dir='ltr'><em> </em></span> 
     </span>
    </p>
   </div>
   <div class='ocr_carea' id='block_1_8' title="bbox 21 1313 688 1757">
    <p class='ocr_par' dir='ltr' id='par_1_8' title="bbox 21 1313 688 1757">
     <span class='ocr_line' id='line_1_17' title="bbox 24 1313 687 1366; baseline 0.002 -16"><span class='ocrx_word' id='word_1_98' title='bbox 24 1326 235 1366; x_wconf 87' lang='lat' dir='ltr'>eorumque</span> <span class='ocrx_word' id='word_1_99' title='bbox 272 1313 409 1351; x_wconf 84' lang='lat' dir='ltr'>similia</span> <span class='ocrx_word' id='word_1_100' title='bbox 443 1314 474 1355; x_wconf 85' lang='grc' dir='ltr'><em>Ι,</em></span> <span class='ocrx_word' id='word_1_101' title='bbox 502 1315 565 1351; x_wconf 88' lang='lat' dir='ltr'><em>Fr.</em></span> <span class='ocrx_word' id='word_1_102' title='bbox 586 1314 687 1351; x_wconf 88' lang='lat' dir='ltr'>Gro-</span> 
     </span>
     <span class='ocr_line' id='line_1_18' title="bbox 23 1369 686 1420; baseline 0.002 -12"><span class='ocrx_word' id='word_1_103' title='bbox 23 1372 158 1408; x_wconf 85' lang='lat' dir='ltr'>novius</span> <span class='ocrx_word' id='word_1_104' title='bbox 179 1371 304 1407; x_wconf 89' lang='lat' dir='ltr'>attulit</span> <span class='ocrx_word' id='word_1_105' title='bbox 334 1369 383 1407; x_wconf 84' lang='lat' dir='ltr'>ad</span> <span class='ocrx_word' id='word_1_106' title='bbox 402 1371 485 1408; x_wconf 78' lang='lat' dir='ltr'>Liv.</span> <span class='ocrx_word' id='word_1_107' title='bbox 506 1372 686 1420; x_wconf 85' lang='lat' dir='ltr'>XXVIII,</span> 
     </span>
     <span class='ocr_line' id='line_1_19' title="bbox 24 1425 685 1479; baseline 0.002 -16"><span class='ocrx_word' id='word_1_108' title='bbox 24 1430 89 1468; x_wconf 79' lang='lat'><em>27.</em></span> <span class='ocrx_word' id='word_1_109' title='bbox 148 1427 252 1464; x_wconf 86' lang='lat' dir='ltr'>Conf</span> <span class='ocrx_word' id='word_1_110' title='bbox 265 1428 338 1463; x_wconf 86' lang='lat' dir='ltr'>Dio</span> <span class='ocrx_word' id='word_1_111' title='bbox 357 1425 492 1479; x_wconf 82' lang='lat' dir='ltr'>Chrys.</span> <span class='ocrx_word' id='word_1_112' title='bbox 522 1430 577 1464; x_wconf 93' lang='grc' dir='ltr'><em>ΠΙ</em></span> <span class='ocrx_word' id='word_1_113' title='bbox 596 1442 685 1479; x_wconf 79' lang='lat' dir='ltr'>pag.</span> 
     </span>
     <span class='ocr_line' id='line_1_20' title="bbox 23 1482 687 1536; baseline -0.002 -14"><span class='ocrx_word' id='word_1_114' title='bbox 23 1482 78 1524; x_wconf 80' lang='grc'><em>44</em></span> <span class='ocrx_word' id='word_1_115' title='bbox 99 1484 169 1520; x_wconf 87' lang='lat' dir='ltr'><em>C.“</em></span> <span class='ocrx_word' id='word_1_116' title='bbox 217 1483 437 1521; x_wconf 76' lang='lat' dir='ltr'>Valcken.</span> <span class='ocrx_word' id='word_1_117' title='bbox 485 1483 687 1536; x_wconf 83' lang='lat' dir='ltr'>Schweig-</span> 
     </span>
     <span class='ocr_line' id='line_1_21' title="bbox 21 1538 688 1591; baseline 0.003 -15"><span class='ocrx_word' id='word_1_118' title='bbox 21 1538 226 1578; x_wconf 83' lang='lat' dir='ltr'>haeuserus</span> <span class='ocrx_word' id='word_1_119' title='bbox 239 1547 433 1591; x_wconf 87' lang='lat' dir='ltr'>praeterea</span> <span class='ocrx_word' id='word_1_120' title='bbox 445 1542 608 1578; x_wconf 86' lang='lat' dir='ltr'>conferri</span> <span class='ocrx_word' id='word_1_121' title='bbox 624 1543 688 1578; x_wconf 92' lang='lat' dir='ltr'><em>iu-</em></span> 
     </span>
     <span class='ocr_line' id='line_1_22' title="bbox 23 1598 687 1650; baseline 0.005 -17"><span class='ocrx_word' id='word_1_122' title='bbox 23 1598 88 1634; x_wconf 91' lang='lat' dir='ltr'>bet</span> <span class='ocrx_word' id='word_1_123' title='bbox 106 1599 243 1649; x_wconf 89' lang='lat' dir='ltr'>Polyb.</span> <span class='ocrx_word' id='word_1_124' title='bbox 264 1599 333 1645; x_wconf 88' lang='lat' dir='ltr'><em>XI,</em></span> <span class='ocrx_word' id='word_1_125' title='bbox 355 1600 422 1644; x_wconf 77' lang='lat'><em>29,</em></span> <span class='ocrx_word' id='word_1_126' title='bbox 437 1600 462 1638; x_wconf 90' lang='lat'><strong>9</strong></span> <span class='ocrx_word' id='word_1_127' title='bbox 483 1599 575 1650; x_wconf 86' lang='lat' dir='ltr'>ibiq.</span> <span class='ocrx_word' id='word_1_128' title='bbox 589 1606 687 1636; x_wconf 88' lang='lat' dir='ltr'>nott.</span> 
     </span>
     <span class='ocr_line' id='line_1_23' title="bbox 22 1653 687 1708; baseline 0.009 -18"><span class='ocrx_word' id='word_1_129' title='bbox 22 1653 86 1690; x_wconf 92' lang='lat' dir='ltr'>Ad</span> <span class='ocrx_word' id='word_1_130' title='bbox 115 1661 346 1691; x_wconf 75' lang='lat' dir='ltr'><strong>structuram</strong></span> <span class='ocrx_word' id='word_1_131' title='bbox 365 1655 474 1691; x_wconf 86' lang='lat' dir='ltr'>verbi</span> <span class='ocrx_word' id='word_1_132' title='bbox 493 1658 687 1708; x_wconf 78' lang='grc' dir='ltr'><em>περιορᾶν</em></span> 
     </span>
     <span class='ocr_line' id='line_1_24' title="bbox 22 1710 687 1757; baseline 0.003 -9"><span class='ocrx_word' id='word_1_133' title='bbox 22 1711 123 1748; x_wconf 86' lang='lat' dir='ltr'>conf.</span> <span class='ocrx_word' id='word_1_134' title='bbox 142 1710 278 1749; x_wconf 85' lang='lat' dir='ltr'>Matth.</span> <span class='ocrx_word' id='word_1_135' title='bbox 290 1713 356 1749; x_wconf 87' lang='lat' dir='ltr'>Gr.</span> <span class='ocrx_word' id='word_1_136' title='bbox 371 1712 437 1748; x_wconf 89' lang='lat' dir='ltr'>Gr.</span> <span class='ocrx_word' id='word_1_137' title='bbox 451 1712 489 1757; x_wconf 63' lang='grc' dir='ltr'><em>ξ.</em></span> <span class='ocrx_word' id='word_1_138' title='bbox 503 1713 584 1754; x_wconf 84' lang='grc'><em>553</em></span> <span class='ocrx_word' id='word_1_139' title='bbox 605 1719 687 1750; x_wconf 88' lang='lat' dir='ltr'>not.</span> 
     </span>
    </p>
   </div>
   <div class='ocr_carea' id='block_1_9' title="bbox 22 1770 251 1819">
    <p class='ocr_par' dir='ltr' id='par_1_9' title="bbox 22 1770 251 1819">
     <span class='ocr_line' id='line_1_25' title="bbox 22 1770 251 1819; baseline -0.013 -10"><span class='ocrx_word' id='word_1_140' title='bbox 22 1770 49 1809; x_wconf 80' lang='lat'>2</span> <span class='ocrx_word' id='word_1_141' title='bbox 66 1781 105 1819; x_wconf 85' lang='lat' dir='ltr'><em>p.</em></span> <span class='ocrx_word' id='word_1_142' title='bbox 130 1771 251 1810; x_wconf 86' lang='lat'><strong>1086.</strong></span> 
     </span>
    </p>
   </div>
   <div class='ocr_carea' id='block_1_10' title="bbox 20 1843 689 2962">
    <p class='ocr_par' dir='ltr' id='par_1_10' title="bbox 20 1843 689 2918">
     <span class='ocr_line' id='line_1_26' title="bbox 76 1843 687 1898; baseline 0 -11"><span class='ocrx_word' id='word_1_143' title='bbox 76 1843 130 1887; x_wconf 85' lang='grc' dir='ltr'><em>οῦ</em></span> <span class='ocrx_word' id='word_1_144' title='bbox 143 1850 310 1887; x_wconf 87' lang='grc' dir='ltr'><em>τοσοῦτο</em></span> <span class='ocrx_word' id='word_1_145' title='bbox 328 1846 442 1887; x_wconf 75' lang='grc' dir='ltr'><em>ἔδακε</em></span> <span class='ocrx_word' id='word_1_146' title='bbox 463 1843 597 1898; x_wconf 86' lang='grc' dir='ltr'><em>λύπη]</em></span> <span class='ocrx_word' id='word_1_147' title='bbox 619 1863 687 1888; x_wconf 90' lang='grc' dir='ltr'><em>το-</em></span> 
     </span>
     <span class='ocr_line' id='line_1_27' title="bbox 23 1904 686 1955; baseline -0.003 -13"><span class='ocrx_word' id='word_1_148' title='bbox 23 1905 143 1943; x_wconf 85' lang='grc' dir='ltr'><em>σοῦτο</em></span> <span class='ocrx_word' id='word_1_149' title='bbox 170 1917 239 1953; x_wconf 90' lang='lat' dir='ltr'>pro</span> <span class='ocrx_word' id='word_1_150' title='bbox 279 1906 472 1943; x_wconf 88' lang='grc' dir='ltr'><em>τοσοῦτον</em></span> <span class='ocrx_word' id='word_1_151' title='bbox 502 1904 686 1955; x_wconf 87' lang='lat' dir='ltr'>suppedi-</span> 
     </span>
     <span class='ocr_line' id='line_1_28' title="bbox 22 1961 685 1998; baseline 0.003 -2"><span class='ocrx_word' id='word_1_152' title='bbox 22 1961 126 1997; x_wconf 84' lang='lat' dir='ltr'><strong>tabat</strong></span> <span class='ocrx_word' id='word_1_153' title='bbox 153 1961 407 1998; x_wconf 88' lang='lat' dir='ltr'>Florentinus.</span> <span class='ocrx_word' id='word_1_154' title='bbox 476 1962 534 1996; x_wconf 90' lang='lat' dir='ltr'>De</span> <span class='ocrx_word' id='word_1_155' title='bbox 568 1962 685 1998; x_wconf 81' lang='lat' dir='ltr'>verbo</span> 
     </span>
     <span class='ocr_line' id='line_1_29' title="bbox 23 2012 686 2056; baseline -0.003 0"><span class='ocrx_word' id='word_1_156' title='bbox 23 2012 187 2056; x_wconf 75' lang='grc' dir='ltr'><em>δοὲκνειν</em></span> <span class='ocrx_word' id='word_1_157' title='bbox 219 2016 375 2054; x_wconf 79' lang='lat' dir='ltr'>disserui</span> <span class='ocrx_word' id='word_1_158' title='bbox 410 2016 457 2054; x_wconf 88' lang='lat' dir='ltr'>ad</span> <span class='ocrx_word' id='word_1_159' title='bbox 490 2016 686 2055; x_wconf 82' lang='lat' dir='ltr'>Plutarch.</span> 
     </span>
     <span class='ocr_line' id='line_1_30' title="bbox 21 2072 689 2125; baseline 0.001 -15"><span class='ocrx_word' id='word_1_160' title='bbox 21 2072 205 2110; x_wconf 86' lang='lat' dir='ltr'>Alcibiad.</span> <span class='ocrx_word' id='word_1_161' title='bbox 234 2087 323 2125; x_wconf 86' lang='lat' dir='ltr'>pag.</span> <span class='ocrx_word' id='word_1_162' title='bbox 359 2077 453 2115; x_wconf 87' lang='lat'>107.</span> <span class='ocrx_word' id='word_1_163' title='bbox 520 2075 583 2109; x_wconf 82' lang='lat' dir='ltr'><em>Ex</em></span> <span class='ocrx_word' id='word_1_164' title='bbox 621 2087 689 2111; x_wconf 91' lang='lat' dir='ltr'>eo-</span> 
     </span>
     <span class='ocr_line' id='line_1_31' title="bbox 23 2129 689 2168; baseline 0.002 -2"><span class='ocrx_word' id='word_1_165' title='bbox 23 2129 114 2167; x_wconf 86' lang='lat' dir='ltr'><em>dem</em></span> <span class='ocrx_word' id='word_1_166' title='bbox 161 2131 383 2167; x_wconf 76' lang='lat' dir='ltr'>Florentino</span> <span class='ocrx_word' id='word_1_167' title='bbox 442 2129 689 2168; x_wconf 80' lang='lat' dir='ltr'>retinendum</span> 
     </span>
     <span class='ocr_line' id='line_1_32' title="bbox 22 2187 688 2238; baseline 0.002 -15"><span class='ocrx_word' id='word_1_168' title='bbox 22 2187 138 2238; x_wconf 86' lang='lat' dir='ltr'>paulo</span> <span class='ocrx_word' id='word_1_169' title='bbox 159 2187 315 2224; x_wconf 89' lang='lat' dir='ltr'>inferius</span> <span class='ocrx_word' id='word_1_170' title='bbox 343 2188 550 2237; x_wconf 80' lang='grc' dir='ltr'><em>δίζησθαι,</em></span> <span class='ocrx_word' id='word_1_171' title='bbox 581 2188 688 2225; x_wconf 86' lang='lat' dir='ltr'>cuius</span> 
     </span>
     <span class='ocr_line' id='line_1_33' title="bbox 23 2243 683 2295; baseline 0.002 -15"><span class='ocrx_word' id='word_1_172' title='bbox 23 2244 107 2281; x_wconf 89' lang='lat' dir='ltr'>loco</span> <span class='ocrx_word' id='word_1_173' title='bbox 127 2244 244 2295; x_wconf 82' lang='lat' dir='ltr'>vulgo</span> <span class='ocrx_word' id='word_1_174' title='bbox 266 2257 355 2281; x_wconf 91' lang='lat' dir='ltr'><em>cum</em></span> <span class='ocrx_word' id='word_1_175' title='bbox 375 2245 542 2281; x_wconf 86' lang='lat' dir='ltr'>Stobaeo</span> <span class='ocrx_word' id='word_1_176' title='bbox 562 2245 613 2291; x_wconf 86' lang='lat' dir='ltr'><em>X,</em></span> <span class='ocrx_word' id='word_1_177' title='bbox 632 2243 683 2285; x_wconf 83' lang='lat'><em>41</em></span> 
     </span>
     <span class='ocr_line' id='line_1_34' title="bbox 24 2300 686 2351; baseline 0.002 -13"><span class='ocrx_word' id='word_1_178' title='bbox 24 2300 94 2349; x_wconf 92' lang='grc' dir='ltr'><em>(Τ.</em></span> <span class='ocrx_word' id='word_1_179' title='bbox 113 2301 132 2336; x_wconf 95' lang='grc' dir='ltr'>Ι</span> <span class='ocrx_word' id='word_1_180' title='bbox 149 2314 189 2351; x_wconf 83' lang='lat' dir='ltr'><em>p.</em></span> <span class='ocrx_word' id='word_1_181' title='bbox 210 2300 292 2342; x_wconf 78' lang='lat'><em>294</em></span> <span class='ocrx_word' id='word_1_182' title='bbox 305 2302 441 2351; x_wconf 80' lang='lat' dir='ltr'>Gaisf.)</span> <span class='ocrx_word' id='word_1_183' title='bbox 465 2302 504 2341; x_wconf 88' lang='grc' dir='ltr'><em>δί</em></span> <span class='ocrx_word' id='word_1_184' title='bbox 518 2302 538 2348; x_wconf 84' lang='grc' dir='ltr'><em>ζ</em></span> <span class='ocrx_word' id='word_1_185' title='bbox 547 2315 563 2340; x_wconf 90' lang='grc' dir='ltr'><em>ε</em></span> <span class='ocrx_word' id='word_1_186' title='bbox 574 2304 686 2339; x_wconf 87' lang='grc' dir='ltr'><em>σθαι.</em></span> 
     </span>
     <span class='ocr_line' id='line_1_35' title="bbox 23 2355 687 2406; baseline 0 -13"><span class='ocrx_word' id='word_1_187' title='bbox 23 2357 75 2393; x_wconf 88' lang='lat' dir='ltr'><em>At</em></span> <span class='ocrx_word' id='word_1_188' title='bbox 93 2355 171 2394; x_wconf 82' lang='lat' dir='ltr'>vid.</span> <span class='ocrx_word' id='word_1_189' title='bbox 195 2365 292 2395; x_wconf 88' lang='lat' dir='ltr'>nott.</span> <span class='ocrx_word' id='word_1_190' title='bbox 313 2357 362 2395; x_wconf 90' lang='lat' dir='ltr'>ad</span> <span class='ocrx_word' id='word_1_191' title='bbox 380 2360 410 2406; x_wconf 92' lang='grc' dir='ltr'><em>Ι,</em></span> <span class='ocrx_word' id='word_1_192' title='bbox 448 2358 515 2398; x_wconf 83' lang='grc'><em>94.</em></span> <span class='ocrx_word' id='word_1_193' title='bbox 573 2359 687 2394; x_wconf 91' lang='lat' dir='ltr'>Eun-</span> 
     </span>
     <span class='ocr_line' id='line_1_36' title="bbox 25 2412 687 2452; baseline 0.005 -3"><span class='ocrx_word' id='word_1_194' title='bbox 25 2412 115 2450; x_wconf 89' lang='lat' dir='ltr'><em>dem</em></span> <span class='ocrx_word' id='word_1_195' title='bbox 144 2414 408 2451; x_wconf 87' lang='lat' dir='ltr'>Florentinum</span> <span class='ocrx_word' id='word_1_196' title='bbox 427 2421 577 2452; x_wconf 84' lang='lat' dir='ltr'>secutus</span> <span class='ocrx_word' id='word_1_197' title='bbox 597 2428 687 2452; x_wconf 87' lang='lat' dir='ltr'><em>cum</em></span> 
     </span>
     <span class='ocr_line' id='line_1_37' title="bbox 28 2468 686 2521; baseline 0.005 -13"><span class='ocrx_word' id='word_1_198' title='bbox 28 2468 251 2521; x_wconf 80' lang='lat' dir='ltr'>Schweigh.</span> <span class='ocrx_word' id='word_1_199' title='bbox 283 2479 320 2508; x_wconf 87' lang='lat' dir='ltr'>et</span> <span class='ocrx_word' id='word_1_200' title='bbox 349 2472 465 2508; x_wconf 85' lang='lat' dir='ltr'>Gaisf.</span> <span class='ocrx_word' id='word_1_201' title='bbox 495 2471 584 2509; x_wconf 87' lang='lat' dir='ltr'>dedi</span> <span class='ocrx_word' id='word_1_202' title='bbox 603 2487 686 2511; x_wconf 91' lang='grc' dir='ltr'><em>τοι-</em></span> 
     </span>
     <span class='ocr_line' id='line_1_38' title="bbox 24 2525 687 2580; baseline 0 -13"><span class='ocrx_word' id='word_1_203' title='bbox 24 2525 172 2567; x_wconf 87' lang='grc' dir='ltr'><em>ουτέων</em></span> <span class='ocrx_word' id='word_1_204' title='bbox 199 2526 491 2578; x_wconf 86' lang='grc' dir='ltr'><em>προκειμενέων</em></span> <span class='ocrx_word' id='word_1_205' title='bbox 531 2527 687 2580; x_wconf 81' lang='grc' dir='ltr'><em>γνωμέ-</em></span> 
     </span>
     <span class='ocr_line' id='line_1_39' title="bbox 24 2583 686 2635; baseline 0 -13"><span class='ocrx_word' id='word_1_206' title='bbox 24 2598 93 2633; x_wconf 88' lang='grc' dir='ltr'><em>ων,</em></span> <span class='ocrx_word' id='word_1_207' title='bbox 130 2583 196 2620; x_wconf 90' lang='lat' dir='ltr'><em>ubi</em></span> <span class='ocrx_word' id='word_1_208' title='bbox 216 2584 302 2620; x_wconf 87' lang='lat' dir='ltr'>libri</span> <span class='ocrx_word' id='word_1_209' title='bbox 321 2586 449 2635; x_wconf 86' lang='lat' dir='ltr'>scripti</span> <span class='ocrx_word' id='word_1_210' title='bbox 465 2591 500 2621; x_wconf 89' lang='lat' dir='ltr'>et</span> <span class='ocrx_word' id='word_1_211' title='bbox 514 2584 603 2621; x_wconf 84' lang='lat' dir='ltr'>editi</span> <span class='ocrx_word' id='word_1_212' title='bbox 615 2584 686 2622; x_wconf 88' lang='lat' dir='ltr'>ad-</span> 
     </span>
     <span class='ocr_line' id='line_1_40' title="bbox 20 2639 685 2682; baseline 0.003 -6"><span class='ocrx_word' id='word_1_213' title='bbox 20 2639 183 2677; x_wconf 89' lang='lat' dir='ltr'>modum</span> <span class='ocrx_word' id='word_1_214' title='bbox 218 2640 417 2682; x_wconf 82' lang='lat' dir='ltr'>fluctuant,</span> <span class='ocrx_word' id='word_1_215' title='bbox 474 2640 583 2677; x_wconf 87' lang='lat' dir='ltr'>Idem</span> <span class='ocrx_word' id='word_1_216' title='bbox 613 2655 685 2678; x_wconf 86' lang='lat' dir='ltr'>ex-</span> 
     </span>
     <span class='ocr_line' id='line_1_41' title="bbox 23 2694 683 2735; baseline 0.003 -2"><span class='ocrx_word' id='word_1_217' title='bbox 23 2694 144 2734; x_wconf 91' lang='lat' dir='ltr'>hibuit</span> <span class='ocrx_word' id='word_1_218' title='bbox 163 2696 333 2735; x_wconf 82' lang='lat' dir='ltr'>Bekker.</span> <span class='ocrx_word' id='word_1_219' title='bbox 363 2696 492 2734; x_wconf 86' lang='lat' dir='ltr'>addito</span> <span class='ocrx_word' id='word_1_220' title='bbox 525 2699 683 2735; x_wconf 82' lang='lat' dir='ltr'>articulo</span> 
     </span>
     <span class='ocr_line' id='line_1_42' title="bbox 22 2753 685 2805; baseline -0.002 -14"><span class='ocrx_word' id='word_1_221' title='bbox 22 2755 100 2793; x_wconf 78' lang='grc' dir='ltr'><em>τῶν</em></span> <span class='ocrx_word' id='word_1_222' title='bbox 121 2761 208 2791; x_wconf 87' lang='lat' dir='ltr'>ante</span> <span class='ocrx_word' id='word_1_223' title='bbox 229 2753 433 2805; x_wconf 84' lang='grc' dir='ltr'><em>γνωμέων.</em></span> <span class='ocrx_word' id='word_1_224' title='bbox 461 2754 586 2804; x_wconf 80' lang='lat' dir='ltr'>Vulgo</span> <span class='ocrx_word' id='word_1_225' title='bbox 601 2754 685 2791; x_wconf 85' lang='lat' dir='ltr'>edi-</span> 
     </span>
     <span class='ocr_line' id='line_1_43' title="bbox 25 2809 682 2864; baseline 0.006 -19"><span class='ocrx_word' id='word_1_226' title='bbox 25 2815 85 2846; x_wconf 86' lang='lat' dir='ltr'><em>tur</em></span> <span class='ocrx_word' id='word_1_227' title='bbox 122 2810 293 2850; x_wconf 85' lang='grc' dir='ltr'><em>τουτέων</em></span> <span class='ocrx_word' id='word_1_228' title='bbox 331 2826 446 2862; x_wconf 85' lang='grc' dir='ltr'><em>προκ.</em></span> <span class='ocrx_word' id='word_1_229' title='bbox 480 2809 682 2864; x_wconf 76' lang='grc' dir='ltr'><em>γνωμέων,</em></span> 
     </span>
     <span class='ocr_line' id='line_1_44' title="bbox 25 2866 684 2918; baseline 0.008 -16"><span class='ocrx_word' id='word_1_230' title='bbox 25 2867 84 2903; x_wconf 82' lang='lat' dir='ltr'><em>vel</em></span> <span class='ocrx_word' id='word_1_231' title='bbox 104 2868 219 2904; x_wconf 82' lang='lat' dir='ltr'>etiam</span> <span class='ocrx_word' id='word_1_232' title='bbox 247 2866 418 2907; x_wconf 86' lang='grc' dir='ltr'><em>τουτέων</em></span> <span class='ocrx_word' id='word_1_233' title='bbox 448 2882 563 2918; x_wconf 81' lang='grc' dir='ltr'><em>προκ.</em></span> <span class='ocrx_word' id='word_1_234' title='bbox 585 2869 684 2906; x_wconf 78' lang='grc' dir='ltr'><em>τῶν</em></span> 
     </span>
    </p>

    <p class='ocr_par' dir='ltr' id='par_1_11' title="bbox 90 2925 410 2962">
     <span class='ocr_line' id='line_1_45' title="bbox 90 2925 410 2962; baseline 0.006 -3"><span class='ocrx_word' id='word_1_235' title='bbox 90 2925 313 2962; x_wconf 68' lang='lat' dir='ltr'>I-issflonor.</span> <span class='ocrx_word' id='word_1_236' title='bbox 344 2927 410 2961; x_wconf 87' lang='grc' dir='ltr'>ΙΙΙ.</span> 
     </span>
    </p>
   </div>
   <div class='ocr_carea' id='block_1_11' title="bbox 743 1311 1414 2104">
    <p class='ocr_par' dir='ltr' id='par_1_12' title="bbox 743 1311 1414 2104">
     <span class='ocr_line' id='line_1_46' title="bbox 747 1311 1411 1366; baseline -0.003 -14"><span class='ocrx_word' id='word_1_237' title='bbox 747 1312 951 1366; x_wconf 83' lang='grc' dir='ltr'><em>γνωμέων,</em></span> <span class='ocrx_word' id='word_1_238' title='bbox 981 1312 1087 1365; x_wconf 89' lang='lat' dir='ltr'>quod</span> <span class='ocrx_word' id='word_1_239' title='bbox 1115 1311 1232 1350; x_wconf 84' lang='lat' dir='ltr'>habet</span> <span class='ocrx_word' id='word_1_240' title='bbox 1263 1312 1411 1351; x_wconf 76' lang='lat' dir='ltr'>Sohae-</span> 
     </span>
     <span class='ocr_line' id='line_1_47' title="bbox 746 1369 1411 1436; baseline 0.003 -29"><span class='ocrx_word' id='word_1_241' title='bbox 746 1371 816 1408; x_wconf 85' lang='lat' dir='ltr'>fer.</span> <span class='ocrx_word' id='word_1_242' title='bbox 839 1392 891 1397; x_wconf 88' lang='lat'><em>—-</em></span> <span class='ocrx_word' id='word_1_243' title='bbox 922 1371 998 1406; x_wconf 86' lang='lat' dir='ltr'>Pro</span> <span class='ocrx_word' id='word_1_244' title='bbox 1019 1385 1092 1420; x_wconf 82' lang='grc' dir='ltr'><em>την</em></span> <span class='ocrx_word' id='word_1_245' title='bbox 1110 1369 1411 1436; x_wconf 77' lang='grc' dir='ltr'><em>σφαλερωτέρην</em></span> 
     </span>
     <span class='ocr_line' id='line_1_48' title="bbox 745 1423 1411 1479; baseline 0.003 -15"><span class='ocrx_word' id='word_1_246' title='bbox 745 1434 820 1464; x_wconf 87' lang='lat' dir='ltr'>tres</span> <span class='ocrx_word' id='word_1_247' title='bbox 842 1426 953 1464; x_wconf 89' lang='lat' dir='ltr'>codd.</span> <span class='ocrx_word' id='word_1_248' title='bbox 977 1426 1070 1463; x_wconf 86' lang='lat' dir='ltr'>dant</span> <span class='ocrx_word' id='word_1_249' title='bbox 1089 1423 1411 1479; x_wconf 85' lang='grc' dir='ltr'><em>σφαλερωτατην,</em></span> 
     </span>
     <span class='ocr_line' id='line_1_49' title="bbox 747 1483 1411 1536; baseline 0.002 -15"><span class='ocrx_word' id='word_1_250' title='bbox 747 1483 852 1536; x_wconf 90' lang='lat' dir='ltr'>quod</span> <span class='ocrx_word' id='word_1_251' title='bbox 880 1485 1007 1535; x_wconf 90' lang='lat' dir='ltr'>ipsum</span> <span class='ocrx_word' id='word_1_252' title='bbox 1029 1483 1185 1521; x_wconf 85' lang='lat' dir='ltr'>defendi</span> <span class='ocrx_word' id='word_1_253' title='bbox 1213 1486 1330 1535; x_wconf 87' lang='lat' dir='ltr'>possit</span> <span class='ocrx_word' id='word_1_254' title='bbox 1365 1498 1411 1522; x_wconf 94' lang='lat' dir='ltr'>eo</span> 
     </span>
     <span class='ocr_line' id='line_1_50' title="bbox 747 1542 1412 1593; baseline 0.002 -16"><span class='ocrx_word' id='word_1_255' title='bbox 747 1555 795 1578; x_wconf 86' lang='lat' dir='ltr'>ex</span> <span class='ocrx_word' id='word_1_256' title='bbox 829 1554 901 1578; x_wconf 89' lang='lat' dir='ltr'><em>usu</em></span> <span class='ocrx_word' id='word_1_257' title='bbox 927 1542 1166 1591; x_wconf 83' lang='lat' dir='ltr'>superlativi,</span> <span class='ocrx_word' id='word_1_258' title='bbox 1213 1554 1331 1593; x_wconf 87' lang='lat' dir='ltr'>quem</span> <span class='ocrx_word' id='word_1_259' title='bbox 1370 1542 1412 1578; x_wconf 93' lang='lat' dir='ltr'><em>in</em></span> 
     </span>
     <span class='ocr_line' id='line_1_51' title="bbox 745 1596 1413 1649; baseline 0.001 -14"><span class='ocrx_word' id='word_1_260' title='bbox 745 1604 843 1635; x_wconf 83' lang='lat' dir='ltr'>nott.</span> <span class='ocrx_word' id='word_1_261' title='bbox 873 1596 922 1635; x_wconf 86' lang='lat' dir='ltr'>ad</span> <span class='ocrx_word' id='word_1_262' title='bbox 952 1598 1018 1645; x_wconf 88' lang='grc' dir='ltr'><em>ΙΠ,</em></span> <span class='ocrx_word' id='word_1_263' title='bbox 1055 1600 1133 1638; x_wconf 88' lang='grc'><em>119</em></span> <span class='ocrx_word' id='word_1_264' title='bbox 1153 1599 1282 1649; x_wconf 72' lang='lat' dir='ltr'>attigi,</span> <span class='ocrx_word' id='word_1_265' title='bbox 1323 1599 1413 1637; x_wconf 88' lang='lat' dir='ltr'>coll.</span> 
     </span>
     <span class='ocr_line' id='line_1_52' title="bbox 744 1653 1414 1705; baseline 0.001 -14"><span class='ocrx_word' id='word_1_266' title='bbox 744 1653 917 1705; x_wconf 88' lang='lat' dir='ltr'>Euripid.</span> <span class='ocrx_word' id='word_1_267' title='bbox 939 1653 1202 1693; x_wconf 81' lang='lat' dir='ltr'>Andromach.</span> <span class='ocrx_word' id='word_1_268' title='bbox 1220 1658 1260 1696; x_wconf 87' lang='lat'><em>6.</em></span> <span class='ocrx_word' id='word_1_269' title='bbox 1291 1656 1414 1693; x_wconf 87' lang='lat' dir='ltr'>Simi-</span> 
     </span>
     <span class='ocr_line' id='line_1_53' title="bbox 743 1713 1413 1760; baseline 0 -11"><span class='ocrx_word' id='word_1_270' title='bbox 743 1713 789 1749; x_wconf 89' lang='lat' dir='ltr'><em>lis</em></span> <span class='ocrx_word' id='word_1_271' title='bbox 803 1713 975 1760; x_wconf 84' lang='lat' dir='ltr'>varietas,</span> <span class='ocrx_word' id='word_1_272' title='bbox 996 1718 1155 1748; x_wconf 84' lang='lat' dir='ltr'>notante</span> <span class='ocrx_word' id='word_1_273' title='bbox 1178 1713 1244 1750; x_wconf 80' lang='lat' dir='ltr'>Cr.</span> <span class='ocrx_word' id='word_1_274' title='bbox 1262 1713 1303 1748; x_wconf 90' lang='lat' dir='ltr'><em>in</em></span> <span class='ocrx_word' id='word_1_275' title='bbox 1324 1713 1413 1749; x_wconf 87' lang='lat' dir='ltr'>Pla-</span> 
     </span>
     <span class='ocr_line' id='line_1_54' title="bbox 744 1766 1413 1820; baseline -0.001 -14"><span class='ocrx_word' id='word_1_276' title='bbox 744 1776 826 1806; x_wconf 89' lang='lat' dir='ltr'>ton.</span> <span class='ocrx_word' id='word_1_277' title='bbox 858 1766 1052 1807; x_wconf 82' lang='lat' dir='ltr'>Charmid.</span> <span class='ocrx_word' id='word_1_278' title='bbox 1084 1783 1123 1820; x_wconf 90' lang='lat' dir='ltr'><em>p.</em></span> <span class='ocrx_word' id='word_1_279' title='bbox 1145 1769 1225 1810; x_wconf 82' lang='lat'><em>159</em></span> <span class='ocrx_word' id='word_1_280' title='bbox 1247 1769 1303 1817; x_wconf 81' lang='grc'><em>0.,</em></span> <span class='ocrx_word' id='word_1_281' title='bbox 1346 1771 1413 1806; x_wconf 92' lang='lat' dir='ltr'><em>ubi</em></span> 
     </span>
     <span class='ocr_line' id='line_1_55' title="bbox 745 1821 1412 1875; baseline 0.004 -13"><span class='ocrx_word' id='word_1_282' title='bbox 745 1824 946 1862; x_wconf 85' lang='lat' dir='ltr'>Heindorf.</span> <span class='ocrx_word' id='word_1_283' title='bbox 968 1823 1031 1875; x_wconf 87' lang='lat' dir='ltr'><em>(p.</em></span> <span class='ocrx_word' id='word_1_284' title='bbox 1052 1825 1136 1875; x_wconf 82' lang='lat'><em>74)</em></span> <span class='ocrx_word' id='word_1_285' title='bbox 1168 1824 1286 1862; x_wconf 87' lang='lat' dir='ltr'>edidit</span> <span class='ocrx_word' id='word_1_286' title='bbox 1314 1821 1412 1865; x_wconf 77' lang='grc' dir='ltr'><em>κᾶλ-</em></span> 
     </span>
     <span class='ocr_line' id='line_1_56' title="bbox 745 1877 1413 1930; baseline 0 -9"><span class='ocrx_word' id='word_1_287' title='bbox 745 1885 889 1929; x_wconf 86' lang='grc' dir='ltr'><em>λιστον,</em></span> <span class='ocrx_word' id='word_1_288' title='bbox 912 1880 1114 1918; x_wconf 85' lang='lat' dir='ltr'>Bekkerus</span> <span class='ocrx_word' id='word_1_289' title='bbox 1125 1895 1216 1918; x_wconf 84' lang='lat' dir='ltr'>vero</span> <span class='ocrx_word' id='word_1_290' title='bbox 1236 1877 1413 1930; x_wconf 72' lang='grc' dir='ltr'><em>κάλλιον,</em></span> 
     </span>
     <span class='ocr_line' id='line_1_57' title="bbox 745 1937 1412 1988; baseline 0.003 -13"><span class='ocrx_word' id='word_1_291' title='bbox 745 1946 788 1975; x_wconf 91' lang='lat' dir='ltr'><em>ut</em></span> <span class='ocrx_word' id='word_1_292' title='bbox 809 1937 957 1975; x_wconf 88' lang='lat' dir='ltr'>dudum</span> <span class='ocrx_word' id='word_1_293' title='bbox 975 1939 1148 1974; x_wconf 85' lang='lat' dir='ltr'>voluerat</span> <span class='ocrx_word' id='word_1_294' title='bbox 1178 1937 1412 1988; x_wconf 81' lang='lat' dir='ltr'>Stephanus.</span> 
     </span>
     <span class='ocr_line' id='line_1_58' title="bbox 744 1994 1411 2046; baseline 0 -14"><span class='ocrx_word' id='word_1_295' title='bbox 744 1997 790 2032; x_wconf 92' lang='lat' dir='ltr'>In</span> <span class='ocrx_word' id='word_1_296' title='bbox 810 1994 995 2031; x_wconf 88' lang='lat' dir='ltr'>Herodoti</span> <span class='ocrx_word' id='word_1_297' title='bbox 1020 1995 1106 2031; x_wconf 91' lang='lat' dir='ltr'>loco</span> <span class='ocrx_word' id='word_1_298' title='bbox 1133 2007 1237 2030; x_wconf 90' lang='lat' dir='ltr'>nunc</span> <span class='ocrx_word' id='word_1_299' title='bbox 1271 1995 1411 2046; x_wconf 85' lang='lat' dir='ltr'>Stege—</span> 
     </span>
     <span class='ocr_line' id='line_1_59' title="bbox 747 2047 1280 2104; baseline 0 -16"><span class='ocrx_word' id='word_1_300' title='bbox 747 2065 810 2088; x_wconf 86' lang='lat' dir='ltr'>rus</span> <span class='ocrx_word' id='word_1_301' title='bbox 830 2050 936 2088; x_wconf 89' lang='lat' dir='ltr'>dedit</span> <span class='ocrx_word' id='word_1_302' title='bbox 955 2047 1280 2104; x_wconf 74' lang='grc' dir='ltr'><em>σφαλερωτάτην.</em></span> 
     </span>
    </p>
   </div>
   <div class='ocr_carea' id='block_1_12' title="bbox 1025 2187 1133 2232">
    <p class='ocr_par' dir='ltr' id='par_1_13' title="bbox 1025 2187 1133 2232">
     <span class='ocr_line' id='line_1_60' title="bbox 1025 2187 1133 2232; baseline 0 -8"><span class='ocrx_word' id='word_1_303' title='bbox 1025 2187 1062 2232; x_wconf 66' lang='grc' dir='ltr'><em>ς.</em></span> <span class='ocrx_word' id='word_1_304' title='bbox 1092 2188 1133 2226; x_wconf 82' lang='lat'><em>2.</em></span> 
     </span>
    </p>
   </div>
   <div class='ocr_carea' id='block_1_13' title="bbox 743 2294 1410 2917">
    <p class='ocr_par' dir='ltr' id='par_1_14' title="bbox 743 2294 1410 2917">
     <span class='ocr_line' id='line_1_61' title="bbox 803 2294 1410 2351; baseline 0.003 -14"><span class='ocrx_word' id='word_1_305' title='bbox 803 2297 1017 2348; x_wconf 73' lang='grc' dir='ltr'><em>ἐπιφοιτᾶν</em></span> <span class='ocrx_word' id='word_1_306' title='bbox 1048 2294 1206 2351; x_wconf 77' lang='grc' dir='ltr'><em>ὄνειρον</em></span> <span class='ocrx_word' id='word_1_307' title='bbox 1226 2300 1331 2338; x_wconf 84' lang='grc' dir='ltr'><em>θεοῦ</em></span> <span class='ocrx_word' id='word_1_308' title='bbox 1351 2314 1410 2339; x_wconf 90' lang='grc' dir='ltr'><em>τι-</em></span> 
     </span>
     <span class='ocr_line' id='line_1_62' title="bbox 750 2354 1410 2411; baseline 0.003 -17"><span class='ocrx_word' id='word_1_309' title='bbox 750 2370 820 2402; x_wconf 85' lang='grc' dir='ltr'><em>νος</em></span> <span class='ocrx_word' id='word_1_310' title='bbox 837 2355 1004 2410; x_wconf 80' lang='grc' dir='ltr'><em>πομπῇ]</em></span> <span class='ocrx_word' id='word_1_311' title='bbox 1028 2354 1090 2392; x_wconf 90' lang='lat' dir='ltr'>Ad</span> <span class='ocrx_word' id='word_1_312' title='bbox 1110 2368 1248 2392; x_wconf 79' lang='lat' dir='ltr'>vocem</span> <span class='ocrx_word' id='word_1_313' title='bbox 1267 2360 1410 2411; x_wconf 81' lang='grc' dir='ltr'><em>πομπῇ</em></span> 
     </span>
     <span class='ocr_line' id='line_1_63' title="bbox 747 2411 1409 2459; baseline 0.002 -10"><span class='ocrx_word' id='word_1_314' title='bbox 747 2412 848 2449; x_wconf 89' lang='lat' dir='ltr'>conf.</span> <span class='ocrx_word' id='word_1_315' title='bbox 868 2419 965 2449; x_wconf 89' lang='lat' dir='ltr'>nott.</span> <span class='ocrx_word' id='word_1_316' title='bbox 985 2411 1033 2448; x_wconf 84' lang='lat' dir='ltr'><em>ad</em></span> <span class='ocrx_word' id='word_1_317' title='bbox 1053 2413 1118 2459; x_wconf 93' lang='grc' dir='ltr'><em>ΙΠ,</em></span> <span class='ocrx_word' id='word_1_318' title='bbox 1131 2415 1197 2453; x_wconf 89' lang='grc'><em>77.</em></span> <span class='ocrx_word' id='word_1_319' title='bbox 1229 2412 1341 2458; x_wconf 83' lang='lat' dir='ltr'>Quod</span> <span class='ocrx_word' id='word_1_320' title='bbox 1352 2427 1409 2450; x_wconf 83' lang='lat' dir='ltr'>se-</span> 
     </span>
     <span class='ocr_line' id='line_1_64' title="bbox 746 2468 1409 2521; baseline 0 -15"><span class='ocrx_word' id='word_1_321' title='bbox 746 2471 875 2521; x_wconf 88' lang='lat' dir='ltr'>quitur</span> <span class='ocrx_word' id='word_1_322' title='bbox 903 2468 1047 2515; x_wconf 81' lang='grc' dir='ltr'><em>ἐῶντα,</em></span> <span class='ocrx_word' id='word_1_323' title='bbox 1087 2472 1226 2506; x_wconf 84' lang='lat' dir='ltr'>merito</span> <span class='ocrx_word' id='word_1_324' title='bbox 1256 2483 1276 2506; x_wconf 87' lang='lat' dir='ltr'>e</span> <span class='ocrx_word' id='word_1_325' title='bbox 1296 2470 1409 2507; x_wconf 79' lang='lat' dir='ltr'>codd,</span> 
     </span>
     <span class='ocr_line' id='line_1_65' title="bbox 746 2525 1410 2578; baseline 0 -16"><span class='ocrx_word' id='word_1_326' title='bbox 746 2533 968 2564; x_wconf 85' lang='lat' dir='ltr'>revocatum</span> <span class='ocrx_word' id='word_1_327' title='bbox 987 2537 1056 2576; x_wconf 88' lang='lat' dir='ltr'>pro</span> <span class='ocrx_word' id='word_1_328' title='bbox 1091 2525 1249 2573; x_wconf 75' lang='grc' dir='ltr'><em>ἐῶντος,</em></span> <span class='ocrx_word' id='word_1_329' title='bbox 1270 2527 1301 2563; x_wconf 88' lang='lat' dir='ltr'><em>si</em></span> <span class='ocrx_word' id='word_1_330' title='bbox 1322 2529 1410 2578; x_wconf 87' lang='lat' dir='ltr'>qui—</span> 
     </span>
     <span class='ocr_line' id='line_1_66' title="bbox 746 2580 1409 2634; baseline -0.002 -14"><span class='ocrx_word' id='word_1_331' title='bbox 746 2582 835 2620; x_wconf 89' lang='lat' dir='ltr'><em>dem</em></span> <span class='ocrx_word' id='word_1_332' title='bbox 866 2580 1024 2634; x_wconf 81' lang='grc' dir='ltr'><em>ὅνειρον</em></span> <span class='ocrx_word' id='word_1_333' title='bbox 1064 2595 1172 2619; x_wconf 85' lang='lat' dir='ltr'>more</span> <span class='ocrx_word' id='word_1_334' title='bbox 1203 2584 1409 2620; x_wconf 87' lang='lat' dir='ltr'>Homerico</span> 
     </span>
     <span class='ocr_line' id='line_1_67' title="bbox 743 2638 1409 2691; baseline -0.002 -15"><span class='ocrx_word' id='word_1_335' title='bbox 743 2647 824 2676; x_wconf 86' lang='lat' dir='ltr'><em>tam</em></span> <span class='ocrx_word' id='word_1_336' title='bbox 842 2641 881 2675; x_wconf 88' lang='lat' dir='ltr'><em>in</em></span> <span class='ocrx_word' id='word_1_337' title='bbox 902 2638 1112 2676; x_wconf 82' lang='lat' dir='ltr'>masculino</span> <span class='ocrx_word' id='word_1_338' title='bbox 1123 2652 1240 2691; x_wconf 76' lang='lat' dir='ltr'>quam</span> <span class='ocrx_word' id='word_1_339' title='bbox 1261 2640 1299 2675; x_wconf 87' lang='lat' dir='ltr'><em>in</em></span> <span class='ocrx_word' id='word_1_340' title='bbox 1315 2653 1409 2676; x_wconf 82' lang='lat' dir='ltr'>neu-</span> 
     </span>
     <span class='ocr_line' id='line_1_68' title="bbox 744 2694 1407 2742; baseline -0.003 -9"><span class='ocrx_word' id='word_1_341' title='bbox 744 2703 802 2733; x_wconf 85' lang='lat' dir='ltr'>tro</span> <span class='ocrx_word' id='word_1_342' title='bbox 837 2694 1052 2732; x_wconf 80' lang='lat' dir='ltr'>adhibetur.</span> <span class='ocrx_word' id='word_1_343' title='bbox 1101 2696 1211 2732; x_wconf 87' lang='lat' dir='ltr'>Conf.</span> <span class='ocrx_word' id='word_1_344' title='bbox 1246 2697 1326 2742; x_wconf 78' lang='lat' dir='ltr'><em>vll,</em></span> <span class='ocrx_word' id='word_1_345' title='bbox 1358 2696 1407 2735; x_wconf 86' lang='grc'><em>15</em></span> 
     </span>
     <span class='ocr_line' id='line_1_69' title="bbox 743 2751 1409 2803; baseline -0.002 -13"><span class='ocrx_word' id='word_1_346' title='bbox 743 2753 829 2803; x_wconf 86' lang='lat' dir='ltr'>(ubi</span> <span class='ocrx_word' id='word_1_347' title='bbox 858 2754 973 2790; x_wconf 85' lang='lat' dir='ltr'>etiam</span> <span class='ocrx_word' id='word_1_348' title='bbox 1005 2752 1166 2790; x_wconf 79' lang='lat' dir='ltr'>verbum</span> <span class='ocrx_word' id='word_1_349' title='bbox 1195 2751 1409 2800; x_wconf 75' lang='grc' dir='ltr'><em>ἐπιφοιτᾶν</em></span> 
     </span>
     <span class='ocr_line' id='line_1_70' title="bbox 746 2809 1408 2860; baseline -0.002 -14"><span class='ocrx_word' id='word_1_350' title='bbox 746 2809 884 2846; x_wconf 87' lang='lat' dir='ltr'>eodem</span> <span class='ocrx_word' id='word_1_351' title='bbox 906 2816 1016 2860; x_wconf 84' lang='lat' dir='ltr'>pacto</span> <span class='ocrx_word' id='word_1_352' title='bbox 1037 2810 1239 2858; x_wconf 83' lang='lat' dir='ltr'>reperitur)</span> <span class='ocrx_word' id='word_1_353' title='bbox 1263 2811 1326 2847; x_wconf 85' lang='lat'><em>17.</em></span> <span class='ocrx_word' id='word_1_354' title='bbox 1345 2811 1408 2849; x_wconf 85' lang='grc'><em>18.</em></span> 
     </span>
     <span class='ocr_line' id='line_1_71' title="bbox 744 2863 1405 2917; baseline -0.005 -14"><span class='ocrx_word' id='word_1_355' title='bbox 744 2868 823 2903; x_wconf 88' lang='lat' dir='ltr'>Nec</span> <span class='ocrx_word' id='word_1_356' title='bbox 857 2867 932 2902; x_wconf 88' lang='lat' dir='ltr'>alio</span> <span class='ocrx_word' id='word_1_357' title='bbox 969 2867 1154 2916; x_wconf 86' lang='lat' dir='ltr'>pertinet,</span> <span class='ocrx_word' id='word_1_358' title='bbox 1194 2863 1298 2917; x_wconf 88' lang='lat' dir='ltr'>quod</span> <span class='ocrx_word' id='word_1_359' title='bbox 1328 2865 1405 2901; x_wconf 82' lang='lat' dir='ltr'><em>Vll.</em></span> 
     </span>
    </p>
   </div>
  </div>
 </body>
</html>
