1806 3181
71 723 181 751 Audita
199 724 340 751 barbaro-

70 766 138 785 rum
147 758 343 793 strage,clas-

70 792 112 818 sis
132 791 319 819 Graecorum

70 826 265 853 Artemisium
282 833 329 851 re-

94 858 346 921 gaeatffieptunus
404 873 478 908 τος
507 856 690 912 ἐγένετο,

402 143 485 182 710

809 141 1258 180 HERODOTI

400 266 443 293 τε
473 247 689 302 τούτοισι,
727 248 801 291 καὶ
838 252 894 306 τῇ
931 249 1028 292 Θέτι
1057 249 1130 293 καὶ
1158 253 1256 308 τῇσι
1285 253 1478 309 Νηρηΐσι
1513 250 1656 296 θύον-

398 333 485 368 τες,
522 316 717 360 ἔπαυσαν
752 315 932 373 τετάρτῃ
970 315 1137 374 ἡμέρῃ,
1178 318 1208 374 ἢ
1238 318 1376 371 ἄλλως
1406 336 1491 371 κως
1521 319 1712 372 αὐτόςὸο

371 382 566 427 Βέθέλων
594 382 789 427 ἐκόπασε.
847 384 966 440 τῇδὲ
998 384 1096 428 Θέτι
1121 385 1269 439 ἔθυον,
1299 386 1542 443 πυθόμενοι
1571 401 1658 430 πα-

400 451 457 505 ροὶ
495 454 582 493 τῶν
606 449 770 493 Ἰω’νων
797 451 876 494 τόν
904 451 1062 506 λόγον,
1093 450 1151 503 ὥς
1182 453 1227 496 ἐκ
1256 458 1337 498 τοῦ
1373 453 1519 510 χώρου
1560 453 1660 498 τού-

399 535 480 561 του
523 518 764 573 ἁρπασθείη
803 517 891 562 ὐπὸ
925 519 1106 576 Πηλέος,
1147 522 1210 577 εἴη
1241 537 1284 564 τε
1315 521 1463 565 ἅπασα
1491 521 1518 578 ἡ
1549 520 1658 576 α’κτὴ

402 583 426 642 ἡ
458 585 630 640 Σηπιοές
669 586 834 642 ἐκείνης
873 603 916 630 τε
951 587 1025 631 καὶ
1054 590 1141 630 τῶν
1175 586 1316 632 ἄλλων
1347 591 1601 645 Νηρηΐδων.
1633 587 1657 632 ὅ

243 659 340 703 192
399 652 478 709 μὲν
509 652 561 709 δὴ
595 653 772 711 τετάρτῃ
802 653 940 712 ἡμέρῃ
970 654 1198 698 ἐπέπαυτο.

1263 660 1385 699 Τοῖσι
1416 658 1461 699 δὲ
1478 654 1656 712 ’Ἐλλησι
1670 660 1714 695 55

399 723 442 764 οἱ
470 721 765 776 ἡμεροσκόποι
795 720 880 766 ἀπὸ
908 725 996 766 τῶν
1025 721 1174 775 ἄκρων
1200 727 1287 766 τῶν
1312 723 1547 780 Εὐβοϊκῶν
1575 739 1659 766 κα-

403 788 696 844 ταδραμόντες
735 789 911 846 δευτέρῃ
940 789 1092 846 ἡμέρῃ,
1125 789 1191 833 ἀπ’
1222 786 1273 848 ἧς
1301 790 1324 835 ὁ
1354 790 1512 848 χειμών
1540 793 1660 845 πρῶ-

375 932 398 966 2
407 927 633 982 ναυηγίην.

347 1111 436 1166 μῳ]
476 1111 673 1160 „adhibitis
696 1113 846 1161 magicis
882 1114 1006 1150 incan-

345 1169 578 1205 tationibus.“
620 1171 677 1205 Ita
702 1167 1005 1219 Schweighaeu-

344 1238 449 1262 serus
495 1226 592 1261 bene
632 1238 795 1262 monens
834 1225 1005 1262 dativum

344 1283 400 1335 τῷ
435 1276 568 1336 α’νέμῳ
610 1294 689 1318 non
724 1280 1005 1319 sollicitandum

346 1350 451 1384 esse3
472 1351 639 1389 namque
662 1337 710 1374 ad
731 1335 1005 1384 καταειδόντες

347 1406 391 1430 ea
410 1401 616 1442 structura,
648 1407 765 1445 quam
796 1394 844 1431 ad
872 1396 1001 1442 V11,9

346 1451 464 1500 attigi,
493 1451 556 1486 ille
577 1452 752 1501 pertinet.
809 1452 889 1487 Nec
917 1463 1002 1486 ma-

345 1508 400 1557 gis
432 1506 713 1543 sollicitandum
746 1514 838 1557 puto
878 1502 1002 1559 γόησι,

346 1562 450 1614 quod
476 1576 564 1600 cum
585 1562 804 1613 Schweigh.
835 1565 1000 1613 accipio:

341 1632 405 1670 per
438 1621 749 1669 praestigiatores,
785 1621 849 1671 qui
877 1620 1004 1656 forsan

347 1675 397 1712 ad
419 1676 577 1712 classem
589 1675 782 1728 quandam
802 1678 1005 1726 Magorum

349 1733 614 1783 pertinuerint.
636 1731 809 1769 Reiskius
820 1734 1007 1768 maluerat

344 1790 473 1842 χοῇσι,
522 1795 565 1825 ut
594 1789 640 1826 sit
675 1788 789 1839 factis
827 1789 1007 1826 libamini-

347 1846 411 1882 bus
445 1847 663 1883 incantantes
690 1849 847 1893 ventum,
885 1847 1007 1882 Wes-

349 1902 509 1952 seliugio
529 1915 572 1939 ac
594 1900 828 1940 Schneidero
849 1903 890 1938 in
908 1903 1006 1939 Lex.

349 1959 483 1995 Graec.
523 1960 716 2009 placuerat
753 1955 885 2011 γόοισι
903 1960 940 2010 {i-
972 1972 1005 1995 e.

349 2027 450 2051 sacro
467 2015 625 2052 ululatu.
654 2015 847 2067 Equidem
867 2017 907 2051 in
918 2016 1006 2052 vul-

349 2078 435 2120 gata
457 2073 640 2123 acquievi,
671 2073 890 2122 praesertim
916 2084 1005 2110 cum

347 2128 551 2178 antiquitas
608 2129 733 2178 plures
793 2127 1005 2165 istiusmodi

348 2184 646 2233 praestigiatores
671 2185 783 2232 norit,
816 2186 880 2236 qui
908 2198 1006 2222 ven-

347 2245 405 2275 tos
462 2241 735 2289 compescuisse
791 2248 1005 2288 narrantur,

348 2295 625 2345 Empedoclem
652 2310 689 2336 v.
727 2309 773 2341 c.,
803 2297 907 2332 alios.
947 2297 1004 2333 Cf.

350 2352 474 2389 Sturz.
515 2351 564 2388 ad
602 2350 825 2402 Empedocl.
867 2352 1004 2401 fragm.

347 2421 386 2458 p.
418 2408 486 2449 53.
558 2407 619 2445 Ad
653 2409 814 2446 verbum
847 2407 1005 2447 καταεί-

348 2465 430 2503 δειν
450 2466 654 2513 incantare,
689 2466 836 2501 occinere
867 2463 1002 2503 Valck.

344 2520 506 2557 conferri
538 2522 642 2558 iubet
672 2519 848 2572 Euripid.
877 2519 1000 2571 Iphig.

345 2578 464 2616 Taur.
507 2579 613 2618 1337
656 2585 770 2629 atque
821 2575 999 2629 Aeschyl.

348 2635 579 2682 Agamemn.
612 2633 730 2682 1427,
760 2635 922 2671 Pausan.
954 2635 1001 2681 11,

350 2691 402 2728 12
424 2691 460 2734 ξ.
487 2693 531 2737 1,
564 2691 630 2741 qui
656 2690 790 2727 eadem
820 2692 859 2727 in
892 2703 932 2727 re
963 2689 1003 2728 ε’-

348 2743 486 2798 πῳόἀς
518 2743 679 2801 ἐπᾴδειν
699 2746 807 2786 dixit.
836 2768 892 2774 --
940 2744 1003 2784 Ad

718 857 954 913 ἐσήμαινον
983 858 1125 901 πάντα
1153 859 1206 902 τὰ
1233 858 1442 915 γενόμενα
1466 859 1562 913 περὶ
1581 857 1661 914 τὴν

692 927 734 969 οῖ
763 926 821 978 ὁὲ,
853 925 910 978 ὡς
931 925 1162 979 ἐπύθοντο,
1191 927 1458 971 Ποσειδέωνι
1485 930 1664 983 Σωτῆρι

1063 1113 1233 1151 dativum
1282 1111 1374 1153 Θέτι
1431 1112 1533 1150 conf.
1579 1109 1714 1151 Matth.

1063 1173 1125 1208 Gr.
1149 1172 1215 1207 Gr.
1237 1171 1274 1215 ξ.
1295 1171 1348 1210 80
1368 1175 1448 1205 not.
1470 1172 1495 1208 2
1515 1182 1552 1219 p.
1576 1170 1671 1209 179.

1117 1223 1146 1277 ἦ
1168 1224 1294 1271 ἄλλως
1313 1240 1391 1271 κως
1415 1220 1536 1271 αὐτὸς
1567 1223 1717 1264 ἐθέλων

1062 1280 1249 1330 ἐκόπασε]
1272 1283 1297 1318 i.
1314 1295 1347 1318 e.
1374 1281 1446 1318 alio
1458 1294 1524 1331 quo
1544 1281 1644 1318 modo
1656 1294 1718 1318 ac-

1062 1340 1170 1387 cidit,
1199 1342 1239 1375 ut
1263 1341 1380 1388 sponte
1399 1350 1464 1375 sua
1483 1337 1581 1375 velut
1602 1337 1717 1375 lassus
1776 1336 1783 1350 ’”

1058 1398 1305 1446 conquiesceret
1362 1397 1498 1432 ventus.
1574 1394 1719 1444 Tangit

1058 1452 1153 1490 haec
1179 1452 1378 1500 Longinus
1404 1453 1463 1487 De
1493 1451 1646 1488 sublim.
1678 1451 1717 1496 §-

1058 1508 1125 1557 42,
1146 1512 1195 1559 2,
1226 1509 1292 1544 ubi
1313 1514 1367 1544 est
1386 1506 1584 1546 ἐκοπίασε.
1620 1508 1719 1545 Vul-

1058 1573 1192 1616 gatum
1212 1565 1309 1600 bene
1338 1571 1467 1600 tuetur
1485 1564 1720 1600 Grammati-

1061 1635 1126 1658 cus
1145 1624 1186 1657 in
1206 1619 1334 1657 Bekk.
1353 1619 1528 1657 Anecdd.
1549 1634 1587 1671 p.
1626 1618 1717 1668 104,

1060 1680 1114 1717 29
1136 1679 1306 1728 itemque
1341 1675 1550 1727 Abydenus
1577 1678 1618 1713 in
1637 1677 1718 1712 Eu-

1061 1735 1138 1770 seb.
1181 1734 1318 1783 Praep.
1359 1734 1432 1770 Ev.
1459 1733 1505 1780 V,
1548 1736 1600 1774 12
1630 1733 1718 1770 coll.

1060 1791 1211 1840 Evang.
1248 1787 1384 1826 Matth.
1413 1788 1520 1837 XIV,
1548 1792 1613 1836 32,
1653 1789 1720 1826 ubi

1060 1846 1139 1885 vid.
1158 1847 1351 1884 wetsten.
1381 1868 1432 1873 —
1471 1846 1530 1882 De
1564 1845 1718 1898 Sepiade

1061 1903 1139 1944 vid.
1160 1909 1256 1941 nott.
1277 1901 1326 1939 ad
1339 1903 1420 1950 VH,
1446 1904 1538 1943 173.

1259 1993 1352 2043 cap.
1372 1993 1522 2029 CXCII.

1118 2072 1160 2112 οἷ
1182 2066 1478 2123 ἡμεροσκόποι]
1518 2069 1603 2110 vid.
1635 2071 1717 2118 VII,

1066 2130 1145 2169 182
1175 2135 1212 2165 et
1244 2128 1290 2165 de
1311 2142 1406 2166 voce
1427 2124 1606 2176 οἷντίξοος
1620 2133 1718 2165 nott.

1064 2184 1112 2221 ad
1154 2186 1183 2233 I,
1229 2183 1320 2225 174.
1375 2185 1545 2222 Verbum
1571 2185 1718 2222 ναυλο-
1776 2192 1786 2222 .“

1062 2239 1164 2291 χέειν
1185 2242 1290 2290 attigi
1316 2239 1364 2276 ad
1385 2239 1467 2287 VII,
1492 2241 1581 2280 189,
1627 2237 1720 2287 νέας
1784 2282 1787 2283 ⁷

1062 2296 1124 2333 hic
1145 2295 1232 2334 dedi
1252 2296 1514 2332 Florentinum
1554 2302 1592 2332 et
1619 2308 1719 2349 qua-

1062 2360 1148 2390 tuor
1177 2353 1268 2389 alios
1298 2353 1412 2389 libros
1444 2358 1612 2397 secutus,
1648 2364 1718 2404 pro

1061 2410 1165 2460 vulg.
1187 2411 1298 2458 νῆας,
1320 2421 1417 2460 quae
1436 2409 1572 2458 forma,
1591 2415 1634 2445 ut
1643 2421 1719 2446 no-

1062 2472 1116 2502 tat
1146 2466 1296 2516 Apetz.,
1317 2477 1395 2502 non
1424 2467 1496 2503 nisi
1523 2478 1601 2503 uuo
1631 2465 1718 2503 loco

1057 2522 1102 2568 V,
1126 2524 1177 2562 83
1199 2523 1238 2557 iu
1269 2523 1447 2559 omnibus
1468 2521 1579 2560 codd.
1607 2522 1719 2560 inve-

1058 2579 1173 2614 nitur.
1232 2577 1310 2615 Sed
1331 2577 1408 2617 vid.
1435 2578 1535 2627 VIII,
1557 2580 1624 2619 23.
1647 2578 1718 2620 57.

1059 2636 1112 2674 60
1134 2635 1171 2680 §.
1197 2638 1232 2674 1.
1254 2636 1319 2674 79.
1340 2638 1405 2675 70.
1427 2636 1494 2675 83.
1514 2656 1568 2661 -
1589 2635 1634 2671 In
1648 2634 1715 2673 fin.

1059 2703 1141 2740 cap.
1177 2691 1352 2741 νομίζειν
1374 2697 1448 2728 est:
1489 2693 1527 2728 in
1545 2703 1613 2728 usu
1630 2702 1714 2739 esse,

1059 2753 1100 2783 ut
1120 2746 1165 2795 V,
1187 2749 1253 2788 97.
1283 2747 1345 2796 IV,
1369 2748 1448 2788 183
1468 2760 1518 2784 ne
1538 2747 1660 2798 plura.
