1789 3213
0 812 52 860 [7

423 220 899 260 POLYMNIA.
956 219 1057 257 VII.

1290 217 1373 256 769

111 333 200 374 ποῦ
238 333 438 386 ποταμοῦ
463 332 545 373 τοῦ
576 328 648 373 διοὲ
678 332 754 387 τῆς
793 326 1035 384 διασφάγος
1064 325 1264 382 ῥέοντος·
1299 323 1373 367 οὔ·

113 415 231 454 νομα
261 398 306 441 δὲ
325 401 386 454 τῷ
417 396 540 454 οὔρεϊ
566 397 707 455 τούτῳ
733 396 806 440 καὶ
835 399 888 451 τῇ
919 393 1095 450 ἀτραπῷ
1115 390 1255 437 τώυτὸ
1285 396 1366 436 κεῖ·
1382 397 1428 432 90

84 473 208 518 Qum,
236 464 454 509 Ἀνόπαια.
494 467 622 509 τείνει
651 465 696 508 δὲ
724 463 751 520 ἡ
775 461 983 506 Ἀνόπαια
1014 461 1122 517 αὕτη
1153 457 1263 503 κατά
1295 458 1374 513 ῥά-

116 550 186 590 χιν
222 536 304 576 τοῦ
345 532 520 587 οὔρεος,
551 533 670 588 λήγει
698 532 743 576 δὲ
779 530 889 575 κατά
917 547 961 574 τε
986 527 1199 585 Ἀλπηνόν
1231 526 1372 579 πόλιν,

114 598 291 657 πρώτην
325 600 486 644 ἐοῦσαν
525 604 612 643 τῶν
643 601 873 654 Λοκρίδων
902 598 1010 653 πρὸς
1040 601 1125 640 τῶν
1154 595 1374 653 Μηλιέων,

113 668 188 712 καὶ
216 667 325 712 κατα
359 666 661 723 Μελάμπυγόν
680 684 724 710 τε
753 665 1018 721 καλεόμενον
1038 666 1181 716 λίθον,
1212 664 1285 707 καὶ
1305 680 1376 707 κα-

114 735 168 779 τὰ
209 734 460 790 Κερκώπων
500 735 645 790 ἕδρας·
686 738 739 792 τῇ
777 735 851 778 καὶ
880 733 927 777 τό
959 730 1234 777 στεινότατόν
1271 731 1432 775 ἐστι.’95

116 806 162 846 Κ
226 804 235 816 ι
339 802 349 816 ι
498 804 507 817 x
583 803 592 817 x
662 803 672 816 ,
799 802 809 816 x
929 802 937 816 n
1007 800 1028 814 er
1121 800 1141 816 ‚r
1365 801 1379 815 ‹-
1431 787 1499 816 Illic
1523 787 1675 814 excubito-

161 820 240 846 ατα
267 820 429 859 ταυτην
460 806 512 860 δη
545 821 625 859 την
647 818 842 857 ατραπον
870 819 942 845 και
974 817 1088 845 ουτω
1118 810 1304 855 εχουσαν
1334 816 1377 843 οι
1434 830 1482 849 res
1502 821 1640 848 00110030

115 871 304 926 Πέρσαι,
334 870 414 914 τόν
438 869 637 915 Ἀσωπόν
668 869 910 925 διαβάντες,
941 867 1203 923 ἐπορεύοντο
1229 871 1379 912 πᾶσαν
1434 855 1687 924 ffifflsmmoen'

113 940 192 995 τήν
219 937 371 992 νύκτα,
403 939 450 983 ἐν
480 941 596 998 δεξιῇ
624 939 703 996 μὲν
730 938 896 995 ἔχοντες
928 936 1067 993 οὔρεα
1094 936 1147 980 τοὶ
1177 937 1378 989 Οἰταίων,

61 1131 198 1182 Attigit
218 1145 370 1185 quoque
389 1133 563 1172 Eustath.
597 1133 646 1172 ad
667 1136 721 1172 0-

63 1187 162 1239 dyss.
180 1189 210 1236 Ι,
232 1190 313 1229 320
333 1205 373 1241 p.
395 1190 514 1239 1419,
536 1191 589 1232 58
610 1205 639 1228 s·
654 1192 719 1239 59,

62 1247 131 1285 33.
169 1246 255 1295 Ipsa
273 1249 407 1284 semita
428 1247 530 1298 apud
552 1249 719 1298 Appian.

63 1301 150 1352 Syr.
172 1314 255 1352 cap.
290 1306 340 1345 18
378 1305 536 1340 nomine
564 1305 718 1355 proprio

62 1364 221 1395 vocatur
235 1353 436 1412 Ἀτραπὸς,
457 1373 555 1412 quae
576 1374 597 1397 a
617 1362 720 1398 Tra-

47 1412 176 1451 'chide
196 1416 438 1453 Meliensium
446 1418 486 1452 in
503 1417 646 1454 ditione
662 1424 722 1454 te-

62 1478 118 1508 ste
149 1472 344 1510 Plutarch.
374 1474 415 1509 in
445 1474 525 1511 Cat.
545 1475 636 1510 mai.
659 1476 723 1521 13,

63 1526 171 1577 (coll.
191 1530 273 1566 Liv.
294 1531 474 1577 XXXVI,
489 1532 552 1570 16.
567 1528 724 1568 Diodor.

64 1585 143 1622 Sic.
162 1586 232 1634 IX,
254 1584 296 1637 8)
328 1588 511 1637 incipiens
541 1586 630 1623 inde
652 1586 727 1623 du-

63 1642 115 1678 cit
150 1655 219 1692 per
262 1644 381 1693 Asopi
419 1644 633 1680 convallem
686 1649 724 1680 et

62 1710 169 1748 mox,
191 1697 239 1735 ad
269 1698 445 1736 dextram
466 1700 581 1736 Oetae
609 1712 726 1736 mon-

62 1756 175 1802 tibus,
197 1754 245 1792 ad
276 1757 426 1793 laevam
446 1757 602 1807 rupibus
623 1758 724 1793 Tra-

64 1810 199 1849 chiuiis
220 1813 376 1858 relictis,
398 1812 563 1849 deflectit
583 1812 631 1849 ad
643 1814 725 1849 lae-

61 1881 155 1912 >vam
173 1869 213 1904 in
241 1870 402 1917 vallem,
423 1870 618 1920 Alpenum
638 1882 726 1907 ver-

65 1938 141 1973 sus,
159 1926 226 1961 ubi
245 1927 480 1978 Melampygi
495 1939 646 1964 saxum.
668 1926 724 1963 Cf.

66 1983 190 2019 Kruse
208 1983 336 2019 Hellas
355 1984 404 2031 ΙΙ,
425 1986 451 2023 2
470 1996 558 2034 pag.
577 1982 666 2024 125.

124 2035 223 2077 κατοέ
261 2036 376 2091 ῥάχιν
401 2042 475 2078 τοῦ
501 2037 670 2091 οὔρεος]
701 2039 725 2076 ἰ.

70 2107 105 2134 e.
127 2095 177 2131 ad
197 2096 381 2133 secundum
412 2099 537 2133 montis
575 2096 725 2144 dorsum,

68 2150 181 2188 tendit
191 2153 263 2200 via,
293 2153 446 2189 culmen
465 2154 581 2203 igitur
599 2151 727 2190 haud-

71 2220 267 2260 quaquam
306 2210 507 2260 attiugeus.
576 2208 728 2246 Eodem

70 2277 183 2302 sensu
213 2261 326 2318 ῥάχις
344 2268 409 2313 ΙΙΙ,
433 2266 497 2307 54.
525 2268 583 2303 De
598 2267 731 2319 Alperio

71 2319 151 2362 vid.
171 2329 268 2359 nott.
294 2322 341 2359 ad
364 2324 446 2370 VII,
469 2326 562 2364 176.

129 2376 198 2416 καὶ
236 2375 336 2419 κατοέ
372 2376 652 2433 Μελάμπυγόν
691 2393 733 2419 τε

72 2430 310 2486 καλεόμενον
356 2437 475 2476 λίθον
522 2437 589 2476 καὶ
633 2433 733 2476 κατὰ

75 2487 310 2542 Κερκώπων
331 2491 471 2545 ἕδρας]
501 2495 735 2544 Wesseling.

75 2560 167 2584 cum
185 2548 373 2598 Leop'ard.
385 2550 578 2589 Emendd.
592 2552 692 2599 VIII,
710 2555 728 2591 1

75 2605 213 2641 maluit
251 2604 532 2658 Μελαμπύγου
547 2637 556 2655 ,
611 2620 733 2659 quum

78 2657 355 2713 Μελάμπυγος
393 2675 471 2699 non
501 2662 636 2714 lapidis
668 2662 735 2700 sed

72 2718 189 2767 ipsius
219 2719 391 2755 Herculis
432 2720 477 2756 sit
505 2733 736 2770 cognomen.

74 2773 171 2811 Mihi
190 2775 255 2812 vix
286 2788 439 2812 necesse
468 2775 630 2813 videtur.
677 2778 736 2812 De

74 2830 229 2869 Hercule
250 2830 480 2882 Melampygo
493 2831 497 2845 ”
510 2840 547 2870 et
577 2833 737 2883 Cercopi-

131 2889 356 2926 HERODOT.
385 2891 451 2926 ΙΙΙ.

777 1136 852 1183 bas,
886 1132 933 1170 de
971 1132 1106 1184 quibus
1132 1130 1310 1169 Larcher.
1350 1131 1438 1168 citat

777 1191 924 1227 Zenob.
946 1188 1071 1239 Adag.
1094 1189 1247 1226 Cent.V
1269 1190 1304 1234 ᾗ.
1326 1191 1378 1229 10
1398 1202 1437 1238 Ρ.

778 1250 872 1289 116,
888 1245 1025 1284 suidas
1047 1259 1076 1282 s.
1092 1259 1128 1284 v.
1141 1247 1177 1281 II
1196 1259 1234 1295 p.
1257 1246 1351 1292 521,
1373 1245 1439 1281 Tu

774 1302 852 1341 vid.
874 1303 1049 1340 Creuzer.
1072 1301 1248 1354 Symbol.
1278 1301 1329 1337 IV
1348 1313 1439 1351 pag.

776 1358 858 1400 224
878 1372 985 1411 seqq.
1043 1360 1111 1395 Est
1131 1365 1260 1395 autem
1280 1356 1440 1394 Melam-

776 1418 871 1467 pygi
898 1417 1005 1467 lapis,
1034 1416 1075 1451 in
1097 1428 1172 1468 quo
1211 1414 1441 1465 requievisse

779 1473 900 1509 fertur
928 1473 1133 1520 Hercules⁷
1174 1477 1333 1508 notante
1361 1472 1442 1507 Lo-

781 1528 895 1567 beck.
922 1529 962 1565 in
981 1526 1172 1579 Aglaoph.
1202 1539 1292 1578 pag.
1320 1528 1442 1574 1298,

784 1586 1000 1636 Cercopum
1019 1584 1139 1632 sedes,
1162 1583 1266 1620 unde
1292 1585 1444 1619 Hercu-

783 1643 861 1679 lem
883 1655 932 1678 ex
951 1641 1094 1678 insidiis
1116 1639 1282 1690 adgressi
1307 1638 1445 1676 dicun-

778 1705 851 1736 tur.
908 1699 1080 1734 Herculis
1110 1704 1240 1734 autem
1260 1697 1445 1746 religione

779 1754 878 1792 hanc
898 1762 1020 1791 totam
1031 1755 1228 1804 regionem
1244 1765 1446 1790 consecra-

780 1819 860 1849 tam
889 1812 1025 1859 fuisse,
1063 1812 1170 1848 cuius
1191 1811 1341 1860 singula
1359 1810 1445 1846 loca

782 1867 830 1905 ad
870 1869 949 1904 eius
977 1881 1035 1904 res
1062 1868 1283 1914 retulerint,
1330 1879 1444 1917 supra

779 1926 859 1962 iam
897 1925 1134 1961 monuimus.
1180 1922 1369 1961 Dodwell.
1405 1921 1447 1959 id

781 1995 942 2029 saxum,
976 1995 997 2017 e
1018 1994 1094 2033 quo
1125 1981 1204 2017 imo
1234 1993 1337 2016 nuno
1360 1979 1446 2016 fons

782 2038 925 2076 calidus
940 2039 1048 2090 isque
1068 2037 1267 2089 primarius
1287 2037 1446 2088 prosilit,

781 2097 1074 2147 Melampygum
1116 2093 1284 2145 lapidem
1330 2093 1446 2129 fuisse

783 2153 948 2190 coniicit.
1005 2150 1092 2189 Vid.
1107 2152 1218 2188 Reise
1240 2149 1277 2188 d.
1291 2147 1446 2186 Griech.

783 2211 831 2257 ΙΙ,
869 2212 888 2249 1
921 2221 1004 2261 cap.
1039 2210 1090 2250 18
1128 2221 1215 2260 pag.
1259 2208 1337 2247 138
1383 2205 1445 2245 ed.

784 2278 892 2305 vern.

969 2356 1062 2407 Cap.
1084 2355 1270 2392 ccxvu.

850 2432 971 2488 οὔρεα
998 2431 1045 2474 vo}
1077 2433 1251 2473 Οἰταίων
1273 2447 1310 2472 κ.
1335 2446 1369 2470 τ.
1394 2430 1449 2479 λ.]

792 2493 902 2532 Conf.
919 2498 1014 2529 nott.
1036 2490 1085 2527 ad
1104 2491 1185 2538 VII,
1205 2492 1301 2531 216.
1335 2490 1452 2524 Mon-

789 2558 845 2588 tes
858 2549 987 2587 Oetaei
1000 2548 1234 2585 conveniunt
1254 2559 1344 2583 cum
1354 2545 1451 2581 saltu

792 2609 933 2654 Oetaeo,
964 2611 1007 2641 ut
1037 2611 1092 2642 est
1113 2603 1214 2654 apud
1233 2604 1375 2639 Melam
1402 2602 1451 2647 ΙΙ,

792 2667 817 2705 3
849 2665 886 2708 ξ.
916 2666 966 2709 2,
996 2662 1062 2697 ubi
1100 2660 1200 2697 conf.
1231 2656 1452 2696 Tzsohuck.

791 2727 889 2760 nott.
924 2730 1061 2768 exegg.
1102 2729 1192 2767 pag.
1230 2718 1321 2756 177.
1394 2712 1455 2750 Ad

792 2773 1022 2813 Trachinios
1065 2780 1215 2809 montes
1264 2772 1455 2822 pertinere

793 2831 969 2879 credam,
1001 2842 1099 2882 quae
1118 2831 1248 2867 Livius
1269 2833 1458 2865 memorat

1126 2884 1180 2926 49
