1834 3258
533 232 843 270 ERATO.
903 233 977 269 VI.

1311 236 1396 276 405

127 341 384 398 Λεωκήδης,
420 341 643 391 Φείδωνος
683 340 729 383 δὲ
758 344 839 384 τοῦ
874 340 927 384 τὰ
958 340 1093 396 μέτρα
1129 340 1393 399 ποιήσαντος

128 410 542 464 Πελοποννησίοισι,
572 409 644 451 καὶ
672 407 938 464 ὑβρίσαντος
965 411 1141 465 μέγιστα
1171 410 1223 467 δή
1249 410 1391 466 Ἑλλή-

124 493 215 520 νων
245 474 462 528 ἁπάντων,
496 475 544 528 ὃς
571 476 861 534 ἐξαναστήσας
890 478 994 528 τοὺς
1016 476 1196 521 Ἠλείων
1225 478 1391 533 ἀγωνο-

121 544 274 596 θέτας,
322 541 454 595 αὐτός
491 543 570 587 τὸν
600 544 647 587 ἐν
675 543 886 602 Ὀλυμπίῃ
918 544 1068 601 ἀγῶνα
1097 547 1246 603 ἔθηκε·
1283 546 1445 590 τού-65

120 629 202 656 του
231 627 275 655 τε
305 612 357 667 δή
388 611 509 663 πάϊς·
551 613 623 655 καὶ
664 611 887 667 Ἀμίαντος
915 613 1206 671 Λυκούργου,
1233 613 1388 670 Ἀρκὰς

117 680 167 724 ἐκ
207 683 554 736 Τραπεζοῦντος·
602 681 676 724 καὶ
701 678 824 736 Ἀζὴν
864 680 911 723 ἐκ
943 682 1090 724 Παίου
1117 682 1270 734 πόλιος
1299 688 1385 727 Λα-

118 747 262 804 φάνης
273 783 282 799 ,

328 746 621 804 Εὐφορίωνος
661 752 742 791 τοῦ
783 748 1019 804 δεξαμένου
1058 766 1123 802 τε,
1166 749 1226 802 ὥς
1256 751 1384 807 λόγος

116 816 165 860 ἐν
203 816 407 872 Ἀρκαδίῃ
449 815 634 872 λέγεται,
683 815 791 867 τούς
837 817 1148 872 Διοσκούρους
1193 821 1382 872 οἰκίοισι,

114 885 190 928 καὶ
221 884 305 928 dud
335 884 498 928 τούτου
528 883 876 936 ξεινοδοκέοντος
905 884 1072 937 πάντας
1102 884 1383 942 ἀνθρώπους·

89 952 195 996 4καὶ
224 950 388 1004 Ἠλεῖος
423 951 693 1008 Ὀνομαστός
725 950 912 1007 Ἀγαίου.

115 1020 250 1078 αὐτῆς
281 1019 626 1076 Πελοποννήσου
655 1016 806 1076 ἦλθον.

971 949 1094 997 οὗτοι
1138 955 1217 1010 μὲν
1260 954 1312 1011 δὴ
1342 955 1440 1008 έξῖο

865 1021 935 1064 Ἐκ
965 1022 1011 1065 δὲ
1035 1020 1254 1078 Ἀθηνέων
1284 1022 1384 1066 ἀπί-

113 1105 245 1133 κοντο
288 1088 542 1144 Μεγακλέης
582 1104 626 1132 τε
663 1088 687 1132 ὁ
728 1088 1039 1145 Ἀλκμαίωνος,
1097 1088 1260 1134 τούτου
1298 1094 1381 1135 τοῦ

56 1265 163 1304 bach.
183 1268 225 1303 in
244 1264 528 1303 Animadverss.
564 1262 612 1300 ad
632 1261 672 1301 h.
692 1264 717 1300 l.

55 1324 96 1371 (a
120 1323 186 1361 Cr.
208 1321 407 1375 excitatus)
429 1334 516 1374 pag.
539 1322 631 1362 625.

38 1384 45 1389 ⁷
111 1382 184 1419 τοῦ
218 1377 266 1420 τὰ
302 1379 419 1432 μέτρα
472 1375 716 1428 ποιήσαντος

56 1436 437 1487 Πελοποννησίοισι]
461 1434 646 1471 Eiusdem
660 1436 716 1470 rei

52 1492 171 1530 fidem
198 1494 344 1531 faciunt
373 1492 498 1531 Strab.
517 1492 605 1528 VIII
625 1503 714 1541 pag.

52 1551 132 1591 358
160 1564 188 1588 S.
222 1550 314 1591 549.
348 1551 447 1586 Plin.
477 1551 526 1587 H.
557 1550 602 1584 N.
632 1549 713 1596 VII,

50 1608 104 1647 57
127 1607 233 1657 (56).
264 1607 398 1644 Isidor.
436 1607 566 1656 Origg.
607 1606 712 1653 XVI

48 1661 115 1711 24,
147 1665 210 1700 alii
231 1677 252 1700 a
281 1665 323 1701 C.
347 1665 389 1701 Ο.
411 1663 572 1699 Mullero
604 1664 712 1698 exci-

48 1721 115 1756 tati
153 1721 180 1757 l.
226 1722 254 1758 Ι.
291 1734 380 1772 pag.
423 1720 500 1768 56,
566 1720 633 1770 qui
670 1720 710 1755 in

48 1777 270 1815 universum
300 1777 358 1814 his
389 1777 614 1814 testimoniis
640 1774 710 1812 de-

47 1833 282 1882 clararivult‚
302 1833 522 1871 Phidouem
539 1834 710 1883 primum

45 1890 180 1939 fuisse,
212 1892 277 1943 qui
295 1904 419 1927 unan
436 1889 618 1941 idemque
639 1902 710 1939 ge-

46 1960 118 1983 nus
146 1961 432 1995 mensurarum,
478 1945 707 1997 ponderum,

45 2003 252 2041 modorum
273 2018 341 2055 per
369 2011 490 2041 totam
511 2003 706 2053 Pelopon-

43 2073 181 2097 nesum
199 2061 465 2108 introduxerit,
488 2067 525 2097 et
545 2060 611 2111 qui
630 2072 708 2095 nu-

44 2130 198 2154 morum
227 2119 430 2155 instituerit
465 2118 654 2153 rationem
684 2129 705 2152 a

16 2192 19 2195 >
43 2175 329 2225 Peloponnesiis
349 2182 472 2211 ratam
492 2172 675 2211 habitam.

99 2230 167 2270 καὶ
194 2230 435 2297 υβρίσαντος
462 2229 621 2283 μέγιστα
651 2226 702 2280 δη

41 2283 242 2339 Ἑλλήνων
265 2284 484 2336 ἁπάντων]
518 2289 544 2323 i
575 2301 608 2324 e·
641 2289 705 2337 qui

42 2343 145 2393 longe
171 2345 383 2383 Graecorum
414 2346 565 2382 omnium
601 2357 701 2381 msa-

42 2400 252 2438 lentissimus
292 2401 382 2452 fuit.
474 2402 539 2439 Sic
597 2407 699 2437 recte

42 2456 438 2508 Schweighaeuserus.
515 2457 699 2495 Eiusdem

41 2512 227 2564 PhidonIs
257 2511 466 2565 τυράννων
500 2518 582 2554 ταῖν
605 2510 699 2552 ‘'Ea-

42 2571 130 2621 λησι
154 2568 321 2623 μάλιστα
345 2570 584 2621 ’ὑβρίσαντος
612 2584 699 2607 me-

41 2629 152 2665 minit
171 2629 332 2665 Pausan.
352 2629 415 2674 VJ,
427 2631 480 2669 22
501 2629 537 2673 ξ.
554 2632 580 2669 2
600 2641 698 2664 euu-

41 2681 204 2737 demque
225 2685 363 2723 Strabo
387 2658 473 2721 VIII
492 2698 527 2735 p.
550 2685 631 2726 358
649 2687 697 2722 Β.

40 2752 69 2777 s.
90 2740 170 2783 549
195 2743 243 2779 A.
263 2749 373 2779 vocat
393 2748 598 2793 tyrannum
626 2741 698 2809 δυΙ-

41 2791 156 2865 νάμει
192 2797 551 2867 ὖπερβεβλημὲνον
604 2811 698 2845 τους

41 2848 120 2892 κατ’
148 2850 282 2895 αὐτόν.
334 2857 390 2893 Ac
411 2861 581 2907 spectant
596 2855 696 2903 talia,

776 1265 932 1315 opinor,
959 1263 1007 1301 ad
1035 1278 1228 1302 summam
1248 1266 1350 1303 istius
1370 1273 1435 1318 ty—

774 1322 884 1358 ranni
904 1323 1135 1371 potentiam,
1168 1322 1243 1374 quai
1277 1336 1434 1360 omnem

772 1380 852 1415 fere
890 1379 1203 1430 Peloponnesum
1231 1380 1434 1431 subegerat

771 1435 1040 1488 subditamque
1096 1449 1228 1473 severo
1271 1438 1433 1487 imperio

771 1494 970 1530 continuit.
1021 1493 1132 1531 Conf.
1155 1494 1195 1530 C.
1217 1494 1261 1530 Ο.
1282 1495 1431 1532 Muller.

769 1551 792 1586 l
815 1551 839 1586 l.
861 1563 950 1600 pag.
972 1549 1039 1591 55.

827 1603 872 1653 ὃς
885 1601 1220 1656 ἐξαναστήσας-
1235 1600 1374 1658 α’γωνα
1393 1605 1430 1646 ἕ-

769 1664 899 1713 θηκε]
933 1664 1176 1701 Conveniunt
1198 1664 1335 1701 Strabo
1360 1664 1383 1700 l.
1405 1665 1429 1700 l.

767 1721 933 1759 Pausau.
962 1721 1026 1768 VI,
1047 1723 1114 1768 22,
1147 1723 1187 1760 2.
1245 1721 1430 1772 Antiqui-

766 1784 827 1814 tus
848 1778 950 1813 enim
970 1776 1082 1814 huius
1101 1776 1183 1813 ludi
1216 1776 1429 1814 adornandi

765 1841 993 1884 potestatem
1005 1833 1171 1870 habuere
1182 1834 1343 1879 Pisatae‚
1361 1834 1429 1885 qui

765 1890 855 1927 dein
875 1891 939 1926 illa
959 1897 1047 1927 sunt
1079 1890 1215 1940 privati
1244 1891 1290 1927 ab
1309 1890 1426 1939 Eleis,

764 1946 993 1994 Heraclidis,
1034 1959 1129 1998 quos
1166 1947 1267 1997 ipsos
1289 1945 1427 1983 eadem

763 2005 868 2040 exuit
887 2002 1025 2051 Pffido,
1053 2010 1090 2040 et
1117 2003 1205 2040 alias
1229 2004 1426 2054 Pelopon-

762 2062 843 2097 nesi
856 2067 980 2111 par‘tes
1001 2067 1037 2097 et
1056 2062 1178 2111 ipsam
1197 2060 1350 2097 Elidem
1360 2073 1423 2097 ar-

761 2119 834 2154 mis
862 2118 933 2154 sibi
958 2118 1173 2154 subiiciens.

806 2169 946 2225 Ἀρκοῖς
992 2173 1035 2214 ἐκ
1095 2173 1420 2226 Τραπεζοῦντος]

759 2231 957 2282 Trapezus
995 2230 1044 2267 ad
1070 2230 1322 2267 meridionale
1351 2231 1422 2267 Al-

756 2287 847 2338 phei
867 2289 963 2325 latus
994 2288 1110 2325 iacuit
1137 2301 1215 2324 non
1237 2288 1351 2337 longe
1373 2288 1419 2324 ab

758 2358 803 2381 eo
830 2346 940 2391 Ioco,
972 2358 1048 2397 quo
1078 2343 1236 2396 posthac
1269 2351 1419 2381 exstru-

756 2409 816 2438 cta
835 2402 906 2439 fuit
926 2403 1175 2452 Megalopolis
1189 2431 1198 2448 ,
1239 2401 1278 2437 iu
1301 2414 1418 2453 quam

754 2459 1147 2510 urbemTrapezuntis
1156 2459 1304 2494 incolae
1315 2471 1420 2494 oom-

754 2516 936 2566 migrasse
966 2516 1154 2553 dicuntur.
1215 2515 1272 2552 Cf.
1305 2516 1419 2551 Mau-

753 2580 849 2610 nert.
870 2573 959 2610 VIII
978 2586 1068 2624 pag.
1094 2571 1192 2612 457.
1251 2573 1295 2608 In
1324 2584 1416 2621 pro-

753 2631 859 2666 xime
879 2643 982 2682 seq.
986 2630 1102 2666 verba
1127 2627 1193 2667 καὶ
1219 2623 1343 2677 Ἀζην
1372 2625 1415 2665 ἐκ

755 2686 889 2725 Παίου
919 2681 1060 2732 πόλιος
1087 2681 1292 2734 Λαφανης
1333 2679 1414 2722 Ευ-

754 2743 955 2793 φορίωνος
998 2743 1152 2780 valent:
1208 2739 1413 2790 Laphanes‚

754 2799 993 2849 Euplcorwnz's
1002 2799 1109 2849 filius
1130 2796 1234 2844 Paeo,
1251 2797 1412 2834 Azanz'ae

754 2855 830 2904 (in
868 2854 1066 2905 Arcadia)
1096 2853 1197 2901 urbe,
1228 2853 1410 2894 oriundus.
