1815 3181
383 236 466 277 302

384 344 441 387 ἂν
469 342 648 387 ἐθέλωσι
676 342 764 383 τῶν
793 338 959 390 ἆστῶνῗ,
989 341 1062 384 καὶ
1086 341 1288 391 Πυθίους
1307 336 1527 394 αἱρέεσθαι
1556 339 1638 384 δύο
1694 347 1776 391 463

1412 204 1422 229 t

783 231 1240 269 HERODOTI

384 410 613 465 ἑκάτερον·
667 410 711 451 oi
740 407 786 450 δὲ
816 407 1004 460 Πύθιοι,
1047 410 1126 452 εἰσὶ
1163 408 1404 463 θεοπρόποι
1449 409 1490 460 ἒς
1528 413 1638 451 Δελ-

386 478 523 533 φούς,
570 475 807 530 σιτεόμενοι
843 475 948 530 μετα
986 478 1074 518 τῶν
1112 476 1322 531 βασιλέων
1351 476 1403 519 τοὶ
1435 476 1696 533 δημόσια.60

356 553 378 586 3
389 545 445 600 μή
477 545 654 587 ἐλθοῦσι
685 543 731 586 δὲ
757 548 868 586 τοῖσι
887 546 1111 598 βασιλεῦσι
1139 545 1206 587 ἐπὶ
1226 544 1274 588 τὸ
1307 547 1501 596 δεῖπνον,
1535 543 1641 588 ἀπο-

383 611 625 667 πέμπεσθαί
653 623 733 666 σφι
761 611 803 662 ἐς
833 611 886 660 τοὶ
927 613 1043 655 οἰκία
1080 611 1272 668 ἀλφίτων
1300 627 1344 655 τε
1383 611 1464 655 δύο
1500 614 1640 667 χοίνι-

383 696 462 729 κας
490 677 696 734 ἑκατέρῳ,
736 679 809 722 κτὰ
850 680 976 722 οἴνου
1005 679 1212 736 κοτύλην·
1262 683 1474 732 παρεοῦσι
1503 678 1548 722 δὲ
1578 681 1642 722 δι-

381 746 543 803 πλήσια
583 745 726 789 πάντα
756 747 979 790 ahinaam·
1017 745 1156 791 τώυτὸ
1195 747 1240 791 δὲ
1270 751 1400 791 τοῦτο
1430 747 1502 790 καὶ
1531 746 1642 801 πρὸς

355 814 596 858 4ἰδιωτέων
625 813 863 870 κληθέντας
899 814 967 857 ἐπὶ
1007 817 1185 859 δεῖπνον
1213 819 1435 871 τιμᾶσθαι.
1491 815 1567 866 τας
1597 815 1698 858 δὲ65

381 884 592 938 μαντηίας
621 882 697 932 τοὶς
713 883 965 938 γινομένας,
995 882 1182 934 τούτους
1212 882 1473 938 φυλάσσειν·
1504 894 1643 926 συνει-

382 950 506 993 δέναι
537 949 583 992 δὲ
621 950 696 994 καὶ
733 950 835 1002 τοὺς
869 952 1086 1002 Πυθίους.

327 1090 541 1142 diligentius
564 1089 827 1128 custodiendos
846 1092 984 1128 retule-

325 1150 388 1185 ris.
408 1170 464 1175 ——
482 1146 641 1186 Ullrich.
667 1145 744 1198 (de
763 1161 922 1198 proxen.
943 1162 981 1198 p.

324 1203 396 1257 49)
430 1203 532 1241 hunc
555 1217 706 1256 quoque
735 1205 862 1240 locum
883 1211 984 1241 attu-

323 1261 390 1308 lit,
433 1262 635 1297 obscurum
671 1261 782 1296 illum
816 1261 983 1312 quidem,

324 1324 367 1353 ut
385 1317 570 1368 perhibet,
584 1324 621 1353 et
640 1319 810 1364 unicum,
833 1319 898 1369 qui
908 1331 988 1354 11011

324 1386 413 1410 eam
440 1387 638 1420 normam,
670 1373 718 1410 ad
750 1387 864 1424 quam
885 1381 988 1410 cete-

323 1443 456 1467 rortun
493 1431 723 1481 populorum
754 1432 988 1467 Graecorum

324 1488 568 1537 exigerentur
577 1488 747 1537 proxeni,
759 1487 984 1538 suppeditet.

381 1543 450 1582 καὶ
485 1545 673 1589 Πυθίους
711 1543 915 1595 αἱρέεσθαι
946 1559 982 1584 κ.

324 1615 359 1638 τ.
386 1599 447 1648 λ.]
496 1601 639 1637 Retulit
673 1599 762 1636 111110
801 1602 984 1637 Timaeus

324 1657 366 1692 111
385 1658 482 1692 Lex.
502 1658 653 1693 Platon.
674 1669 761 1707 pag.
783 1660 865 1701 227
879 1687 888 1704 ,
917 1658 984 1693 ubi

323 1712 510 1750 Herodoti
549 1714 652 1750 locus
681 1727 759 1750 non
789 1713 885 1764 sugit
916 1713 984 1750 do-

325 1776 431 1807 ctum
456 1771 714 1820 interpretem.
769 1770 872 1807 Add.
901 1772 985 1806 Eu-

324 1825 438 1863 stath.
471 1825 519 1862 ad
547 1827 591 1862 ll.
618 1827 636 1862 I
665 1839 753 1877 pag.
785 1827 851 1874 55,
881 1826 934 1866 44
955 1840 984 1863 s.

268 1929 273 1932 ¹
324 1882 392 1930 42,
414 1885 452 1922 7.
475 1890 511 1919 et
530 1882 577 1919 de
606 1883 835 1934 Pythiorum
859 1885 986 1933 magi—

324 1946 443 1975 stratu
476 1938 722 1976 disserentem
752 1940 793 1978 C.
817 1940 861 1976 O.
883 1941 986 1976 Mid-

324 1995 393 2031 ler.
414 1997 504 2032 Dor.
520 1997 555 2032 Π
576 2009 664 2046 pag.
687 1998 749 2036 18.
810 1997 881 2042 Qui
899 2009 986 2032 ma-

325 2053 499 2101 gistratus
532 2053 713 2102 pertinuit
753 2051 801 2088 acl
832 2053 983 2104 Pythici

326 2109 469 2144 oraculi
499 2110 580 2144 vim
613 2110 653 2144 111
673 2121 805 2145 onmes
836 2111 984 2146 Dorum

326 2177 386 2200 res
407 2177 449 2200 ac
480 2166 681 2214 praecipue
710 2166 750 2201 in
773 2166 984 2216 Spartano-

327 2233 416 2256 rum
436 2233 493 2256 res
515 2228 551 2257 et
571 2222 738 2270 publicas
761 2229 797 2258 et
810 2223 982 2272 privatas,

329 2275 377 2312 de
399 2276 473 2328 quit
495 2276 656 2313 diximus
687 2277 733 2313 ad
763 2279 809 2324 V,
828 2277 896 2317 42.
919 2281 982 2326 (53,

328 2334 480 2369 oracula
511 2335 614 2369 enim
642 2335 711 2369 rite
739 2334 915 2383 Spartam
937 2334 984 2370 ad

327 2402 435 2439 reges
446 2391 623 2439 perferre,
645 2402 876 2441 omnemque
887 2403 985 2437 eam,

330 2458 427 2497 quae
441 2447 634 2496 Spartanis
646 2459 733 2482 cum
745 2447 986 2483 010001οὈ01-

329 2501 442 2552 phiCo
466 2504 685 2550 intercessit,
716 2504 901 2539 rationem
924 2516 986 2538 ar-

330 2560 493 2595 ctissime
527 2561 622 2595 tueri
642 2558 867 2610 Pythiorum
895 2567 985 2607 erat,

329 2628 494 2667 quorum
522 2614 610 2652 111110
648 2629 797 2652 summa
827 2615 986 2665 dignitas

329 2679 443 2724 atque
456 2674 665 2720 auctoritas,
684 2672 758 2724 quai
778 2685 911 2722 regum
927 2685 987 2709 es-

333 2737 416 2766 sent
437 2742 633 2766 assessores
654 2736 766 2781 atque
782 2730 986 2765 contubor-

330 2786 447 2833 nales,
470 2793 503 2822 et
515 2787 732 2837 proximum
745 2785 838 2822 adeo
849 2798 985 2822 secun-

330 2840 425 2878 dum
463 2844 545 2880 illos
582 2844 712 2880 locum
746 2849 986 2894 occuparent.

1147 950 1336 1004 δικοὶζειν
1370 951 1416 995 δὲ
1444 950 1641 1007 μούνους

1040 1091 1146 1136 Quin.
1160 1091 1274 1141 ipsius
1296 1091 1474 1128 Gerusiae
1500 1102 1699 1127 assessores

1038 1149 1151 1184 fuisse
1171 1147 1274 1184 haud
1294 1150 1431 1184 iniuria
1452 1161 1472 1183 e
1494 1148 1612 1184 Cicer.
1639 1148 1699 1182 De

1041 1204 1195 1242 divinat.
1216 1206 1246 1251 I,
1272 1207 1321 1245 13
1343 1206 1538 1254 colligunt.

1101 1257 1318 1311 σιτεόμενοι
1355 1258 1450 1312 μετὰ
1478 1262 1557 1298 τῶν
1582 1260 1697 1310 βασι-

1045 1315 1144 1356 λέων
1164 1315 1210 1355 τοὶ
1236 1313 1434 1368 δημόσια]
1477 1316 1632 1352 Confert
1652 1315 1697 1352 C.

1045 1375 1088 1411 Ο.
1120 1375 1268 1411 Miiller.
1297 1376 1388 1410 Dor.
1419 1375 1454 1410 II
1487 1385 1577 1424 pag.
1617 1371 1696 1413 105

1042 1432 1292 1467 Homericum
1312 1427 1436 1479 δήμια
1447 1432 1578 1468 πίνειν
1588 1427 1698 1465 Iliad.

1042 1488 1163 1527 XVII.
1195 1500 1252 1524 vs·
1301 1488 1383 1528 250
1431 1486 1548 1539 idque
1583 1485 1698 1521 refert

1043 1543 1091 1580 ad
1112 1545 1239 1594 epulas
1275 1544 1467 1594 publicas,
1512 1541 1698 1580 sumtibus

1040 1602 1199 1651 publicis
1230 1602 1377 1651 erogari
1415 1601 1540 1637 solitas
1568 1600 1608 1635 in
1637 1599 1698 1635 fe-

1044 1659 1107 1694 stis
1151 1658 1323 1707 publicis.
1392 1657 1534 1702 Quibus
1574 1668 1698 1706 oppo-

1040 1721 1184 1750 nuntur
1213 1711 1260 1752 τοὶ
1296 1714 1450 1760 δεῖπνα,
1490 1725 1589 1764 quae
1617 1712 1699 1762 pri-

1040 1777 1215 1808 vatorum
1225 1777 1312 1806 sunt
1332 1771 1465 1820 epulae
1477 1799 1486 1817 ,
1516 1771 1594 1805 sive
1603 1777 1699 1807 ovo*

1043 1828 1166 1875 σίτια,
1210 1827 1444 1877 singularum
1464 1827 1638 1876 gentium
1667 1837 1698 1861 s.

1042 1885 1271 1920 familiarum
1293 1884 1426 1934 epulae
1439 1913 1448 1930 ,
1471 1882 1608 1919 eodem
1629 1882 1697 1918 ob·-

1041 1948 1214 1978 servante
1232 1941 1382 1977 muner.
1410 1941 1436 1977 l.
1457 1940 1483 1977 l.
1503 1951 1592 1990 pag.
1615 1940 1696 1979 106

1041 2004 1122 2034 not.

1097 2050 1166 2100 τοὶς
1184 2050 1227 2092 δὲ
1247 2053 1439 2103 μαντηΐας
1460 2049 1530 2099 τοὶς
1543 2049 1697 2105 γινομὲά

1039 2112 1138 2159 νας]
1171 2111 1294 2160 Supra
1315 2111 1362 2146 II.
1385 2111 1450 2150 57.
1473 2112 1524 2150 83
1546 2108 1574 2160 ἦ
1595 2124 1697 2159 μαν-

1038 2168 1129 2217 τηΐη
1151 2173 1205 2202 est
1225 2168 1318 2202 ratio
1349 2167 1500 2202 oracula
1515 2179 1543 2201 s.
1561 2166 1695 2201 vatici-

1038 2225 1101 2259 nia
1141 2222 1291 2259 edendi.
1337 2224 1420 2258 Hoc
1451 2228 1579 2257 autem
1610 2222 1696 2257 loco

1039 2281 1119 2329 ipsa
1138 2278 1353 2314 indicantur
1367 2279 1550 2323 vaticinia,
1573 2279 1696 2314 anel-

1039 2335 1151 2385 phico
1173 2334 1244 2371 deo
1276 2335 1468 2384 Spartanis
1498 2334 1598 2370 edita
1618 2341 1654 2371 et
1674 2346 1696 2370 a

1040 2392 1210 2440 regibus,
1242 2392 1378 2442 quibus
1400 2403 1421 2426 a
1441 2391 1586 2442 Pythiis
1607 2403 1696 2427 ora-

1041 2449 1213 2484 culorum
1236 2446 1323 2484 hinc
1352 2449 1508 2484 consciis
1535 2446 1696 2484 tradun-

1040 2511 1122 2550 tur,
1164 2504 1358 2542 custodita.
1417 2505 1586 2540 Pertinet
1621 2502 1696 2540 1100

1043 2560 1090 2596 ad
1118 2560 1388 2598 sacerdotalem
1425 2561 1530 2597 illam
1561 2573 1697 2611 regum

1044 2616 1289 2666 dignitatem,
1319 2617 1366 2655 de
1397 2617 1472 2670 quii
1502 2615 1579 2655 vid.
1599 2623 1696 2654 nott.

1042 2673 1090 2710 ad
1111 2675 1171 2721 VI,
1193 2675 1261 2715 56.

1098 2730 1269 2778 (δικάζειν
1314 2727 1357 2769 δὲ
1398 2726 1573 2781 μούνους
1601 2725 1694 2775 τούς

1041 2787 1222 2837 βασιλέας
1240 2783 1382 2827 τοσάδε
1404 2787 1560 2837 μοῦνα]
1613 2787 1693 2822 Ne-

1041 2844 1185 2880 minem
1204 2845 1301 2895 fugit
1319 2844 1490 2881 consulto
1515 2844 1694 2880 Nostrum
