1870 3249
370 232 1024 269 TERPSICHORE.
1084 233 1128 268 V.

1304 230 1387 272 155

86 347 104 383 4
118 345 195 399 τῆς
217 339 369 393 πόλιος
391 341 451 393 ὦς
471 342 606 385 εἴκοσι
628 338 783 396 ἀπέχει.
820 340 1105 397 ἱδρυσάμενοι
1123 341 1169 384 δὲ
1181 340 1229 384 ἐν
1246 340 1388 396 τούτῳ

116 413 178 468 τῷ
204 410 345 468 χώρῳ,
376 411 560 467 θυσίῃσί
588 409 632 452 τέ
669 421 783 464 σφεα
812 410 886 452 καὶ
904 415 1074 465 χοροῖσι
1092 411 1392 465 γυναικηίοισι
1407 417 1446 448 10

115 477 368 534 κερτόμοισι
381 477 627 529 ἱλάσκοντο,
659 481 860 533 χορηγῶν
885 475 1274 533 ἀποδεικνυμένων
1291 478 1384 521 {xa-

113 545 216 604 τέρῃ
248 550 338 589 τῶν
377 545 602 602 δαιμόνων
641 545 744 589 δέκα
774 544 969 597 ἀνδρῶν’
1026 551 1169 596 κακῶς
1205 545 1252 590 δὲ
1287 544 1386 602 ἦγό-

114 629 249 668 ρευον
289 614 334 657 οἷ
369 614 493 670 χοροὶ
537 613 680 667 ἄνδρα
717 614 797 670 μὲν
826 613 1010 662 οὐδένα,
1049 613 1126 665 τὰς
1156 614 1201 657 δὲ
1231 613 1387 670 ἐπιχω·

113 683 211 736 ριάς
249 686 476 738 γυναῖκας.
515 676 630 739 ἦσαν
660 682 705 726 δὲ
744 682 816 726 καὶ
847 688 961 726 τοῖσι.
986 681 1303 736 Ἐπιδαυρίοισι
1344 684 1390 725 αἱ

113 754 312 794 τοιαῦται
335 751 550 807 ἷροργίαι·
581 751 659 794 εἰσὶ
684 750 730 795 δέ
758 762 839 806 σφι
861 752 934 794 καὶ
961 751 1150 808 τ’ἱῤῥητοι
1180 751 1386 806 ἱροργίαι.
1404 757 1444 790 15

56 927 97 962 in
117 927 214 963 colle
233 928 361 963 minus
391 925 540 963 editiori
559 927 726 962 cernitur

61 982 109 1019 ad
130 984 237 1020 cuius
255 982 426 1020 radicem
445 997 549 1019 nunc
570 983 724 1019 inveni-

56 1047 119 1076 tur
152 1040 310 1077 ecclesia
346 1041 466 1091 Agios
494 1040 722 1087 Demetrius,

57 1110 79 1134 e
99 1103 273 1134 veterum
294 1096 555 1134 aedificiorum
583 1096 723 1148 lapidi—

56 1154 127 1191 bus
162 1155 379 1191 maximam
398 1161 549 1205 partem
571 1161 723 1191 exstru-

57 1217 130 1248 cta.
189 1213 247 1247 De
292 1224 369 1263 quo
411 1213 556 1262 optime
588 1210 721 1262 dispu-

37 1264 153 1305 (tasse
172 1268 292 1305 fertur
320 1268 530 1305 Mustoxidi
549 1270 589 1305 in
610 1269 720 1314 libro,

61 1326 128 1377 qui
159 1325 378 1362 inscribitur
396 1326 588 1377 Αἰγιναία
608 1339 665 1362 nr.
695 1325 721 1366 5

58 1394 146 1433 pag·
171 1382 435 1424 158—166:
467 1381 558 1435 περὶ
585 1384 659 1421 τοῦ
680 1381 722 1421 ἐν

61 1438 204 1493 Αἰγίνῃ
217 1437 480 1490 νομιζομένου
496 1442 569 1479 τοῦ
579 1441 722 1477 πανελ-

58 1495 198 1544 ληνίου
247 1494 347 1543 Διός
393 1498 497 1535 ναοῦ
537 1497 719 1536 εἰκασίαι.

56 1551 158 1589 Add.
178 1553 324 1590 Blatter
342 1553 405 1590 fiir
423 1554 563 1593 literar.
577 1554 722 1590 Unter-

56 1607 234 1660 haltung.
258 1612 366 1651 1832
384 1624 443 1648 nr.
458 1611 538 1652 358
560 1625 598 1662 p-
614 1609 721 1651 1499

58 1674 95 1703 et
105 1680 163 1703 nr.
177 1667 257 1708 359
267 1681 305 1718 p.
323 1666 426 1708 1501
437 1681 515 1720 seq.
536 1668 592 1704 Ac
602 1680 724 1718 prope

55 1723 151 1759 illud
163 1724 282 1760 Oeam
294 1724 388 1760 olim
398 1725 509 1761 sitam
518 1725 725 1762 fuisse‘veri

57 1780 100 1816 fit
116 1781 353 1817 simillimum
376 1794 396 1817 e
416 1783 546 1820 multis
573 1781 725 1818 ruderi-

57 1837 128 1873 bus
140 1837 304 1885 aedium‚
317 1839 509 1887 sepulcris,
521 1839 613 1886 aliis,
628 1851 726 1890 quae

58 1905 163 1929 mmc
177 1894 230 1930 ibi
249 1896 510 1944 reperiuntur,
535 1894 584 1931 ad
605 1896 728 1932 Oeam

59 1950 198 1986 urbem
218 1952 388 1986 maxime
398 1952 642 2001 pertinentia,
653 1964 727 1988 cu-

59 2006 118 2042 ius
139 2013 293 2057 portum
312 2008 469 2044 invallis
480 2009 588 2044 exitu
608 2008 726 2044 fuisse

61 2063 272 2099 etiamnum
282 2065 320 2100 in
326 2063 452 2101 dicant
465 2063 601 2101 rudera
613 2077 727 2117 quae-

61 2118 163 2166 dam,
188 2121 327 2170 viginti
347 2120 467 2158 stadia
487 2134 590 2170 sane,
610 2123 727 2172 plane

58 2183 101 2212 ut
130 2176 346 2214 Herodotus
385 2179 515 2216 scribit
528 2208 537 2226 ,
590 2179 636 2215 ab
679 2191 725 2216 eo

58 2233 143 2270 loco
157 2240 315 2282 remota,
328 2247 405 2286 quo
423 2235 544 2272 Oeam
552 2243 724 2272 veterem

55 2290 170 2327 fuisse
189 2291 301 2328 sitam
323 2305 343 2327 e
369 2293 632 2330 monumentis
652 2293 724 2330 illis

59 2345 185 2384 adhuc
214 2347 374 2385 residuis
394 2350 531 2386 merito
552 2351 723 2400 colligas.

56 2404 208 2441 Monuit
246 2406 548 2443 accuratissimus
585 2405 725 2443 harum

57 2461 262 2511 regionum
275 2470 530 2512 perscrutator
539 2462 723 2516 idemque

57 2519 159 2554 testis
179 2520 420 2568 gravissimus
458 2521 516 2557 De
543 2519 722 2558 Stackel-

57 2574 153 2625 berg
178 2575 299 2624 (conf.
328 2577 407 2613 Der
435 2577 721 2629 Apollotempel

59 2644 107 2667 zu
143 2632 280 2669 Bassae
323 2645 412 2684 pag.
446 2636 555 2684 108)
597 2635 720 2686 plura,

58 2687 163 2740 quod
173 2701 379 2739 speramus,
392 2691 723 2742 aliquando-enar—

59 2751 206 2782 raturus
239 2752 275 2782 et
311 2749 543 2784 accuratiora
574 2747 622 2785 de
652 2747 721 2796 his,

61 2814 160 2853 quae
180 2816 283 2839 nunc
298 2802 453 2855 quidem
472 2817 548 2841 non
560 2806 631 2841 nisi
652 2804 722 2842 de—

60 2857 177 2895 libare
199 2860 316 2897 licuit.
375 2859 486 2898 Unde
517 2860 720 2901 Chandler.

783 925 913 974 (Reise
947 928 987 962 in
1026 924 1324 966 Griechenland.
1359 938 1444 975 cap.

780 983 833 1018 IV
863 995 952 1034 pag.
977 980 1030 1023 24
1060 983 1170 1035 seq.)
1198 989 1236 1019 et
1264 980 1445 1019 Dodwel-

779 1040 863 1076 lum
895 1039 1008 1088 (ltin.
1038 1041 1097 1087 II,
1128 1043 1148 1079 1
1179 1052 1271 1091 pag.
1303 1038 1354 1079 15
1383 1038 1445 1076 ed.

778 1097 952 1147 vernae.)
972 1097 1274 1147 multumlapsos
1287 1109 1365 1133 esse
1376 1110 1447 1146 ap-

777 1160 888 1204 paret
901 1184 910 1201 ‚
943 1167 1069 1205 quum
1088 1155 1345 1191 recentiorem
1364 1155 1445 1190 Ae-

777 1211 892 1260 ginae
931 1212 1069 1247 urbem
1106 1212 1146 1247 in
1185 1212 1272 1248 loco
1308 1211 1445 1246 veteris

779 1268 881 1304 Oeae
916 1268 1164 1319 probabiliter
1203 1269 1297 1319 poni
1336 1280 1445 1317 posse

779 1326 1053 1362 existimarent.
1083 1347 1140 1352 —
1189 1327 1290 1361 Ante
1330 1325 1447 1361 verba

780 1379 924 1421 στάδια
955 1379 998 1421 δὲ
1022 1377 1194 1432 μα’-λιστα
1213 1398 1264 1432 κη
1287 1397 1323 1420 ν..
1348 1397 1380 1422 τ.
1411 1385 1446 1420 λ.

779 1446 912 1476 mente
931 1438 1188 1491 repetendum
1217 1437 1246 1490 ἦ
1265 1453 1296 1476 s.
1319 1436 1445 1489 αὐτῆς

778 1495 826 1533 de
856 1509 933 1549 quo
959 1510 1031 1534 usu
1063 1497 1166 1534 conf.
1188 1503 1284 1534 nott.
1307 1495 1355 1533 ad
1375 1498 1443 1543 HI,

778 1551 845 1595 34.

837 1610 1007 1666 θυσίῃσί
1019 1625 1059 1650 τε
1079 1623 1183 1661 σφεα
1206 1609 1272 1649 καὶ
1292 1613 1446 1660 χοροῖσι

777 1668 1050 1720 γυναικηίοισι
1089 1663 1317 1719 κερτόμοισι
1355 1662 1445 1705 ἱλά-

780 1726 941 1774 σκοντο]
963 1726 1078 1762 Liber
1099 1727 1199 1762 Flor.
1214 1724 1333 1764 habet
1353 1739 1446 1774 κερ-

781 1784 954 1837 τομίῃσι,
964 1782 1069 1819 unde
1082 1781 1266 1833 Schwgh.
1279 1783 1447 1833 placeret

781 1839 1015 1893 κερτομίῃσί
1024 1853 1064 1878 τε
1073 1840 1157 1878 vel:
1187 1838 1255 1877 καὶ
1268 1837 1446 1889 κερτομί-

783 1907 864 1948 vm·
915 1895 979 1932 Ad
998 1897 1122 1946 ipsam
1141 1896 1376 1932 locutionem
1397 1893 1447 1930 cf.

782 1953 830 1999 V,
849 1954 917 1993 47.
954 1950 1113 2003 Χοροΰς
1125 1948 1345 2003 κερτόμους
1366 1954 1447 1988 He-

783 2007 939 2046 rodotus
967 2008 1063 2046 dixit
1084 2009 1218 2062 (quod
1239 2011 1325 2047 satis
1345 2008 1448 2046 iudi-

784 2073 873 2103 cant
892 2067 1007 2103 verba
1019 2066 1125 2119 seqq.
1146 2068 1280 2113 κακῶς
1292 2065 1334 2105 δὲ
1347 2062 1447 2117 ἠ’γό·

784 2137 902 2174 ρευον
922 2139 960 2162 κ.
982 2138 1016 2161 τ.
1037 2126 1071 2162 λ.
1089 2125 1105 2173 )
1142 2123 1260 2160 choros
1291 2123 1447 2161 cavilla-

783 2181 889 2216 torz'os
908 2193 936 2217 s.
957 2180 1142 2218 mordacia
1173 2181 1273 2218 dicta
1297 2182 1447 2232 proiici-

780 2239 886 2273 entes.
947 2237 1049 2282 Quos
1077 2236 1213 2275 choros
1235 2251 1447 2290 eorumque

782 2294 1040 2331 cavillationes
1065 2308 1156 2332 cum
1186 2299 1378 2348 γεφυροῖς
1397 2295 1447 2331 il-

781 2351 846 2398 lis,
897 2364 996 2403 quae
1022 2353 1060 2388 in
1089 2353 1292 2389 Eleusiniis
1316 2353 1446 2389 locum

782 2405 973 2457 habuere,
1020 2416 1107 2460 apte
1142 2416 1368 2460 comparant
1402 2409 1445 2445 C.

782 2465 826 2502 Ο.
847 2466 998 2504 Mtiller.
1041 2467 1231 2516 Aeginett.
1253 2479 1339 2517 pag.
1368 2467 1446 2506 170

780 2528 818 2558 et
839 2522 1015 2561 Creuzer.
1049 2524 1225 2574 Symbol.
1260 2524 1311 2560 IV
1332 2536 1369 2573 p.
1391 2520 1444 2561 44

779 2579 865 2616 coll.
887 2579 992 2627 529,
1025 2582 1091 2632 qui
1122 2592 1257 2617 eorum
1290 2590 1445 2631 quoque

776 2634 839 2672 hi'c
861 2637 1050 2673 rationem
1071 2636 1202 2674 haberi
1230 2638 1323 2683 vult,
1346 2647 1444 2687 quae

781 2692 828 2728 ab
859 2694 1058 2746 Aegyptiis
1087 2693 1135 2730 ad
1166 2693 1350 2730 Bubastin
1380 2704 1445 2728 so-

781 2750 900 2785 lemni
949 2764 1093 2802 pompa
1149 2748 1444 2801 procedentibus

780 2807 861 2842 fieri
872 2808 1055 2854 solebant,
1077 2814 1169 2844 teste
1184 2805 1380 2843 Herodoto
1395 2806 1443 2852 ΙΙ,

781 2865 849 2909 60,
871 2864 937 2900 ubi
970 2863 1070 2901 conf.
1091 2870 1189 2901 nott.
1248 2862 1355 2900 Idem
1378 2862 1444 2901 Cr.
