1834 3258
412 250 888 288 POLYMNIA.
949 250 1053 288 V11.

1273 253 1357 292 6⁰9

90 360 229 414 τέρων
256 357 524 415 δεξαμένοισι
554 360 636 415 τὴν
665 359 833 414 Ξέρξεω
865 360 1073 416 στρατιὴν
1101 359 1174 403 καὶ
1193 360 1353 403 δειπνί-

91 440 191 473 σασι
223 427 502 482 Ἀντίπατρος
539 425 562 471 ὁ
595 427 775 484 Ὀργέος
827 426 1139 483 ἀραιρημένος,
1179 431 1269 470 τῶν
1305 427 1354 471 α’-
1371 435 1408 469 15

91 501 205 541 στῶν
239 493 351 552 α’νὴρ
390 494 572 550 δόκιμος
610 493 742 552 ὁμοῖα
780 498 842 553 τῷ
874 494 1073 552 μάλιστα,
1105 493 1277 547 ἀπέδεξε
1307 494 1351 546 ἐς

90 563 137 607 τὸ
168 565 346 607 δεῖπνον
372 563 629 618 τετρακόσια
657 564 845 608 τάλαντα
880 561 1095 619 ἀργυρίου
1118 565 1352 619 τετελεσμέ-

88 647 156 675 να.
205 629 287 682 “Ὼς
336 631 382 675 δὲ
419 633 731 689 παραπλησίως
767 632 843 675 καὶ
888 632 934 674 ἐν
963 635 1065 688 τῇσι
1092 630 1248 687 ἄλλῃσι
1276 631 1351 676 πό-

87 703 173 743 λισι
203 700 248 742 οἱ
276 698 527 751 ἐπεστεῶτες
557 698 872 744 ἀπεδείκνυσαν
899 698 978 742 τὸν
1016 698 1161 754 λόγον.
1197 699 1247 742 τὸ
1266 699 1351 754 γάρ

87 769 267 810 δεῖπνον
302 766 474 811 τοιόνδε
513 784 555 811 τι
583 768 772 824 ἐγίνετο,
810 764 881 812 οἶα
911 767 958 811 ἐκ
987 770 1156 810 πολλοῦ
1184 766 1351 823 χρόνου

57 835 430 890 Ξπροειρημένον,
471 836 544 879 καὶ
583 837 681 892 περὶ
711 839 878 879 πολλοῦ
903 834 1178 889 ποιεύμενον.
1218 839 1351 879 τοῦτο
1365 844 1409 877 ΞΟ

83 902 184 959 μὲν,
218 902 276 953 ὦς
306 902 527 947 ἐπύθοντο
559 903 735 960 τάχιστα
762 907 852 947 τῶν
881 902 1087 960 κηρύκων
1115 906 1205 946 τῶν
1233 919 1350 958 περι-

86 969 396 1026 αγγελλόντων,
427 969 668 1028 δασάμενοι
698 977 821 1016 σῖτον
851 970 898 1014 ἐν
926 976 1026 1028 τῇσι
1054 971 1201 1014 πόλισι
1231 973 1275 1014 οἷ
1304 970 1352 1015 οἶ-

85 1039 206 1091 στοὶ,
236 1038 397 1094 ἄλευρά
424 1056 470 1083 τε
498 1041 571 1084 καὶ
605 1039 767 1096 ἄλφιτα
796 1039 969 1083 ἐποίευν
999 1040 1156 1090 πάντες
1178 1040 1246 1083 ἐπὶ
1276 1044 1351 1097 μῆ-

83 1123 165 1157 νας
202 1106 410 1163 συχνούς·
461 1112 591 1152 τοῦτο
624 1108 683 1158 δὲ,
715 1107 873 1163 κτήνεα
904 1108 1163 1160 σιτεύεσκον,
1196 1108 1406 1162 ἐξευρί-Ξὸ

82 1186 260 1227 σκοντες
289 1179 415 1232 τιμῆς
440 1177 493 1220 τὰ
522 1176 743 1229 κάλλιστα,
775 1174 963 1231 ἔτρεφόν
982 1191 1026 1219 τε
1048 1175 1234 1230 ὄρνιθας
1261 1192 1352 1232 χερ-

27 1371 188 1410 florenn.
212 1371 265 1413 48
289 1374 491 1424 crucigerr.
521 1377 601 1413 Nec
612 1376 686 1414 alio

3 1441 139 1467 „sensu
150 1428 433 1483 mox-dicuntur
448 1431 489 1470 οἵ
500 1430 687 1473 ἐπεστεῶ-

27 1499 89 1534 τες
99 1481 390 1526 ἆπεὸείκνυσαν
400 1484 470 1527 τὸν
483 1485 601 1541 λόγον
613 1491 637 1529 i.
651 1504 685 1530 e.

25 1543 162 1593 publice
169 1543 341 1594 praefecti
353 1545 407 1582 his
425 1545 537 1595 epulis
557 1560 688 1597 expen-

28 1613 146 1637 sarum
175 1600 318 1638 tabulas
340 1615 366 1638 s.
394 1604 551 1640 rationes
587 1604 687 1641 exhi-

28 1656 188 1695 buerunt.
221 1679 278 1685 ——
334 1657 398 1694 Ad
411 1672 548 1696 vocem
570 1656 687 1712 οἷραι-

27 1712 197 1766 ρημένος
230 1714 308 1752 vid.
334 1722 432 1754 nott.
455 1715 504 1752 ad
518 1717 600 1764 VH,
632 1719 683 1757 83

28 1777 66 1808 et
84 1770 133 1808 ad
152 1784 264 1808 voces
289 1770 405 1822 ὁμοῖα
437 1775 494 1825 τῷ
517 1770 686 1824 μάλιστα

26 1829 203 1878 proxime
223 1828 534 1867 antecedentibus
564 1843 686 1866 anne-

22 1883 180 1936 *ctendas
199 1886 267 1930 111,
290 1888 314 1925 8
335 1886 464 1937 ibique
485 1887 610 1924 allata.
633 1910 683 1914 —

25 1939 276 1991 τετελεσμένα
312 1940 418 1978 idem
458 1956 536 1979 esse
572 1950 687 1994 atque

27 1995 332 2047 δεδαπανημένα
361 1997 471 2036 docet
502 1998 685 2038 Valcken.

27 2054 146 2090 citans
166 2051 307 2093 Athen.
329 2055 365 2090 ΙΙ
383 2068 420 2105 p.
438 2054 491 2095 40
509 2056 557 2092 Ε.

224 2166 316 2217 Cap.
350 2167 489 2206 CXIX.

85 2239 152 2284 οἷα
188 2243 233 2284 ἐκ
255 2248 408 2285 πολλοῦ
430 2243 575 2298 χρόνον
590 2261 688 2298 προ·

15 2299 262 2352 ἐιρημένον]
296 2303 353 2342 Cf.
373 2304 454 2351 VH,
472 2307 539 2345 32.
581 2305 688 2349 Quae

30 2365 239 2410 sequuntur
288 2360 405 2397 verba
452 2360 685 2411 (δεῖπνον)

29 2413 97 2453 καὶ
125 2414 217 2466 περὶ
254 2419 406 2455 πολλοῦ
443 2413 686 2468 ποιεύμενον

30 2468 412 2522 Schweighaeuserus
434 2473 481 2511 de
502 2488 606 2512 coena
621 2475 685 2511 in-

29 2527 181 2578 telligit,
233 2541 322 2578 quae
358 2542 491 2579 magna
520 2544 606 2568 cura
636 2534 686 2568 est

28 2588 224 2634 apparata,
263 2597 384 2636 quum
414 2586 504 2637 περὶ
534 2589 686 2628 πολλοῦ

29 2644 233 2680 ποιεῖσθαι
257 2642 422 2680 crebrius
438 2642 539 2694 apud
560 2646 685 2680 Hero-

31 2693 162 2734 dotum
193 2705 392 2735 occurrat:
436 2700 586 2749 plurimi
616 2700 684 2749 fa·-

11 2764 101 2790 ,σει-ε
131 2754 271 2804 aliquid
312 2755 462 2805 indeque
491 2755 685 2806 plurimum

32 2819 150 2858 operae
164 2824 290 2860 ponere
307 2814 341 2848 in
360 2811 484 2862 aliqua
501 2825 550 2859 re,
581 2813 631 2848 ita
642 2818 685 2848 ut

31 2868 177 2916 proprie
197 2866 236 2904 h.
257 2868 283 2906 l.
305 2869 536 2919 intelligatur
553 2881 671 2905 coena

86 2923 306 2962 Hanonor.
337 2926 405 2962 111.
673 2897 686 2923 ²

744 1373 793 1411 ad
820 1386 938 1426 quam
958 1373 1127 1410 multum
1147 1386 1284 1426 operae
1312 1388 1408 1412 con-

742 1433 913 1468 tulerunt
932 1431 1002 1467 rite
1033 1431 1307 1481 appui-andam.
1348 1433 1406 1468 Cf.

742 1490 771 1537 Ι,
793 1491 860 1529 73.
880 1488 946 1537 VI,
972 1487 1064 1528 104.
1086 1489 1167 1537 VH,
1192 1491 1285 1529 181.

801 1551 950 1606 ἄλευρά
970 1569 1011 1594 τε
1028 1553 1095 1594 καὶ
1128 1553 1275 1606 ἄλφιτα
1297 1555 1409 1596 ἐποί-

744 1614 840 1661 ευν]
881 1610 1188 1662 Schweighaeus.
1220 1614 1410 1664 interpre-

742 1677 865 1708 tatur:
906 1668 1071 1718 farinam
1116 1677 1152 1706 et
1178 1670 1359 1720 polentam
1387 1684 1409 1707 e

742 1727 937 1764 frumento
972 1727 1060 1777 ipsis
1083 1725 1280 1764 djstributo
1295 1740 1409 1777 para-

743 1785 839 1823 bant.
899 1783 950 1819 At
989 1782 1195 1823 ἐποιεῦντο
1223 1785 1264 1819 in
1299 1796 1406 1835 seqq.

744 1847 819 1878 est:
853 1838 1023 1883 facienda
1046 1840 1116 1876 sz'bz'
1142 1840 1312 1877 curabant
1338 1853 1410 1890 po-

743 1897 825 1934 cula
838 1909 886 1932 ex
906 1902 997 1932 nota
1015 1897 1122 1932 verbi
1149 1895 1268 1932 medii
1287 1896 1408 1946 signi—

743 1953 933 1990 ficatione.
1000 1953 1100 1989 Hinc
1128 1951 1348 1989 Athenaeus
1382 1953 1407 1989 l.

743 2010 769 2048 l.
802 2007 918 2045 habet
946 2009 1220 2059 παρετίθεντο.
1278 2011 1409 2046 Accu-

745 2067 860 2103 ratius
881 2065 912 2102 si
923 2063 1154 2115 distinguere
1164 2066 1274 2110 velis,
1287 2063 1406 2105 ἄλευ-

747 2137 796 2174 ρα
830 2122 899 2159 erit
921 2120 1055 2172 farina
1079 2125 1229 2164 triticea,
1259 2120 1407 2172 ἄλφιτα

738 2180 872 2231 farina
887 2177 1070 2226 hordacea,
1093 2186 1186 2217 teste
1206 2180 1364 2217 Polluce
1375 2181 1406 2228 1,

746 2236 842 2278 247.
898 2233 984 2272 Vid.
1027 2236 1168 2273 Sturzii
1204 2238 1299 2274 Lex.
1330 2238 1408 2274 Xe-

743 2292 932 2344 nophont.
962 2293 980 2328 1
998 2306 1087 2343 pag.
1116 2296 1192 2334 123
1215 2294 1301 2331 coll.
1326 2293 1406 2335 147

745 2357 782 2387 et
803 2347 986 2400 Stephan.
1009 2349 1129 2387 Thes.
1157 2352 1203 2388 L.
1225 2352 1290 2388 Gr.
1310 2351 1346 2387 Π
1365 2364 1405 2402 p.

746 2408 849 2448 1801
893 2407 940 2442 D.
971 2412 1009 2443 et
1040 2408 1143 2447 1901
1176 2408 1225 2448 D.
1259 2429 1309 2436 —
1340 2406 1404 2444 Ad

741 2463 964 2515 imperfecta
977 2458 1218 2512 σιτεύεσκον,
1231 2463 1401 2514 ἔχεσκον,

742 2518 992 2567 ποιεέσκετο,
1022 2516 1332 2568 ἀπελαύνεσκον,
1360 2521 1401 2556 in

743 2578 880 2629 quibus
909 2577 1006 2613 inest
1034 2577 1191 2615 actionis
1221 2578 1402 2626 repetitae

740 2635 870 2682 notio,
894 2633 996 2670 conf.
1017 2634 1131 2671 citata
1152 2632 1199 2669 ad
1220 2633 1300 2678 VII,
1323 2633 1399 2671 106

742 2697 780 2727 et
810 2689 858 2727 de
886 2690 1011 2727 forma
1036 2688 1123 2729 ἔσκε
1149 2690 1227 2727 citt.
1260 2687 1310 2725 ad
1339 2687 1400 2734 VI,

745 2748 840 2787 133.

798 2811 1087 2865 ἐξευρίσκοντες
1102 2813 1220 2862 τιμῆς
1236 2808 1286 2850 ταὶ
1301 2807 1398 2850 κᾶλ-

743 2869 878 2918 λιστα]
918 2870 944 2906 i.
973 2881 1007 2906 e.
1033 2867 1271 2963 pusslglaenima
1293 2880 1397 2917 quae-
