1789 3213
0 1403 47 1454 '19

423 140 895 179 POLYMNIA.
952 139 1056 179 v11.

1288 138 1374 179 685

117 253 510 306 ,,συνελευθεροῦν,
554 247 623 294 ἀπ’
664 244 727 294 ὧν
763 248 870 305 ὑμῖν
897 246 1080 304 μεγάλαι
1119 245 1301 304 ὠφελίαι
1328 262 1373 289 τε

117 321 216 373 ,,καὶ
251 317 500 374 ἐπαυρέσιες
529 319 751 374 γεγόνασι·
783 317 885 361 οὔτε
915 316 1017 374 ἐμεῦ
1054 318 1195 360 εἵνεκα
1221 313 1429 371 ἥλθετεΞΟ

115 386 450 444 ,,βοηθήσουτες,
480 385 580 430 οὕτε
613 386 691 430 τόν
717 386 915 438 Δωριέος
944 384 1088 441 φόνον
1117 380 1373 438 ἐκπρηξόμε-

115 471 232 508 ,,νοι·
279 454 328 499 τό
357 456 403 499 δὲ
433 452 523 499 κατ’
552 454 705 511 ὑμέας,
743 451 846 496 τάδε
885 452 1054 496 ἅπαντα
1083 450 1174 496 ὑπὸ
1213 448 1374 507 βαρβα-

86 531 264 578 3,,ροισι
300 522 484 580 νέμεται.
544 521 655 566 αλλὰ
694 516 743 565 εὖ
783 520 867 577 γὰρ
908 519 1012 576 ἡμῖν
1041 520 1114 562 καὶ
1144 519 1210 562 ἐπὶ
1239 517 1288 562 τὸ
1321 516 1371 560 ἅ-

115 608 295 648 ,,μεινον
324 590 530 647 κατέστη·
565 595 649 634 νῦν
670 592 730 640 δὲ,
760 587 904 644 ἐπειδὴ
934 585 1218 642 περιελήλυθε
1243 584 1266 629 ὁ
1289 585 1372 629 πό-

114 664 268 716 ,,λεμος
305 659 378 704 καὶ
416 656 592 702 ἀπῖκται
631 659 673 710 ἐς
712 658 866 714 ὑμέας,
911 657 1026 701 οὕτω
1072 655 1125 713 δή
1175 655 1374 706 Γέλωνος

84 731 329 785 4,,μνῆστις
357 727 520 783 γέγονε.
558 726 742 783 Ἀτιμίης
771 726 817 770 δὲ
845 725 958 780 πρὸς
986 723 1134 781 ὑμέων
1164 723 1372 781 κυρήσας,
1384 730 1429 764 25

112 793 225 847 ,,οὕκ
255 794 527 851 ὁμοιώσομαι
554 793 684 851 ὑμῖν,
713 792 801 837 ἀλλ’
833 793 1001 850 ἑτοῖμος
1028 794 1127 849 Εείμι
1155 791 1373 849 βοηθέειν,

112 862 430 919 ,,παρεχόμενος
460 865 681 919 διηκοσίας
699 878 744 905 τε
765 862 981 918 τριήρεας,
1013 863 1085 905 καὶ
1117 862 1374 914 δισμυρίους

112 930 338 983 ,,ὁπλίτας,
370 932 442 974 καὶ
473 933 683 988 δισχιλίην
703 932 847 982 ἵππον,
879 932 952 974 καὶ
982 930 1219 986 δισχιλίους
1255 925 1376 979 τοξό-

113 1015 239 1051 ,,τας,
277 999 350 1042 καὶ
388 1002 624 1056 δισχιλίους
665 998 982 1055 σφενδονήτας,
1026 998 1100 1041 καὶ
1139 996 1374 1051 δισχιλίους

112 1065 440 1123 ,,ἷπποδρόμους
478 1067 656 1119 ψιλούς’
687 1066 809 1110 σῖτόν
839 1083 884 1109 τε
917 1065 1066 1122 ἁπάσῃ
1089 1069 1142 1122 τῇ
1158 1062 1376 1120 Ἑλλήνων

113 1138 305 1192 στρατιῇ,
333 1134 415 1179 ε”στ
445 1135 501 1179 ἂν
529 1134 923 1191 διαπολεμήσωμεν,
940 1133 1214 1190 ὑποδέκομαι
1234 1135 1370 1188 παρέ-
1383 1143 1432 1179 30

84 1208 103 1242 5
115 1203 241 1255 ,,.ξειν

296 1200 389 1247 Ἐπὶ
418 1204 464 1248 δὲ
496 1202 613 1260 λόγῳ
642 1204 796 1259 τοιῷδε
824 1202 926 1245 τάδε
963 1202 1214 1258 ὑπίσχομαι,
1245 1202 1305 1246 ἐπ’
1340 1200 1375 1261 ᾧ

111 1270 378 1328 ,,στρατηγός
413 1288 458 1315 τε
497 1272 570 1315 καὶ
605 1270 779 1328 ἡγεμωυ
829 1275 919 1314 τῶν
951 1269 1170 1326 Ἑλλήνων
1222 1271 1375 1328 ε’σομαι

112 1339 250 1392 ,,πρός
288 1340 367 1383 τόν
407 1338 658 1396 βάρβαρον·
699 1337 764 1383 ἐπ’
808 1337 923 1396 ἄλλῳ
964 1337 1010 1382 δὲ
1048 1337 1162 1396 λόγῳ
1200 1337 1290 1382 οὔτ’
1321 1340 1376 1383 ἂν

113 1405 273 1459 ,,αὐτὸς
309 1408 509 1465 ἔλθοιμι,
547 1406 636 1452 οὔτ’
667 1407 723 1452 ἂν
756 1406 915 1459 ἄλλους
943 1406 1201 1463 πέμψαιμι.“
1265 1411 1432 1452 Ταῦ-35

57 1627 136 1678 legi
171 1628 318 1667 mavult
351 1626 586 1682 ἔπαυρέσις)
627 1630 714 1667 coll.

60 1684 242 1737 Thucyd.
262 1687 310 1734 Π,
342 1685 409 1727 53.

113 1761 157 1804 τὸ
191 1761 234 1803 δὲ
257 1760 341 1803 κατ’
364 1763 518 1814 ὑμέας]
558 1765 714 1802 Retinui

63 1817 118 1868 δὲ,
151 1821 256 1857 cuius
276 1821 361 1857 loco
387 1820 713 1872 Schweighaeus„

59 1877 176 1914 Gaisf.
206 1883 242 1913 et
270 1876 438 1916 Bekker.
470 1877 654 1915 dederant
672 1892 713 1917 τε

59 1945 80 1968 e
111 1931 196 1969 cod.
226 1933 393 1970 Florent.
423 1935 574 1986 alioque
602 1935 714 1971 libro.

55 1987 119 2026 Ad
139 1988 346 2026 dictionem
366 1990 464 2030 conf.
484 1989 619 2028 Matth.
647 1992 714 2028 Gr.

58 2046 124 2084 Gr.
147 2047 184 2091 §.
206 2044 286 2086 587
308 2047 346 2084 b.
365 2060 453 2098 pag.
469 2048 590 2089 1153.
621 2049 715 2085 MOX

56 2117 213 2141 απαντα
243 2101 336 2153 (pro
367 2100 498 2143 πάντα
530 2103 632 2156 quod
652 2118 715 2140 re-

55 2159 170 2196 tinuit
196 2157 366 2197 Bekker.
379 2163 397 2207 )
429 2174 520 2198 cum
554 2168 713 2199 recentt.

57 2213 146 2252 edd.
181 2213 349 2254 exhibui.
406 2216 470 2254 Ad
502 2218 619 2255 verba
649 2217 712 2258 ἐπὶ

56 2268 100 2311 τό
122 2268 284 2322 ἄμεινον
301 2272 465 2325 κατέστη
494 2282 623 2312 mente
643 2274 713 2312 ad-

58 2326 124 2366 das
145 2328 233 2365 licet
252 2326 300 2368 τοὶ
325 2328 557 2383 πρήγματας
578 2339 620 2370 ut
630 2333 711 2380 VII,

60 2386 153 2432 132,
167 2385 207 2421 in
219 2385 341 2424 melzus
357 2401 412 2426 res
431 2391 536 2426 vertit
552 2403 582 2426 s.
602 2391 715 2427 cessit.

57 2439 119 2477 Ad
151 2441 311 2478 verbum
330 2440 590 2497 περιελήλυθε
615 2446 715 2485 conf.

14 2495 24 2510 ³
59 2503 155 2535 nott.
178 2496 226 2534 ad
245 2498 310 2547 VI,
334 2502 426 2540 111.

117 2582 222 2627 ου’τω
264 2584 314 2638 δη
347 2586 525 2635 Γέλωνος
549 2592 716 2641 μνῆστις

59 2641 223 2696 γέγονε]
271 2645 440 2682 Pertinet
472 2644 547 2682 huc
587 2646 717 2683 obser-

58 2707 173 2737 vante
207 2699 456 2738 Valckenaer.
507 2702 716 2740 observatio

57 2756 242 2795 Demetrii
266 2756 357 2809 περὶ
378 2756 494 2810 Ἐρμ.
532 2759 570 2804 §.
602 2758 655 2799 57
683 2766 720 2797 et

771 1628 930 1681 Taylor.
950 1630 990 1666 in
1006 1625 1255 1667 Demosthen.
1271 1628 1431 1670 Midian.

769 1699 809 1737 p.
831 1689 912 1727 299
933 1700 1040 1738 seqq.

828 1743 1033 1793 διηκοσίας
1054 1757 1095 1781 τε
1113 1738 1314 1795 τριήρεας]
1357 1743 1432 1779 Ge-

769 1799 901 1835 Ionem
942 1798 1124 1836 ducentas
1161 1812 1296 1847 naves,
1354 1797 1431 1836 duo

768 1856 889 1891 millia
899 1857 1055 1907 equites,
1077 1855 1211 1892 decem
1230 1856 1349 1892 millia
1361 1869 1432 1906 pe-

773 1911 894 1948 ditum
925 1911 1138 1949 exhibuisse
1156 1911 1332 1962 Ephorus
1354 1919 1433 1949 tra-

773 1967 930 2017 diderat,
962 1976 1057 2006 teste
1088 1967 1218 2007 Schol.
1240 1968 1288 2006 ad
1317 1968 1431 2007 Pind.

771 2024 886 2076 Pyth.
931 2026 960 2073 Ι,
1015 2026 1093 2067 146
1158 2027 1244 2063 coll.
1283 2025 1429 2077 Ephor.

770 2082 950 2132 fragmm.
970 2094 1058 2133 pag.
1080 2085 1161 2123 220
1181 2085 1305 2120 Marx.
1351 2085 1432 2120 Ne-

772 2151 846 2190 que
866 2137 969 2176 hunc
988 2152 1194 2176 numerum
1221 2152 1432 2191 exaggera-

771 2202 855 2233 tum
879 2196 993 2233 fuisse
1013 2195 1104 2233 inde
1125 2197 1286 2248 colligo,
1325 2196 1430 2249 quod

770 2265 849 2290 non
869 2253 922 2290 ita
940 2254 1063 2291 multo
1082 2261 1166 2305 post
1175 2253 1334 2290 totidem
1352 2254 1430 2290 fere

769 2310 895 2360 copias
930 2311 1094 2348 emisisse
1131 2317 1307 2347 narratur
1336 2311 1432 2347 Dio-

770 2368 899 2418 nysius
934 2366 1036 2417 apud
1064 2366 1221 2404 Diodor.
1249 2369 1297 2415 Π,
1321 2367 1358 2408 5.
1377 2389 1428 2395 —-

774 2420 1050 2474 ἱπποδρόμους
1071 2426 1202 2474 equites
1220 2437 1377 2462 cursores
1398 2437 1428 2460 s.

772 2493 928 2517 cursores
959 2485 1139 2531 equestres,
1168 2479 1318 2518 Soldats
1341 2480 1430 2517 dela

774 2537 948 2574 cavalen'e
999 2537 1114 2585 legere
1160 2537 1428 2587 interpretatur

772 2591 1155 2642 Schweighaeuserus
1186 2594 1348 2630 conferri
1367 2594 1429 2629 iu-

774 2650 868 2687 bens
902 2647 1096 2687 Schaefer.
1121 2648 1168 2685 ad
1199 2650 1314 2700 Greg.
1352 2649 1429 2687 Co·-

777 2704 894 2743 rinth.
915 2719 954 2756 p.
985 2707 1049 2745 31.
1068 2707 1161 2745 870
1218 2680 1298 2742 Ado
1301 2718 1426 2743 voces:

775 2760 840 2801 ε’πὶ
872 2758 915 2801 δὲ
947 2757 1047 2815 λόγῳ
1084 2758 1359 2816 τοιῷδε-ἐπ’
1393 2757 1427 2818 ᾧ
