1815 3181
402 175 485 214 2⁰0

804 166 1264 204 HERODOTI

404 281 605 336 ,,παρέχει
635 275 846 329 σώζεσθαι
876 273 943 317 ἐπὶ
972 274 1053 330 τήν
1082 272 1295 329 ὑμετέρην
1336 273 1493 317 αὐτῶν.
1546 273 1668 328 μέχρι

404 349 508 404 „aiv
539 344 785 398 θαλάσσης,
840 341 1011 385 αὐτοῖσι
1047 342 1178 396 ὑμῖν,
1220 341 1268 384 τὸ
1311 342 1355 384 δὲ
1388 340 1472 385 ἀπὸ
1505 340 1669 384 τούτου

867 414 890 432 (ί

375 423 398 456 4
409 415 538 472 ,,ἡμῖν
566 412 648 468 ἤδη
679 408 863 467 μελήσει.

943 413 1089 452 Ταῦτα
1111 409 1156 451 δὲ
1182 407 1445 460 ἀκούσαντες
1468 411 1511 452 οῖ
1532 410 1669 454 Παίο-

404 499 492 533 νες,
521 479 657 533 κάρτα
686 493 730 520 τε
760 475 982 520 ἀσπαστὸν
1012 475 1294 532 ἐποιήσαντο,
1323 478 1395 519 καὶ
1427 475 1668 533 ἀναλαβόν-
1683 483 1724 518 15

405 567 472 601 τες
500 545 658 596 παῖδάς
687 560 730 587 τε
759 545 833 587 καὶ
860 549 1095 600 γυναῖκας,
1139 543 1461 600 ἀπεδίδρησκον
1491 545 1560 588 ἐπὶ
1587 543 1670 588 θά-

405 623 586 661 λασσαν·
626 613 670 655 οἷ
699 611 745 655 δέ
773 628 885 662 τινες
915 610 1061 655 αὐτῶν
1089 611 1162 654 καὶ
1192 612 1446 668 κατέμειναν
1476 610 1671 668 ἀρῤωδή-

377 694 397 727 5
408 697 555 733 σαντες
586 678 736 723 αὐτοῦ.

795 678 888 722 έπεί
915 696 959 723 τε
991 679 1036 723 δὲ
1075 681 1118 722 οἱ
1149 681 1336 730 Παίονες
1367 679 1572 724 ἀπικέατο
1602 680 1672 724 ἐπὶ

403 751 651 796 θάλασσαν,
691 746 896 790 ἐνθεῦτεν
925 748 967 798 ἐς
997 749 1108 791 Χίον
1152 746 1371 802 διέβησαν.
1421 747 1586 792 ἐόντων
1626 749 1673 792 δὲ

403 819 487 875 ἤδη
517 817 565 860 ἐν
595 817 711 871 Χίῳ,
749 814 860 858 κατὰ
890 815 1030 866 πόδας
1071 813 1274 872 ἐληλύθεε
1305 814 1510 869 Περσέων
1539 818 1672 867 ἵππος
1684 823 1731 872 29

378 883 564 939 6πολλὴ,
596 880 819 925 διώκουσα
847 883 950 934 τούς
982 885 1191 933 Παίονας.
1243 880 1303 933 ὦς
1333 882 1378 925 δὲ
1409 882 1462 926 οὐ
1491 885 1673 928 κατέλα-

407 955 512 1008 βον,
545 949 855 1005 ἐπηγγέλλοντο
886 950 927 1001 ἐς
958 950 1039 1007 τὴν
1060 953 1170 993 Χίον
1199 955 1314 993 τοῖσι
1340 953 1527 1003 Παίοσι,
1558 951 1673 1004 ὅκως

405 1017 460 1062 ἂν
497 1018 636 1061 ὀπίσω
675 1015 920 1061 ἀπέλθοιεν.
974 1019 1016 1062 οἱ
1053 1018 1099 1061 δὲ
1141 1019 1329 1069 Παίονες
1369 1018 1477 1071 τούς
1512 1019 1673 1074 λόγους

408 1085 490 1130 οὐκ
527 1085 796 1129 ἐνεδέκοντο·
837 1083 933 1129 ἀλλ’
967 1084 1015 1129 ἐκ
1055 1087 1169 1130 Χίου
1212 1086 1293 1142 μὲν
1321 1089 1425 1131 Χῖοί
1456 1099 1593 1142 σφεας
1629 1088 1673 1139 ἐς

407 1157 577 1210 Λέσβον
604 1152 792 1209 ἤγαγον,
834 1153 1016 1210 Λέσβιοι
1046 1155 1093 1197 δὲ
1122 1154 1165 1206 ές
1193 1155 1415 1209 Δορίσκον
1445 1155 1674 1208 ἐκόμισαν·

407 1221 609 1265 ἐνθεῦτεν
632 1219 679 1263 δὲ
706 1223 810 1276 πεζῇ
832 1220 1113 1278 κομιζόμενοι
1142 1221 1347 1266 ἀπικέατο
1377 1221 1420 1274 ἐς
1439 1224 1670 1279 Παιονίην.
1686 1229 1731 1264 25

352 1428 510 1481 παρέχει
528 1436 624 1467 nott.
643 1428 692 1467 ad
706 1430 751 1477 V,
772 1428 839 1469 49.
863 1453 912 1458 ——
935 1431 1010 1482 βα-

353 1485 478 1533 σιλέος
499 1485 585 1537 (pro
606 1487 814 1538 βασιλῆος)
829 1500 922 1523 mox
941 1488 1011 1524 de-

354 1542 392 1580 di
412 1545 582 1596 itemque
603 1539 735 1582 αὕτῶν
755 1556 824 1594 pro
846 1538 1012 1583 αὐτέων.

408 1628 535 1683 κάρτα
568 1647 608 1672 τε
641 1628 843 1672 ἀσπαστόν
873 1630 1012 1685 ε’ποιή-

353 1690 489 1738 σαντο]
522 1690 547 1726 i.
570 1702 603 1726 e.
621 1689 725 1727 valde
744 1693 923 1740 acceptum
933 1690 1014 1741 fuit

353 1744 564 1792 Paeonibus,
592 1758 762 1796 perquam
787 1751 934 1795 gratum
952 1761 1013 1785 ac—

354 1802 455 1838 cidit.
513 1802 662 1839 Eadem
691 1805 832 1840 locutio
860 1806 901 1852 Ι,
945 1807 1012 1845 62.

354 1857 464 1903 Quod
491 1861 661 1911 sequitur
704 1856 852 1906 παῖδάς
883 1874 922 1899 τε
945 1861 1014 1900 καὶ

352 1918 566 1965 γυναῖκας,
603 1916 838 1968 frequentius
858 1919 909 1954 sic
941 1917 1015 1955 dici

355 1983 472 2021 quam
509 1975 692 2024 γυναῖκες
720 1972 787 2012 καὶ
819 1975 958 2022 παῖδες
986 1989 1015 2014 ε.

354 2024 470 2064 τέκνα
490 2029 652 2076 monuit,
661 2031 790 2067 multis
810 2031 901 2068 locis
923 2033 1018 2068 alla-

355 2083 412 2129 tis,
442 2082 715 2122 Wachsmuth.
754 2088 902 2124 Hellen.
944 2089 1017 2125 Al-

356 2137 586 2176 terthumsk.
608 2141 654 2188 11,
684 2144 701 2177 I
722 2156 808 2193 pag.
834 2148 928 2185 171.
957 2147 1013 2182 Ita

356 2207 469 2244 supra
502 2194 546 2242 V,
580 2199 644 2237 14.
678 2200 723 2234 In
757 2213 830 2251 qua
849 2202 1015 2238 formula

357 2251 562 2287 articulum
608 2254 834 2307 plerumque
874 2259 1015 2306 abesse,

356 2307 529 2344 observat
559 2309 724 2346 Sintenis
754 2312 801 2348 ad
822 2313 1016 2352 Plutarch.

356 2361 607 2403 Themistocl.
650 2379 736 2416 pag.
776 2371 842 2409 68.
871 2392 928 2398 —
972 2373 1016 2408 Iu

356 2431 464 2471 seqq.
487 2416 613 2460 αὐτοῦ
643 2424 743 2459 valet
763 2425 823 2471 ibi,
864 2427 889 2463 i.
921 2442 954 2463 e.
976 2429 1016 2464 in

358 2477 455 2525 agris
491 2477 566 2513 suis
599 2478 782 2516 Asiaticis.
839 2482 900 2519 Ad
936 2484 1017 2520 for-

358 2544 463 2567 mam
487 2528 673 2572 ἀπικὲατο
706 2536 805 2572 conf.
828 2539 856 2583 1,
882 2539 959 2579 152
980 2548 1016 2577 et

358 2587 405 2623 ad
437 2589 670 2626 locutionem
698 2587 797 2629 κατά
824 2591 950 2640 πόδας
980 2595 1017 2646 (e

357 2647 522 2694 vestigio)
545 2646 728 2683 Herodot.
750 2649 818 2695 IX,
849 2652 914 2696 89,
946 2652 1017 2688 alia

357 2712 456 2750 quae
478 2702 601 2738 attulit
630 2702 794 2740 Fischer.
824 2705 869 2741 ad
904 2708 1017 2743 Wei-

359 2757 425 2793 ler.
447 2758 511 2804 111,
533 2771 621 2809 pag.
647 2762 738 2801 189.

1124 1428 1177 1478 ὥς
1199 1429 1241 1471 δὲ
1263 1425 1312 1470 οὗ
1330 1428 1549 1482 κατέλαβον
1562 1446 1600 1470 κ.
1621 1446 1655 1471 τ.
1676 1431 1731 1481 λ.]

1066 1489 1092 1524 i.
1123 1501 1156 1524 e.
1193 1488 1264 1526 Ubi
1289 1500 1370 1524 vero
1397 1488 1479 1526 illos
1519 1486 1733 1539 (fugientes)

1067 1558 1134 1582 non
1158 1549 1239 1582 sunt
1264 1547 1435 1590 assecuti,
1458 1557 1626 1595 praecone
1651 1547 1735 1583 mis-

1069 1616 1107 1638 so
1133 1601 1183 1639 ad
1213 1601 1338 1639 Chium
1367 1601 1555 1639 edixerunt
1584 1601 1737 1640 Paeoni-

1072 1659 1157 1706 bus,
1186 1662 1227 1695 ut
1254 1658 1424 1695 redirent.
1481 1658 1545 1695 Ad
1573 1660 1737 1695 verbum

1071 1710 1393 1766 καταλαμβάνειν
1431 1715 1532 1752 conf.
1569 1716 1642 1763 VI,
1681 1717 1736 1756 29

1072 1778 1109 1807 et
1125 1771 1174 1808 ad
1200 1770 1483 1822 ἐπηγγέλλοντο
1512 1771 1667 1808 laudata
1687 1770 1737 1808 ad

1070 1828 1134 1876 IV,
1158 1830 1236 1868 119
1259 1827 1357 1864 etad
1378 1825 1481 1875 ὅκως
1500 1825 1550 1867 ἂν
1569 1842 1738 1881 sequen-

1072 1891 1111 1922 te
1152 1886 1320 1934 optativo
1358 1886 1389 1931 Ι,
1430 1884 1484 1925 75
1510 1886 1595 1933 alia,
1637 1899 1736 1938 quae

1074 1940 1259 1978 Matthiae
1290 1942 1415 1978 attulit
1446 1943 1512 1979 Gr.
1544 1943 1611 1979 Gr.
1641 1955 1733 1993 pag.

1079 2001 1199 2038 1002.
1275 1997 1339 2035 Ad
1378 1993 1506 2037 ὀπίσω
1544 1993 1738 2038 ἀπελθεῖν

1074 2054 1177 2091 conf.
1199 2061 1294 2092 nott.
1317 2054 1366 2092 ad
1384 2056 1452 2103 III,
1475 2058 1540 2095 16.
1570 2056 1616 2104 V,
1639 2058 1710 2097 27.

1129 2143 1168 2191 ἐς
1196 2144 1425 2193 Δορίσκον]
1463 2146 1520 2181 Ita
1550 2146 1738 2183 vocabant

1074 2213 1181 2236 oram
1230 2200 1418 2237 Thraciae
1473 2202 1630 2252 planam
1687 2201 1736 2239 ad

1073 2263 1278 2309 utramque
1291 2259 1422 2304 Hebri,
1448 2259 1514 2310 qui
1534 2271 1637 2295 nunc
1649 2260 1737 2296 Ma-

1073 2314 1166 2350 ritza
1188 2321 1369 2361 vocatur,
1397 2315 1438 2350 in
1459 2327 1564 2352 mare
1587 2328 1738 2352 exeun-

1072 2371 1118 2406 tis
1156 2371 1298 2422 ripam,
1337 2370 1577 2408 occidentem
1607 2385 1737 2409 versus

1073 2428 1318 2477 praesertiin3
1361 2429 1400 2464 iu
1430 2441 1506 2480 qua
1545 2435 1677 2480 postea
1713 2441 1737 2466 a

1073 2484 1189 2520 Dario
1229 2485 1426 2521 castellum
1473 2485 1546 2522 fuit
1585 2492 1737 2522 exstru-

1073 2546 1191 2587 ctum,
1213 2542 1274 2577 cui
1293 2540 1397 2578 idem
1417 2541 1561 2578 Doriscz'
1579 2554 1738 2580 nomen.

1072 2594 1158 2632 Vid.
1181 2596 1324 2634 Herod.
1339 2598 1420 2644 VII,
1441 2599 1509 2646 59,
1530 2611 1579 2635 ex
1599 2611 1675 2650 quo
1700 2605 1739 2636 et

1073 2653 1218 2691 Plinius
1246 2655 1294 2690 H.
1325 2657 1372 2691 N.
1396 2655 1470 2702 IV,
1504 2657 1551 2696 11
1576 2661 1613 2691 et
1637 2655 1738 2692 Mela

1073 2710 1120 2754 11,
1143 2711 1168 2748 2
1190 2712 1226 2756 ξ.
1259 2713 1284 2752 8
1322 2711 1406 2759 (ubi
1428 2711 1477 2748 cs.
1507 2709 1737 2749 Tzschucke

1074 2771 1170 2802 nott.
1193 2779 1329 2817 exegg.
1351 2768 1435 2805 Vol.
1456 2769 1510 2804 111
1529 2768 1574 2805 P.
1593 2768 1630 2804 11
1648 2780 1737 2820 pag.
