1789 3213
426 221 894 259 POLYMNIA.
952 221 1055 260 VII.

1291 223 1374 264 753

119 329 460 388 ,,φρουρεομένη,
490 330 562 374 καὶ
582 330 857 386 Αἰγινητέων,
889 330 1067 373 καὶτῶν
1095 328 1138 380 ἐς
1165 328 1244 373 τόν
1271 347 1373 374 ναυ-

91 399 274 450 3,,τικὸν
303 397 488 453 στρατὸν
517 398 774 453 ταχθέντων.
831 399 905 441 καί
928 408 1008 453 σφι
1037 399 1101 452 εἴη
1132 396 1277 441 δεινόν
1307 396 1378 441 οὔ·

121 465 243 518 ,,δέν·
275 462 328 508 οὐ
363 464 446 519 γὰρ
475 463 584 506 θεὸν
613 463 723 508 εἶναι
755 464 832 508 τὸν
861 464 1037 508 ἐπιόντα
1080 465 1148 508 ἐπὶ
1183 465 1265 522 τὴν
1287 464 1377 509 Ἑλ-

119 533 283 585 ,,λάδα,
324 529 411 574 ἀλλ’
455 532 713 587 ἄνθρωπον·
754 531 867 576 εἶναι
914 532 960 575 δὲ
999 531 1169 588 θνητὸν
1199 532 1405 582 οὐδένα,5

120 598 250 652 »οὐδὲ
273 599 460 650 ἔσεσθαι,
493 603 554 655 τῷ
575 600 712 643 κακὸν
732 599 774 651 ἐξ
803 597 935 655 ἀρχῆς
961 600 1174 656 γινομένῳ
1195 599 1248 644 οὐ
1278 611 1377 644 συν-

91 668 324 722 4,,εμίχθη·
353 671 464 710 τοῖσι
494 667 540 710 δὲ
569 668 805 723 μεγίστοισι
836 666 996 720 αὐτῶν,
1028 667 1217 723 μέγιστοι.
1261 666 1375 723 ὀφεί-

121 738 239 786 ,,λειν
279 729 341 777 οἷν
382 734 456 777 καὶ
496 734 574 777 τόν
614 734 926 787 ἐπελαύνοντα,
958 733 1015 785 ὥς
1046 733 1170 778 ἐόντα
1195 735 1376 790 θνητὸν,

122 799 237 854 „vind
268 805 342 857 τῆς
372 800 498 858 δόξης
527 801 692 846 πεσέειν
722 800 816 846 ἅν.“
877 803 932 845 Οἱ
959 802 1017 854 δὲ,
1049 806 1186 846 ταῦτα
1204 807 1380 846 πυνθα-

0 852 58 897 ⁰4
122 868 312 926 νόμενοι,
341 868 553 926 ἐβοήθεον
582 870 625 922 ἐς
651 870 730 927 τὴν
762 874 966 926 Τρηχῖνα.
1030 861 1234 915 Τούτοισι
1262 865 1376 927 ἦσαν

64 1065 133 1102 sibi
155 1076 259 1102 curae
295 1077 377 1102 esse.
434 1065 544 1102 Conf.
582 1065 720 1103 similia

65 1133 164 1172 quae
191 1127 339 1158 exstant
363 1122 450 1169 VII,
481 1125 578 1163 207.
617 1122 718 1170 VIII,

63 1179 132 1217 25.
154 1176 200 1224 V,
220 1179 287 1217 77.
307 1179 336 1225 I,
361 1180 456 1218 160.
513 1177 575 1214 Ad
604 1179 720 1215 verba

63 1235 142 1271 τῶν
172 1232 211 1279 ἐς
237 1229 304 1272 τόν
339 1229 523 1272 ναυτικὸν
553 1231 719 1284 στρατὸν

63 1287 290 1339 ταχθέντων
317 1290 416 1327 conf.
448 1296 545 1327 nott.
567 1289 616 1327 ad
634 1291 716 1338 VH,

64 1347 115 1385 21
160 1352 198 1382 et
235 1345 283 1382 ad
311 1359 423 1383 voces
458 1343 529 1385 τόν
555 1344 719 1386 ἐπιόντα

47 1399 131 1440 ’ἐπὶ
151 1398 225 1453 τήν
239 1398 412 1441 ΓΕλλάδα
432 1403 542 1439 allata
568 1402 616 1440 ad
635 1404 717 1452 VII,

67 1456 161 1498 157.

123 1520 172 1564 ου’
189 1522 264 1578 γοέρ
287 1521 389 1564 θεόν
409 1521 512 1565 εἶναι
540 1523 606 1565 τὸν
633 1525 720 1566 ἐπι-

65 1577 162 1621 όντα
177 1597 214 1620 κ.
231 1597 265 1620 τ.
287 1582 339 1630 λ.]
357 1583 490 1618 Merito
510 1580 610 1620 hauc
630 1584 719 1620 scri-

62 1639 178 1689 ptoris
197 1639 435 1685 sententiam,
459 1639 564 1675 cuius
579 1640 719 1678 similes

64 1695 180 1731 etiam
199 1708 267 1745 per
286 1693 355 1731 hos
381 1696 577 1731 Musarum
607 1709 720 1747 repe-

62 1753 212 1788 riuntur
229 1752 345 1788 libros
355 1764 516 1802 sparsae,
530 1752 720 1790 collaudat

63 1807 318 1848 Hoffmeister‚
340 1821 378 1858 Ρ.
402 1810 480 1848 102
501 1809 586 1844 coll.
600 1823 637 1859 p.
651 1811 719 1848 27.

64 1865 187 1901 Verba
227 1860 327 1902 εἶναι
363 1861 406 1902 δὲ
441 1865 606 1914 θνητῶν
647 1860 720 1903 οὕ-

65 1919 160 1960 δένα
178 1935 212 1959 κ.
235 1934 268 1957 τ.
288 1923 321 1958 λ.
352 1919 468 1972 (quae
489 1920 598 1957 affert
628 1921 719 1958 Sto-

63 1977 179 2013 baeus
205 1977 374 2023 XCVIII,
401 1975 454 2016 74
483 1976 548 2014 fin.
578 1990 616 2027 p.
638 1977 719 2017 536

62 2046 93 2069 s.
113 2045 201 2083 pag.
221 2035 301 2073 299
323 2034 437 2069 T.111
454 2033 594 2082 Gaisf.)
627 2034 720 2069 Val-

63 2087 176 2126 cken.
216 2102 368 2141 quoque
389 2090 599 2126 contulerat
629 2102 719 2126 cum

61 2144 251 2196 Euripidis
270 2146 407 2196 fragm.
419 2159 467 2182 ex
476 2147 620 2182 Aeolo:
643 2141 719 2185 οὐκ

67 2197 119 2241 ἂν
152 2200 304 2254 γένοιτο
337 2201 456 2254 χωρὶς
499 2198 622 2241 ἐσθλοὶ
651 2201 719 2240 καὶ

65 2256 188 2303 κακοὶ,
209 2254 292 2296 ἄλλ’
316 2257 390 2297 ἔστι
415 2273 472 2304 τις
491 2255 718 2311 σύγκρασις,

3 2322 5 2325 “
69 2309 159 2353 ὥστ’
181 2313 282 2365 ἔχειν
304 2317 435 2362 καλῶς
461 2322 497 2352 et
518 2314 717 2366 Chrysipp-

68 2369 170 2421 apud
210 2372 308 2408 Gen.
350 2373 398 2409 N.
444 2372 524 2410 Att.
572 2372 635 2419 VI,
680 2375 718 2411 1.

66 2427 266 2463 Declarant
284 2428 347 2464 illa
366 2427 551 2465 Herodoti
564 2435 719 2466 senten-

68 2485 160 2520 tiam
181 2482 228 2519 de
247 2484 356 2520 rebus
374 2483 550 2522 humanis
580 2498 719 2535 perpe-

67 2546 133 2577 tua
153 2540 230 2576 fere
249 2540 500 2578 vicissitudine
514 2543 566 2578 ita
584 2542 721 2578 fiuctu-

69 2597 230 2643 autibus,
250 2602 293 2632 ut
302 2597 403 2632 mala
413 2597 532 2645 bonis,
553 2597 720 2635 secunda

68 2652 231 2690 adversis
240 2659 498 2703 temperentur
505 2666 620 2705 seque
630 2667 722 2690 mu-

68 2715 135 2746 tuo
149 2710 351 2759 excipiant,
372 2722 448 2761 quo
466 2710 582 2746 iustus
593 2711 721 2746 omni-

68 2777 137 2802 um
156 2772 324 2803 servetur
342 2765 478 2803 modus
493 2773 605 2817 atque
613 2765 719 2813 ordo,

70 2835 186 2875 quem
219 2822 365 2858 nemini
394 2821 605 2873 transgredi
631 2822 721 2859 licet

123 2881 346 2917 Hnnono'r.
374 2881 442 2917 111.

774 1065 934 1115 homini,
950 1066 1021 1104 nisi
1039 1065 1205 1103 numinis
1224 1063 1433 1104 vindictam

774 1124 814 1159 in
835 1137 875 1160 se
900 1137 1106 1175 provocare
1125 1124 1228 1160 velit.

833 1178 873 1227 ἐξ
910 1175 1033 1230 ἀρχῆς
1071 1178 1294 1232 γινομένῳ]
1341 1180 1366 1214 i.
1398 1191 1433 1216 e.

776 1238 894 1272 statim
917 1237 961 1272 ab
988 1238 1113 1283 z’m‘tz'o,
1145 1237 1189 1272 ab
1219 1249 1255 1271 eo
1277 1248 1341 1284 quo
1363 1247 1433 1271 ηα-

775 1295 832 1328 tus
850 1295 901 1329 est
924 1295 1084 1341 tempore.
1117 1291 1180 1328 Ad
1192 1291 1307 1327 verba
1325 1304 1433 1342 seqq.

773 1351 876 1387 τοῖσι
894 1346 936 1387 δὲ
961 1348 1174 1400 μεγίστοισι
1197 1343 1330 1386 αὐτῶν
1354 1347 1434 1396 (sic

776 1404 864 1441 dedi
892 1417 962 1455 pro
1000 1400 1163 1454 αὐτῶν)
1194 1402 1354 1455 μέγιστα
1384 1404 1432 1440 cf.

774 1460 910 1499 Matth.
932 1462 998 1498 Gr.
1020 1461 1086 1498 Gr.
1108 1462 1146 1506 ξ.
1167 1459 1248 1501 462
1266 1474 1304 1511 Ρ.
1336 1463 1434 1502 861.

978 1582 1071 1634 Cap.
1098 1582 1224 1620 CCIV.

838 1688 1018 1749 Τρύτοισι
1043 1688 1148 1743 ἦσαν
1165 1691 1235 1744 μέν
1252 1707 1327 1733 νυν
1350 1708 1386 1732 κ.
1397 1709 1431 1733 τ.

776 1749 830 1798 λ.]
859 1750 964 1800 ἦσαν
984 1749 1072 1786 dedi
1099 1763 1168 1801 pro
1199 1749 1303 1789 ἕσαν.
1370 1750 1434 1787 Ad

776 1805 847 1857 μέν
876 1821 961 1855 νυν,
996 1806 1099 1858 quod
1126 1805 1189 1843 hic
1218 1807 1319 1843 valet
1345 1809 1431 1855 tum,

774 1861 851 1899 vid.
864 1861 1000 1899 Matth.
1021 1864 1084 1902 Gr.
1107 1864 1172 1899 Gr.
1195 1863 1230 1907 ξ.
1249 1865 1330 1903 289
1350 1869 1432 1900 not.

778 1921 828 1958 10
849 1931 933 1970 pag.
956 1918 1050 1959 582.
1107 1921 1164 1955 De
1185 1917 1434 1968 Eurycratidti

774 1974 852 2012 vid.
883 1973 1076 2011 Plutarch.
1104 1973 1432 2026 Apophth.Lacc.

774 2045 813 2082 p.
838 2034 916 2072 221
935 2032 982 2069 A.
1003 2032 1133 2083 ibique
1153 2030 1430 2083 VVyttenbach.

774 2090 927 2138 p.1l71
951 2101 1054 2139 seqq.
1079 2101 1100 2124 a
1121 2087 1189 2126 Cr.
1211 2089 1431 2128 excitatum.

774 2146 818 2180 In
849 2157 954 2195 seqq.
986 2145 1072 2180 libri
1101 2143 1309 2181 Her-odotei
1327 2151 1431 2181 recte

776 2200 866 2237 dant
886 2197 1097 2250 Δορύσσου
1117 2214 1189 2238 nec
1218 2201 1326 2237 aliter
1355 2200 1431 2238 hoc

773 2270 917 2294 nomen
963 2257 1154 2294 invenitur
1197 2256 1300 2308 apud
1339 2258 1433 2294 alios

775 2314 992 2364 scriptores,
1022 2326 1187 2366 quorum
1215 2314 1432 2350 testimonia

775 2369 883 2407 affert
907 2371 1045 2408 Meurs.
1075 2372 1196 2420 Regu.
1217 2372 1360 2407 Lacon.
1391 2372 1430 2417 9,

775 2434 888 2479 atque
908 2427 947 2462 in
960 2428 1202 2477 inscriptione
1212 2428 1432 2462 Fourmou-

774 2485 898 2531 tiana(
915 2496 1032 2535 quam
1067 2482 1116 2519 ad
1154 2481 1193 2519 11.
1228 2483 1254 2518 1.
1287 2482 1431 2533 profert

775 2540 1007 2589 Wesseling.
1057 2537 1161 2576 Add.
1193 2539 1353 2576 Siebelis
1382 2536 1431 2574 ad

775 2598 938 2633 Pausan.
967 2597 1031 2641 111,
1060 2597 1087 2634 2
1121 2596 1158 2640 ξ.
1191 2598 1215 2635 3
1236 2608 1274 2645 p.
1297 2598 1335 2642 6,
1363 2595 1430 2646 qui

774 2653 879 2691 idem
899 2651 946 2688 ad
967 2653 1004 2696 ξ.
1029 2653 1048 2690 1
1072 2664 1108 2700 Ρ.
1125 2650 1151 2691 5
1181 2651 1303 2701 attigit
1332 2663 1431 2701 quo-

776 2723 849 2762 que
869 2721 1011 2745 nomen
1023 2700 1155 2756 ³Hytg.
1183 2705 1245 2742 Ad
1264 2708 1429 2743 formam

772 2762 986 2817 ‘Hoanls'og
1006 2763 1105 2800 conf.
1127 2760 1260 2799 Matth.
1283 2763 1337 2799 Gr
1363 2763 1428 2800 Gr.

776 2823 813 2867 ξ.
836 2823 888 2862 78
907 2833 946 2871 Ρ.
960 2821 1050 2867 176,
1073 2819 1138 2914 11Ξί
1159 2817 1263 2855 idem
1284 2819 1320 2865 §.
1347 2817 1428 2860 574

1387 863 1545 912 loliorum
1564 863 1654 893 duces
1664 876 1670 892 :

1431 906 1564 927 summus
1582 898 1651 933 dux,
