1789 3213
473 182 566 250 E'T
616 208 1121 249 coRMGENDA.
1455 206 1539 247 815

270 321 324 356 ubi
348 331 409 355 nos
432 330 506 354 cum
530 321 724 365 Schweigh.
750 324 784 354 et
808 319 920 354 Gaiss.
949 317 1233 364 praepositionem
1265 314 1386 349 merito
1421 320 1536 349 sustu-

270 369 374 402 limus.
422 367 507 400 Item
530 367 671 400 retinuit
695 367 782 400 illam
807 366 946 408 Negris,
979 363 1233 407 subintelligens
1264 359 1311 395 τὰ
1337 358 1535 403 πράγματα

269 420 328 447 aut
351 412 455 446 simile
489 413 572 459 fluid
590 417 624 445 et
647 413 754 457 ipsum
778 413 884 444 locum
911 411 957 444 ita
980 411 1229 454 interpretans:
1270 404 1367 441 διότι
1390 403 1538 449 ἐστοχά-

267 460 372 500 ζοντο
397 454 457 492 ὅτι
479 460 526 502 ἠν
551 455 681 497 αὐτοῖς
704 456 874 500 πόλεμος,
893 454 951 490 ὅτι
974 453 1071 499 εἶχον
1095 453 1257 497 πόλεμον
1279 452 1322 497 μὲ
1347 450 1437 491 τοὺς
1460 456 1534 485 Λα-

264 505 523 546 κεδαιμονίους
556 503 618 538 καὶ
649 502 716 538 τὸν
749 501 968 545 Κλεομένεα.
1026 503 1140 546 Ipsum
1171 501 1311 534 verbum
1341 497 1535 532 ἐκπεπολε-

265 551 418 594 μῶσθαι
450 551 528 584 hinc
569 550 688 584 sumsit
725 551 881 583 Graecus
904 548 1011 582 Laelii
1035 546 1249 581 Ciceroniani
1270 546 1438 590 interpres
1459 556 1536 587 cap.

264 596 348 630 XXI
365 599 398 638 ἓ.
424 597 480 638 77,
506 597 562 630 ubi
586 602 701 629 noster
724 596 816 629 locus
841 606 905 628 non
929 594 1018 638 sugit
1045 595 1266 637 interpretem
1290 592 1392 625 Hess.
1410 602 1443 635 p.
1461 590 1533 628 135,

264 643 322 687 qui
357 643 504 676 conferri
536 643 631 676 iubet
661 642 776 676 Bremi
802 642 844 674 ad
875 640 1093 675 Demosthen.
1129 639 1268 683 Olynth.
1297 637 1334 671 II
1363 648 1439 681 pag.
1468 637 1533 671 169

261 689 314 722 ed.
342 688 447 721 Goth.

45 733 98 767 Ad
122 734 163 775 V,
188 732 233 768 74
255 745 334 779 pag.
362 734 439 770 134.
487 733 538 768 Ad
573 733 774 767 locutionem
815 729 892 765 α’πὸ
920 728 1157 774 συνθήματος
1181 729 1268 763 conf.
1304 728 1422 763 similia
1446 739 1534 774 quae

265 781 370 814 affert
392 779 493 813 Held.
519 780 560 813 ad
588 780 758 813 Plutarch.
785 778 901 812 aemil.
925 778 1021 811 Paul.
1048 779 1090 811 19
1115 788 1193 821 pag.
1222 777 1299 810 218.

45 825 99 859 Ad
125 826 166 868 V,
191 826 236 862 77
260 837 340 871 pag.
368 826 434 860 142
458 826 598 859 column.
625 826 683 859 alt.
701 825 756 858 lin.
784 825 837 858 16.
865 824 948 857 Add.
977 823 1356 865 VoemeliiProgramm.
1382 820 1534 854 Franco-

262 873 346 906 furt.
373 873 492 907 1833.:
517 872 622 913 „Quo
647 883 733 904 anno
757 870 880 904 Thurii
907 869 1029 903 conditi
1053 869 1159 902 sint.“
1183 880 1260 913 pag.
1282 869 1313 908 9,
1338 867 1408 908 ubi,
1432 878 1533 912 quum

263 929 350 951 anno
374 919 441 953 437
466 929 498 952 a.
527 918 609 953 Chr.
633 928 664 950 n.
689 928 716 950 s.
746 918 881 961 Olymp.
906 915 1084 956 LXXXV,
1117 916 1140 948 4
1169 915 1358 959 propylaea
1389 912 1534 947 Athenis

261 963 437 996 aedificari
467 970 588 1007 coepta
619 963 697 1005 sint,
728 964 815 996 bene
849 963 926 995 hinc
958 961 1095 1006 colligit,
1125 961 1335 994 Herodotum
1367 959 1533 1005 posthoc

258 1013 391 1054 tempus
416 1010 567 1043 Athenas
589 1014 682 1042 certe
703 1009 861 1042 visitasse
883 1007 1003 1041 videri.

43 1053 95 1088 Ad
118 1054 163 1096 V,
186 1054 232 1090 82
255 1067 332 1099 pag.
359 1057 434 1091 148.
481 1055 704 1099 Participium
726 1051 1020 1098 προοφειλομένη
1043 1052 1171 1096 Negris
1195 1051 1332 1095 exponit
1348 1061 1533 1094 προχρεω-

261 1099 464 1145 στουμένη,
502 1102 544 1134 de
578 1101 750 1135 locutione
779 1101 855 1145 ipsa
879 1101 988 1134 citans
1010 1099 1164 1143 Euripid.
1187 1098 1342 1143 Iphigen.
1365 1098 1398 1130 in
1423 1098 1531 1130 Taur.

261 1148 340 1181 523.
358 1147 531 1191 Aristoph.
558 1149 621 1180 Av.
649 1149 670 1182 3
695 1147 768 1190 (ubi
785 1151 871 1180 malo
897 1147 1013 1189 sensu)
1039 1145 1227 1189 Thucydid.
1253 1144 1347 1186 1‚32.
1373 1143 1531 1188 Euripid.

260 1192 400 1226 Heracl.
426 1194 492 1228 241
520 1194 594 1237 (ubi
618 1194 704 1226 bono
728 1198 858 1235 sensu).

40 1234 93 1269 Ad
117 1236 159 1277 V,
185 1237 230 1271 82
253 1250 330 1283 pag.
357 1241 423 1274 150
448 1238 510 1273 col.
535 1239 593 1272 alt.
619 1240 674 1271 lin.
702 1241 743 1273 18
769 1240 811 1272 ab
836 1238 896 1271 inf.
921 1249 982 1282 pro
1006 1239 1145 1271 videtur
1169 1236 1336 1270 scribend.
1361 1236 1532 1269 videri.

40 1281 94 1315 Ad
126 1283 170 1325 V,
204 1284 249 1320 83
284 1296 362 1349 ppg.
399 1285 466 1320 154
499 1285 557 1318 lin.
589 1286 612 1320 3
652 1285 800 1319 Bekker.
826 1284 966 1318 retinuit
1000 1280 1184 1327 ἐκόμισαν.
1231 1283 1344 1324 Male,
1383 1281 1414 1315 si
1451 1281 1532 1326 quid

259 1342 372 1364 vrceo.

40 1373 92 1408 Ad
116 1374 160 1417 V,
185 1377 229 1411 86
251 1388 332 1421 pag.
359 1377 425 1411 158
447 1376 507 1410 lin.
538 1378 561 1411 2
587 1377 629 1411 ab
654 1376 714 1411 inf.
731 1376 928 1410 -Bekkerus
968 1374 1112 1409 retinuit
1142 1372 1459 1418 περιβαλομένους
1499 1376 1535 1407 et

261 1434 337 1467 cap.
371 1424 415 1457 87
449 1434 485 1467 p.
522 1425 584 1457 161
625 1423 684 1458 lin.
711 1425 727 1458 1
751 1421 954 1468 μετέβαλον
977 1434 1038 1466 pro
1063 1420 1295 1466 μετέβαλλον.
1343 1421 1414 1454 Sed
1437 1423 1534 1454 recte

261 1470 362 1513 paulo
388 1473 490 1501 antea
513 1468 608 1501 dedit
631 1467 846 1512 ζημιώσωσι,
871 1474 908 1501 ut
918 1469 958 1510 V,
975 1471 1020 1503 82
1044 1467 1254 1501 ποιέωνται.

39 1510 92 1546 Ad
112 1513 155 1555 V,
179 1514 223 1549 89
248 1526 327 1558 pag.
356 1515 420 1549 165
446 1514 505 1547 lin.
530 1516 562 1549 6.
580 1516 612 1549 7.
638 1517 805 1559 Stegerus
830 1515 922 1548 dedit
945 1526 964 1547 e
989 1514 1165 1547 Sancrofti
1190 1513 1308 1547 codice
1331 1509 1532 1554 καταστρέ-

258 1561 422 1603 ψασθαι,
446 1560 505 1605 qui
529 1566 629 1594 antea
651 1561 816 1594 intactum
833 1561 1018 1605 reliquerat
1039 1557 1227 1603 χωρήσειν,
1251 1558 1310 1591 ubi
1333 1558 1423 1591 idem
1446 1558 1533 1591 liber

256 1606 362 1640 habet
383 1608 559 1650 χωρῆσαι,
584 1608 673 1651 quod
695 1607 807 1641 tenuit
823 1607 999 1640 Schaefer.
1048 1606 1135 1639 Mihi
1157 1616 1255 1638 secus
1276 1604 1424 1638 videtur.
1473 1604 1531 1637 Tu

257 1652 324 1686 vid.
351 1664 525 1686 censorem
547 1652 757 1697 Lipsiensem
781 1654 815 1685 in
839 1653 982 1697 Ephem.
1007 1651 1118 1696 Lipss.
1144 1651 1266 1695 suppll.
1301 1652 1390 1685 1833
1413 1662 1446 1694 p.
1471 1649 1529 1685 43.

255 1717 302 1722 —
327 1699 373 1731 G.
398 1698 584 1732 Hermanni
609 1699 814 1740 observatio,
838 1710 937 1743 quam
960 1699 994 1731 in
1019 1701 1103 1731 nota
1118 1697 1340 1738 laudavimus,
1360 1695 1529 1741 legiturin

258 1743 375 1788 Vigeri
397 1744 510 1778 libello
535 1756 612 1789 pag.
638 1744 729 1780 774
752 1745 804 1778 ed.
831 1750 942 1790 quart.

39 1787 91 1822 Ad
106 1787 150 1831 V,
174 1790 216 1824 91
241 1801 321 1834 pag.
349 1792 415 1825 168
438 1790 497 1824 lin.
524 1793 546 1826 5
571 1791 714 1824 Bekker.
740 1791 854 1825 dedit:
881 1787 916 1830 ἐς
940 1787 989 1824 ‘cd
1017 1792 1096 1834 (pro
1122 1785 1160 1832 ὃ)
1192 1786 1470 1832 καταφεύγουσι
1493 1786 1530 1821 οἱ

257 1836 568 1880 Πεισιστρατίδαι.
616 1837 703 1870 Ibid.
726 1837 928 1870 locutionem
953 1834 1069 1878 δόξαν
1094 1834 1239 1879 φύσας,
1274 1835 1317 1868 de
1340 1846 1407 1880 qua
1440 1833 1530 1866 dixi-

257 1892 332 1915 mus
356 1894 433 1926 pag.
459 1884 537 1924 170,
561 1882 689 1927 Negris
712 1883 861 1927 explicat
882 1881 1001 1926 τυχών
1026 1880 1156 1925 δόξης,
1183 1877 1302 1924 εὑρών
1317 1906 1328 1923 ,
1366 1877 1530 1923 οἷποκτή-

254 1937 321 1966 σας
345 1926 473 1970 δόξαν.
519 1929 572 1962 De
595 1931 663 1974 qua
687 1930 805 1963 eadem
830 1929 917 1963 dixit
940 1930 980 1962 A.
1009 1930 1054 1962 G.
1082 1928 1346 1961 Winckelmann.
1381 1928 1423 1960 ad
1450 1927 1529 1960 Pla-

256 1974 345 2007 tonis
373 1974 577 2016 Euthydem.
617 1987 651 2020 p.
685 1975 752 2011 124
790 1975 841 2009 sic
872 1975 995 2009 Latine
1030 1974 1175 2007 reddens
1198 1975 1305 2007 verba
1336 1970 1451 2015 δόξαν
1488 1972 1527 2007 δὲ

257 2017 381 2063 φύσας
407 2017 626 2062 αὐξάνεταιε
646 2034 795 2066 magnos
818 2033 952 2056 sumens
977 2022 1121 2064 spiritus
1143 2021 1274 2056 crescit.

37 2065 93 2099 Ad
115 2065 160 2108 V,
183 2066 230 2101 92
252 2068 286 2107 §.
312 2068 334 2100 4
357 2067 417 2101 fin.
441 2078 520 2111 pag.
557 2069 619 2102 181
661 2067 720 2101 lin.
756 2070 788 2101 2.
837 2068 905 2101 Pro
937 2064 1108 2111 ἐγίνετο,
1147 2066 1236 2111 quod
1269 2076 1331 2099 nos
1363 2064 1525 2105 dedimus,

255 2112 406 2146 Bekker.
442 2116 583 2146 retinuit
622 2111 687 2157 ἐγέ
702 2125 797 2147 νετο.
854 2114 950 2147 Idem
983 2116 1016 2156 ἕ.
1039 2114 1061 2148 5
1085 2115 1120 2146 in
1142 2111 1272 2146 oraculi
1294 2122 1396 2144 versu
1419 2111 1528 2144 altero

255 2157 400 2191 retinuit
423 2159 581 2192 κλεινοῖο
606 2171 669 2204 pro
709 2162 880 2194 κλειτοῖο.
933 2160 986 2193 Ad
1020 2162 1161 2193 formam
1196 2157 1336 2192 nominis
1365 2163 1528 2201 patrony-

254 2203 336 2237 mici
361 2201 532 2248 Ἠετίδης
565 2205 779 2239 decurtatam
812 2207 869 2240 Tu
901 2207 1029 2242 confer.
1065 2205 1226 2239 Sintenis.
1266 2204 1308 2237 ad
1354 2204 1527 2237 Plutarch.

255 2249 478 2285 Themistocl.
503 2262 580 2295 pag.
606 2252 639 2296 ξ).
686 2252 726 2285 In
748 2253 851 2285 tertio
868 2264 969 2285 versu
993 2252 1083 2297 quod
1107 2251 1236 2285 Cor-aes
1250 2250 1418 2284 coniecit:
1443 2248 1529 2282 παί-

255 2294 332 2329 δων
368 2307 419 2339 γε
445 2294 540 2340 μήν
565 2296 653 2331 οὐν
688 2296 759 2332 ἔτι
782 2298 914 2337 παῖδες
938 2300 1017 2343 (pro
1042 2296 1190 2331 παίδων
1224 2308 1263 2340 γε
1286 2294 1369 2339 μὲν
1403 2292 1528 2329 οὐκέτι

253 2341 415 2395 πιαῖδες),
440 2343 474 2376 id
498 2354 586 2376 nunc
610 2344 824 2388 amplectitur
847 2344 986 2388 Negris.
1012 2364 1052 2368 —
1089 2344 1127 2377 ln
1153 2344 1303 2388 proxime
1327 2354 1420 2386 seqq.
1448 2351 1526 2374 ver-

253 2387 307 2421 bis
342 2389 386 2421 ad
421 2400 524 2423 voces
547 2391 698 2435 πολλῷ
726 2387 757 2424 δ’
784 2388 837 2424 ἔτι
859 2390 1129 2429 πλείστους
1151 2390 1329 2423 Bekkerus
1354 2389 1438 2421 haec
1463 2386 1526 2420 ad-

255 2433 409 2477 scripsit:
438 2434 563 2478 „immo
587 2437 737 2477 πλείους
759 2437 813 2471 vel
833 2437 1030 2477 πλεῦνας.ις
1061 2437 1148 2471 Mihi
1172 2448 1237 2470 non
1261 2435 1353 2468 iusta
1376 2432 1528 2467 mutandi

252 2489 356 2513 causa
378 2485 534 2525 apparet.

37 2522 88 2557 Ad
110 2523 155 2566 V,
179 2524 224 2558 92
247 2526 281 2565 §-
306 2526 327 2559 6
351 2537 429 2578 pag.
454 2529 532 2562 185.
579 2529 730 2564 Verbum
754 2527 1032 2572 διαπλέξαντος,
1057 2528 1099 2563 de
1124 2540 1191 2574 quo
1215 2527 1250 2562 in
1265 2531 1347 2561 nota
1370 2524 1527 2565 diximuS‚

256 2570 383 2614 Negris
397 2573 538 2617 exponit
558 2574 829 2615 τελειώσαντος.

36 2614 90 2649 Ad
117 2616 162 2657 Vs
187 2616 232 2652 92
256 2618 288 2658 ἓ·
313 2619 335 2651 7
361 2628 438 2661 pag.
465 2621 541 2654 187.
589 2623 640 2655 Ad
665 2622 895 2656 Herodoteum
920 2618 1009 2660 τούς
1033 2616 1258 2663 ὑπειρόχους
1269 2616 1421 2651 Sintenis
1446 2618 1526 2659 apte

256 2663 390 2716 confiert
404 2664 492 2708 quod
518 2666 605 2709 apud
630 2668 845 2701 Plutarchum
872 2667 940 2701 Vit.
967 2666 1187 2701 Themistocl.
1221 2667 1267 2700 22
1306 2665 1363 2697 fin.
1399 2665 1525 2704 exstat,

257 2707 294 2740 Οἳ
317 2707 624 2751 υπέθέχθντές·-
650 2713 750 2752 Quod
775 2714 875 2758 paulo
902 2718 980 2758 post
1003 2713 1155 2759 sequitur
1173 2708 1340 2752 ἀπέλιπε,
1363 2709 1396 2743 id
1421 2709 1523 2742 omit-

254 2755 363 2806 tendi,
386 2758 691 2798 praetermittendi
713 2760 986 2804 (relinquendi)
1010 2759 1148 2793 notione
1172 2759 1295 2792 dictum
1330 2756 1406 2789 aliis
1437 2754 1522 2787 locis

256 2800 421 2834 similibus
450 2801 600 2837 illustrat
633 2804 783 2849 strange
815 2806 849 2839 in
879 2805 973 2840 Iahn.
997 2810 1034 2840 et
1063 2804 1211 2840 Seebod.
1235 2803 1366 2838 Annall.
1389 2800 1521 2837 Philoll.

256 2847 291 2878 et
308 2845 480 2892 Paedagg.
499 2849 619 2895 Suppl.
644 2850 690 2892 ΙΙ,
713 2853 737 2887 2
758 2863 790 2896 p.
814 2852 893 2887 243.
