1870 3249
407 194 1053 235 TERPSIOHORE.
1111 193 1156 229 V.
1355 192 1411 231 29

124 310 232 365 7ξῆς
261 305 401 349 οἷντίαι
432 307 576 359 ἵζοντο
606 308 720 347 τοῖσι
751 302 955 360 Πέρσῃσι.
1000 301 1191 345 ἐνθαῦτα
1223 301 1267 343 οἱ
1299 298 1408 354 Πέρ-

152 388 224 419 σαι
281 372 476 429 ἰδόμενοι
522 377 735 428 γυναῖκας
784 369 1056 426 εὐμόρφους,
1107 369 1255 424 ἔλεγον
1301 366 1412 420 πρὸς

147 439 381 497 Ἀμύντην,
421 440 611 496 φάμενοι
647 439 723 492 ,,τό
753 437 939 495 ποιηθὲν
978 442 1109 481 τοῦτο
1141 434 1272 481 οὐδὲν
1301 433 1412 478 εἶναι

150 509 342 563 ,,σοφόν·
383 507 568 562 κρέσσον
595 506 679 562 γὰρ
714 504 826 550 εἶναι
855 504 1045 562 ἀρχῆθεν
1074 504 1131 562 μή
1163 505 1305 548 ἐλθεῖν
1333 502 1410 554 τοὶς
1422 508 1466 543 35

150 580 408 631 ,,γυναῖκας,
438 574 468 632 ἦ
498 573 711 626 ἐλθούσας
735 575 807 619 καὶ
837 573 895 630 μή
927 572 1233 630 παριζομένας,
1265 571 1415 622 ἀντίας

123 645 349 697 8,,ἵζεσθαι
388 643 630 700 ἀλγηδόνας
662 655 742 699 σφι
779 642 1065 698 ὀφθαλμῶν.“
1121 637 1410 696 ἀναγκαζόμε-

149 729 227 764 νος
249 711 295 754 δὲ
326 709 573 768 ὁἈμύντης
601 712 767 755 ἐκέλευε
796 712 1014 765 παρίζειν·
1049 707 1344 764 πειθομενέων
1367 709 1466 749 τε40

147 784 236 824 τῶν
256 784 490 836 γυναικῶν,
526 779 689 822 αὐτίκα
714 782 757 822 οἱ
788 780 953 834 Πέρσαι
982 783 1158 834 μαστῶν
1181 792 1225 820 τε
1255 774 1410 818 ἅπτον-

148 865 221 901 το,
263 845 335 892 οἶα
375 846 570 898 πλεύνως
609 849 864 904 οἰνωμένοι,
903 847 978 890 καί
1016 863 1099 889 κου
1135 862 1200 896 τις
1238 844 1311 887 καὶ
1341 859 1409 898 φι-
1466 837 1548 878 380

1468 898 1642 926 Alexander
1666 901 1702 925 A-

23 917 90 962 19
146 916 259 960 λέειν
283 916 495 971 ἐπειρᾶτο.
548 913 758 972 Ἀμύντης
779 916 857 971 μὲν
891 914 943 970 δὴ
967 918 1103 957 ταῦτα
1131 912 1271 967 ὁρέων
1293 909 1409 965 ἆτρέ-
1467 937 1591 968 myntae
1615 932 1707 960 filius.

1469 967 1633 1003 impatiens
1650 976 1718 995 con-

148 1001 231 1040 μας
262 982 365 1040 εἶχε,
414 986 488 1027 καί
517 1000 596 1038 περ
630 984 914 1039 δυσφορέων,
953 980 1025 1025 οἷα
1062 980 1410 1036 ὑπερδειμαίνων
1467 1001 1624 1035 tamena,

119 1052 252 1103 Ξτούς
291 1052 474 1106 Πέρσας.
531 1050 810 1106 Ἀλέξανδρος
840 1052 886 1094 δὲ
927 1049 950 1094 ὁ
983 1049 1199 1105 Ἀμύντεω
1237 1046 1411 1103 παρεών

147 1137 191 1164 τε
229 1123 302 1164 καὶ
342 1119 482 1175 ὁρέων
517 1124 675 1172 ταῦτα,
714 1119 786 1163 ἅτε
816 1118 913 1170 νέος
951 1134 994 1161 τε
1025 1117 1110 1162 ἐών
1149 1118 1223 1161 καὶ
1262 1120 1466 1161 κακῶνύῶ

146 1187 342 1244 ἀπαθὴς,
375 1187 577 1244 οὐδαμῶς
606 1188 666 1232 ἔτι
686 1188 879 1244 κατέχειν
909 1183 1002 1238 οἶός
1030 1203 1074 1231 τε
1103 1181 1178 1242 ἦν·
1225 1185 1334 1229 ὥστε
1366 1184 1412 1228 δὲ

149 1335 324 1378 &aazias
355 1339 484 1386 ἵζοντο
514 1341 614 1378 τοῖσι
648 1336 750 1390 Πέρ-

94 1396 212 1449 σῃσι]
255 1393 386 1435 ἀντίαι
417 1409 506 1432 cum
527 1394 748 1446 Schweigh.

92 1460 130 1489 et
157 1453 272 1490 Gaisf.
305 1453 462 1489 exhibui
497 1466 517 1489 e
557 1453 749 1489 nonnullis

90 1510 192 1546 libris
223 1523 291 1560 pro
323 1511 428 1560 vulg.
463 1504 601 1557 α’ντία,
645 1508 750 1561 quod

90 1568 216 1617 ipsum
241 1567 340 1603 infra
368 1580 436 1617 pro
468 1562 606 1613 ἀντίας
636 1565 749 1603 codd.

91 1622 249 1675 quidam
300 1622 494 1660 exhibent.
570 1624 622 1660 At
670 1622 749 1660 vid.

90 1681 152 1727 vl,
183 1682 250 1720 77.
286 1681 355 1728 lx,
387 1683 440 1721 26
477 1680 562 1716 0011.
596 1682 659 1719 18.
682 1682 748 1721 62.

90 1735 263 1788 Euripid.
277 1738 395 1774 Orest.
412 1735 541 1778 1479:
566 1749 662 1788 quae
675 1736 750 1773 du-

92 1793 187 1830 dum
233 1795 292 1830 ab.
319 1795 587 1843 interpretibus
637 1794 749 1830 allata

92 1863 172 1887 esse
192 1849 316 1887 viden.
337 1872 393 1878 —
413 1849 476 1886 Ad
502 1849 673 1901 ἔλεγον
694 1874 745 1879 —

93 1902 326 1956 φάμενοι
356 1907 456 1943 conf.
478 1907 523 1953 V,
554 1909 620 1952 36,
644 1913 679 1942 et
699 1905 749 1942 ad

91 1961 410 2012 significationem
447 1963 550 1998 vocis
590 1975 613 2001 6
624 1976 643 1999 o
655 1977 685 2010 φ
697 1959 749 2001 (iv

90 2025 220 2055 notata
251 2018 300 2055 ad
328 2021 393 2066 ΙΙΙ,
425 2017 464 2057 4.
497 2018 571 2058 85;
612 2019 750 2068 quibus

89 2088 193 2112 nunc
220 2074 317 2112 adde
345 2077 393 2112 sis
422 2076 467 2121 V,
488 2076 556 2113 21.
577 2074 658 2121 VII,
680 2077 749 2115 23.

92 2134 172 2172 130
208 2138 245 2168 et
279 2131 535 2168 Hoffmeister.
567 2131 592 2167 l.
612 2132 638 2167 l.
659 2144 749 2182 pag.

90 2188 143 2229 59
164 2201 243 2240 seq.

146 2239 373 2296 ἆλγηδόνας
394 2255 466 2293 σφι
497 2239 745 2296 ὄφθαλμῶν]

89 2300 114 2337 i.
137 2314 170 2338 e.
193 2314 280 2351 quae
296 2301 532 2351 (mulieres),
564 2314 668 2351 quum
689 2306 747 2339 at-

89 2359 224 2406 tingere
242 2371 309 2394 non
331 2358 449 2404 liceat,
470 2357 642 2395 oculorum
659 2361 746 2408 ipsis

89 2416 160 2451 sint
190 2414 324 2451 dolores
355 2428 381 2451 s.
403 2415 578 2452 oculorum
599 2417 750 2452 excitent

90 2470 501 2519 doloresLocutionem,
523 2484 639 2523 quain
661 2473 750 2508 atti-

89 2528 145 2577 git
173 2526 346 2564 Eustath.
379 2527 427 2564 ad
455 2527 563 2565 Iliad.
592 2541 631 2579 p.
654 2527 748 2576 433,

88 2585 142 2624 29
163 2596 191 2620 s·
214 2586 306 2632 329,
328 2587 394 2632 22,
423 2586 612 2636 vituperat
641 2586 748 2621 Lon-

89 2641 199 2690 ginus
230 2641 287 2676 De
318 2641 426 2678 Subl.
458 2641 497 2689 4,
527 2643 608 2678 sine
638 2642 747 2690 iusta,

90 2698 237 2747 opinor,
251 2709 374 2744 causa,
397 2711 517 2748 quum
529 2711 646 2749 quam
656 2699 748 2735 scita

88 2754 136 2789 sit
154 2752 248 2790 haec
277 2752 461 2790 Herodoti
489 2755 650 2802 locutio,
681 2756 747 2792 vix

89 2821 324 2862 quemquam
343 2810 477 2861 fugiat.
535 2812 632 2848 Hinc
659 2823 746 2848 me-

805 1340 877 1376 rito
909 1351 995 1375 eam
1021 1338 1052 1374 Ι.
1084 1337 1255 1388 Scaliger
1294 1334 1467 1374 adhibuit

806 1397 928 1432 verbis
969 1396 1157 1446 Propertii
1208 1396 1255 1441 ΙΙ,
1301 1395 1362 1441 19,
1411 1396 1466 1434 76
1526 1392 1530 1398 ’

805 1451 1047 1489 Broukhus.:
1085 1452 1296 1499 „Quantum
1315 1452 1366 1488 sic
1388 1463 1467 1488 cru-

808 1512 879 1547 ciat
900 1510 1034 1547 lumina
1057 1513 1172 1546 vestra
1194 1508 1355 1546 dolor?“
1387 1509 1467 1545 Ge-

805 1569 958 1606 minum
1004 1564 1200 1602 Plutarchi
1243 1566 1373 1602 locum
1423 1566 1465 1601 in

806 1622 1015 1660 Alexandr.
1037 1623 1111 1660 Vit.
1133 1636 1170 1673 p.
1194 1625 1274 1664 676
1296 1623 1338 1658 F.
1363 1622 1465 1672 [cap.

807 1684 854 1722 21
871 1681 955 1729 fin.]
989 1681 1111 1716 attulit
1131 1680 1377 1730 Wesseling„
1400 1679 1466 1731 qui

805 1737 911 1774 idem
926 1737 1033 1774 verbi
1053 1732 1292 1787 ὄφθαλμιᾶν
1315 1744 1352 1772 et
1372 1735 1464 1775 ἐπο-

806 1795 1019 1844 φθαλμιᾶν
1039 1794 1237 1841 meminit,
1269 1806 1345 1845 quo
1366 1793 1465 1829 vehe-

805 1864 897 1887 mens
935 1851 1146 1900 explicatur
1182 1850 1394 1887 desiderium
1425 1850 1466 1884 iu

805 1908 920 1943 simiIi
948 1908 1104 1955 negotio
1139 1905 1242 1956 apud
1268 1906 1404 1957 Polyb.
1435 1907 1465 1952 Ι,

806 1966 844 2003 7.
866 1964 1030 2009 XXXII,
1051 1966 1090 2003 2.
1123 1963 1273 2000 Aelian.
1298 1964 1345 1999 N.
1366 1964 1414 1999 A.
1435 1964 1465 2008 I,

809 2022 879 2066 12,
908 2020 975 2055 ubi
1002 2032 1107 2056 nunc
1128 2019 1205 2056 vid.
1226 2020 1371 2056 Iacobs.
1393 2032 1465 2055 an-

805 2078 951 2113 notatio
973 2089 1060 2127 pag.
1086 2073 1150 2115 14.

1025 2200 1117 2251 Cap.
1137 2201 1247 2237 XIX.

859 2303 995 2341 κακῶν
1029 2297 1220 2352 ἀπαθής]
1252 2303 1277 2339 i.
1299 2316 1332 2339 e.
1353 2302 1464 2339 malo-

803 2371 881 2395 rum
909 2372 1052 2409 expers,
1091 2359 1189 2396 mala
1217 2359 1315 2396 haud
1344 2371 1463 2409 exper-

807 2419 885 2462 tus,
922 2416 1042 2453 nullas
1072 2429 1202 2467 passus
1228 2416 1463 2463 calamitates,

807 2485 939 2523 quum,
964 2486 1040 2524 quo
1062 2474 1222 2524 quisque
1243 2481 1364 2510 aetate
1372 2485 1464 2523 pro-

805 2530 949 2565 vectior
968 2531 1025 2577 sit,
1057 2543 1102 2566 eo
1122 2530 1231 2580 plura
1244 2559 1253 2576 ‚
1285 2543 1382 2582 quae
1402 2530 1464 2564 iu-

805 2586 910 2622 venis
931 2585 1035 2623 haud
1055 2587 1182 2635 novit,
1221 2588 1322 2623 mala
1343 2599 1463 2636 expe-

805 2641 941 2678 riundo
971 2644 1161 2693 cognovit.
1231 2643 1287 2679 Cf.
1318 2641 1461 2680 Herod.

801 2699 831 2745 Ι,
855 2702 920 2740 32.
944 2700 1021 2747 VII,
1045 2699 1123 2740 184
1144 2699 1229 2736 coll.
1250 2700 1279 2747 Ι,
1300 2703 1461 2741 207.—

802 2756 846 2791 Iu
865 2769 971 2807 seqq.
1001 2755 1049 2793 ad
1078 2756 1193 2792 verba
1214 2751 1292 2794 εἷκε
1310 2759 1360 2810 τῇ
1376 2755 1461 2808 ἠλι-

800 2812 868 2865 κίῃ
901 2812 978 2849 vid.
998 2819 1092 2849 nott.
1114 2811 1163 2849 ad
1182 2812 1262 2859 VH,
1287 2814 1350 2854 18.
