1834 3258
403 254 875 300 POLYM'NIA.

934 263 965 300 V
976 264 994 300 I
1009 264 1038 300 Ι.
1278 266 1362 306 449

95 375 244 422 ,,σθαι,
275 369 312 411 εἰ
349 369 558 426 στρατιήν
585 387 633 427 γε
662 370 881 428 τοσαύτην
915 371 997 415 σὺν
1026 372 1139 416 Λα’τι
1168 376 1241 419 καὶ
1269 375 1362 432 Ἀρ-

94 436 329 492 ,,ταφὲρνε”ι·
366 436 586 480 ἐλθοῦσαν
625 439 667 491 ἐς
693 439 773 495 τὴν
801 439 997 496 Ἀττικὴν
1024 441 1171 498 χώρην
1201 447 1362 498 μοῦνοι

92 504 339 559 »Ἀθηναῖοι
367 504 637 560 διέφθειραν.
689 505 773 551 οὐκ
802 502 865 551 ὧν
895 506 1119 567 ἀμφοτέρῃ
1150 522 1231 567 σφι
1260 511 1358 568 ἔχω’-
1415 527 1495 568 513

64 579 85 612 7
96 583 247 627 ,,ρησε“
279 569 383 624 ἀλλ’,
413 571 469 629 ἢν
498 577 597 629 τῇσι
624 576 756 631 νηυσὶ
785 575 1024 631 ἐμβάλωσι,
1053 579 1127 622 καὶ
1155 577 1361 634 νικήσαν-

93 654 187 689 ,,τες
215 641 432 696 ναυμαχίῃ
471 640 632 685 πλέωσι
663 642 706 694 ἐς
734 643 812 687 τὸν
836 642 1182 700 Ἑλλήσποντον,
1222 647 1294 690 καὶ
1325 647 1418 690 ἔ-5ο

92 721 241 758 ,,πειτα
270 706 438 752 λύσωσι
466 709 547 765 τήν
575 710 790 766 γέφυραν,
820 716 951 756 τοῦτο
983 715 1049 769 δή,
1080 717 1272 771 βασιλεῦ,
1300 717 1362 770 γί-

64 781 244 826 8,,νεται
273 776 433 820 δεινόν.
488 775 596 833 'Eyco'
641 778 688 823 δὲ
726 778 908 838 οὐδεμιῇ
938 783 1074 839 σοφίῃ
1105 784 1249 839 οἰκηΐῃ
1282 780 1360 826 αύ-

38 975 74 1014 εἰ
113 975 245 1026 (quod,
287 975 620 1027 quandoquidem);
651 976 699 1014 de

39 1045 115 1083 quo
138 1031 248 1069 huius
262 1034 470 1083 particulae
490 1047 560 1070 usu
577 1047 700 1085 expo-

36 1090 111 1125 suit
131 1088 266 1127 Matth.
289 1090 354 1126 Gr.
391 1091 457 1127 Gr.
478 1103 567 1141 pag.
593 1090 693 1131 1251

36 1159 116 1197 seq.

94 1220 169 1264 οὐκ
192 1217 248 1263 ὧν
270 1218 476 1278 οἷμφοτέρῃ
512 1236 584 1273 σφι
604 1218 698 1273 ἐχώ-

37 1282 150 1332 ρησε]
181 1280 244 1317 Ad
263 1282 426 1318 verbum
446 1280 540 1318 haec
562 1282 697 1333 Latine

36 1337 184 1374 ‘reddita
217 1345 375 1375 sonant:
433 1351 540 1387 neque
581 1340 697 1387 igitur

36 1394 189 1444 utrcique
212 1394 338 1440 (terra
383 1395 574 1446 marique)
612 1397 698 1444 ipsis

38 1453 202 1488 successit
233 1450 366 1503 (quod
387 1465 437 1490 sc.
460 1453 698 1502 propositum

36 1509 124 1559 ipsis
145 1508 240 1557 erat)
257 1521 267 1554 ς
306 1509 377 1544 nisi
398 1510 578 1545 aoristum
607 1504 699 1559 ἐχώ-

37 1577 132 1616 ρησε
154 1564 288 1600 eadem
304 1566 342 1602 vi
360 1566 513 1612 latiore,
536 1564 611 1616 quit
631 1578 698 1602 su-

35 1634 104 1671 pra
137 1617 346 1671 συνήνεικε
372 1624 542 1673 accipere
562 1623 696 1659 malis:

36 1678 154 1715 cedere
168 1682 283 1728 potest
304 1691 333 1717 s,
355 1679 459 1716 solet:
484 1692 581 1730 quae
597 1680 699 1716 Gro-

34 1736 140 1771 novii
169 1742 223 1771 est
244 1737 452 1783 sententia,
480 1737 532 1772 ita
560 1742 601 1772 ut
621 1737 698 1772 Ar-

34 1792 194 1828 tabanus
214 1790 288 1828 hoc
311 1791 435 1828 dicere
456 1793 618 1829 voluisse
640 1794 699 1829 vi-

38 1847 192 1895 deatur,
213 1862 284 1885 nec
298 1849 397 1885 terr-<i
417 1862 488 1885 nec
510 1850 606 1885 mari
628 1862 699 1885 ex-

36 1903 273 1955 peditionem
321 1906 405 1941 fore
455 1918 697 1956 prosperam:

39 1960 87 1997 de
120 1961 286 1997 terrestri
315 1962 576 1998 coniecturam
615 1963 700 2013 capi

40 2031 89 2053 ex
117 2025 256 2054 eventu
271 2018 312 2053 in
327 2030 418 2068 agro
435 2019 561 2055 Attico
578 2031 699 2069 posse,

39 2075 287 2111 consimiliter
307 2073 354 2111 de
376 2076 578 2122 maritima,
600 2076 630 2112 si
652 2074 700 2112 ad

36 2131 224 2182 proelium
251 2144 309 2167 res
339 2130 554 2179 devenerit,
576 2132 700 2182 suspi-

39 2187 220 2225 candum.
279 2188 383 2232 Quae
412 2190 443 2225 si
471 2190 602 2240 utique
622 2190 699 2224 Ar-

37 2245 167 2282 tabani
187 2245 316 2281 fuisset
336 2258 444 2282 mens
467 2246 604 2282 melius
624 2258 698 2282 110-

38 2314 127 2338 vam
148 2300 354 2352 procedere
374 2301 576 2352 periodum
597 2304 698 2353 opti-

37 2371 103 2394 me
143 2365 250 2395 notat
278 2360 576 2409 VVesselingius,
607 2372 698 2396 eum

39 2414 118 2450 fere
137 2414 176 2449 in
195 2413 377 2452 modum:
411 2413 543 2455 οὔκων
563 2412 697 2466 ἄμφο-

37 2468 185 2521 τέροισι
208 2468 398 2522 χωρήσει,
431 2468 513 2511 ἀλλ’
533 2470 610 2522 τ’]’νε
643 2486 696 2510 er-

39 2539 88 2576 go
111 2528 277 2564 neutrubi
299 2528 480 2576 succedet,
502 2530 563 2567 sed
576 2531 609 2567 si
622 2537 693 2568 etc.

42 2582 121 2621 Sed
156 2583 395 2633 refragantur
434 2586 519 2622 libri
557 2588 696 2638 scripti,

41 2651 63 2676 a
83 2640 218 2692 quibus
248 2641 286 2675 in
307 2642 386 2691 ipsa
406 2643 541 2678 vocula
561 2638 697 2692 οἷμφο-

40 2694 130 2750 τὲρῃ
140 2697 307 2732 multum
321 2699 492 2749 quamvis
507 2698 698 2735 fiuctuan-

42 2752 140 2790 tibus
161 2754 319 2790 omnino
350 2753 530 2791 standum
551 2768 698 2793 censeo.

42 2808 121 2845 Nec
155 2810 321 2846 multum
360 2812 602 2860 proficiemus
619 2841 628 2859 ,
679 2826 700 2848 e

45 2865 233 2902 Sancrofti
257 2866 388 2903 codice
420 2875 457 2904 et
477 2867 617 2905 Aldina
637 2881 700 2904 re-

100 2922 318 2960 Hznono‘r.
339 2925 405 2961 111.

756 978 938 1029 cipientes
960 975 1191 1030 ἐχώρησαν,
1230 994 1301 1018 nec
1331 994 1417 1019 ma—

756 1037 812 1085 gis
823 1037 947 1086 placet
957 1035 1314 1087 Schweighaeuseri
1327 1052 1416 1075 sen-

755 1094 894 1139 tentia,
937 1094 1004 1144 qui
1034 1094 1241 1131 formulam
1268 1092 1418 1135 οὔκουν

756 1156 799 1185 ut
830 1150 920 1185 alias
951 1151 1004 1185 ita
1035 1148 1098 1186 hic
1122 1164 1275 1203 quoque
1295 1153 1335 1187 in
1355 1154 1418 1188 in-

756 1206 1013 1255 terrogatione
1053 1209 1174 1258 accipi
1212 1209 1313 1256 vult,
1353 1208 1421 1246 sed

755 1263 808 1298 ita
824 1290 840 1307 ,
872 1269 915 1298 ut
943 1263 1188 1314 interrogatio
1223 1264 1329 1301 idem
1349 1279 1418 1302 va-

754 1319 828 1355 leat
850 1326 964 1371 atque
980 1322 1166 1357 sententia
1192 1321 1419 1360 affirmative

755 1389 931 1426 expressa
952 1390 1041 1413 cum
1055 1377 1308 1427 praecedente
1328 1392 1419 1430 par-

753 1434 869 1469 ticula
905 1432 1152 1471 conditionali
1191 1435 1245 1482 εἰ,
1275 1442 1318 1472 ut
1354 1437 1418 1484 IV,

758 1492 853 1530 118.
882 1491 1015 1541 Itaque
1041 1489 1080 1526 h.
1102 1492 1127 1528 l.
1158 1491 1316 1542 perinde
1341 1507 1421 1530 esse

755 1546 807 1582 ait
829 1559 871 1582 ac
892 1547 920 1583 si
943 1547 1097 1584 dixisset
1115 1549 1352 1587 Artabanus:
1385 1549 1423 1588 εἰ

757 1596 812 1641 ὧν
843 1597 918 1642 οὐκ
948 1599 1152 1658 οἷμφοτέρῃ
1194 1606 1238 1654 (i.
1271 1619 1304 1643 e.
1339 1602 1422 1645 κατ’

757 1654 988 1712 α’μφότερα)
1030 1672 1101 1709 σφι
1137 1658 1311 1712 ἐχώρησε
1340 1664 1420 1700 sive

755 1711 939 1766 χωρήσει.
999 1717 1108 1765 Mihi,
1129 1725 1173 1755 ut
1194 1719 1285 1769 dixi,
1306 1733 1420 1770 prae-

756 1774 881 1823 placet
902 1774 1017 1810 altera
1027 1775 1302 1825 interpretatio.
1323 1779 1421 1813 Lar-

756 1828 892 1866 cherus
923 1844 1013 1867 cum
1050 1831 1172 1868 Corae
1192 1833 1233 1868 in
1253 1833 1420 1883 vulgata,

757 1899 874 1937 (tuam
895 1885 1149 1934 exhibuimus,
1164 1890 1420 1940 acquiescens,

756 1944 808 1978 ita
830 1943 974 1979 Gallice
1003 1943 1189 1981 reddidit:
1222 1948 1312 1982 mais
1334 1960 1420 1996 sup-

754 2012 893 2049 posons,
926 2000 1030 2049 qu’ils
1055 2013 1096 2037 ne
1124 2002 1331 2039 re‘ussissent
1352 2017 1421 2053 pas

758 2057 781 2091 ιὶ
802 2069 888 2092 nous
906 2056 1020 2094 battre
1040 2070 1100 2094 sur
1119 2061 1209 2095 terre
1229 2063 1261 2095 et
1280 2073 1339 2096 sur
1350 2073 1421 2097 mer

758 2113 781 2148 ὰ
802 2112 839 2149 Ia
853 2111 938 2162 fois.
981 2114 1115 2164 Lange
1129 2116 1418 2166 interpretatur:

755 2167 856 2206 Docli
875 2181 909 2205 es
929 2169 994 2206 soll
1014 2170 1118 2207 ilmen
1139 2172 1237 2208 nicht
1268 2187 1316 2210 an
1338 2174 1420 2224 bey-

755 2225 820 2262 den
863 2226 973 2263 Orten
1010 2227 1184 2275 gliicltem
1233 2229 1420 2268 Herodoti

754 2289 927 2320 mentem
947 2284 1014 2321 vix
1035 2292 1239 2323 assecutus.

1029 2399 1069 2443 §.
1101 2399 1141 2437 3.

815 2475 939 2530 σοφίῃ
958 2475 1113 2530 οἶκηΐῃ]
1137 2477 1334 2514 Sententia
1346 2478 1420 2514 loci

754 2529 849 2568 haec
889 2539 965 2569 est:
1016 2532 1195 2584 equidem
1224 2532 1319 2570 haec
1340 2547 1420 2570 non

748 2588 926 2639 peculiari
946 2588 1103 2638 quddam
1123 2592 1312 2640 sapientia,
1343 2590 1419 2641 quii

756 2644 937 2696 equidem
965 2659 1056 2696 prae
1094 2648 1225 2683 ceteris
1254 2646 1419 2696 gaudeo,

757 2703 918 2739 coniicio
932 2732 941 2750 ,
976 2702 1043 2739 sed
1065 2716 1113 2739 ex
1133 2704 1189 2750 iis,
1221 2716 1319 2753 qnae
1331 2710 1420 2739 ante

758 2758 936 2796 accidisse
952 2758 1064 2795 video
1081 2789 1090 2806 ,
1121 2761 1152 2796 si
1181 2758 1338 2809 quidem
1360 2771 1420 2796 ex-

752 2816 934 2864 perientia
964 2813 1138 2851 homines
1158 2815 1247 2851 talia
1267 2815 1419 2852 edoceri

756 2871 891 2912 solent.
937 2872 1010 2908 Ubi
1030 2872 1283 2921 respiciuntur
1303 2873 1418 2911 verba

1086 2929 1139 2967 29
