1815 3181
403 252 488 293 272

375 367 397 399 3
410 359 640 413 ἐκτρίψειν.

807 243 1275 283 HERODOTI

710 355 1008 409 πλανωμένων
1053 353 1100 397 δὲ
1144 356 1234 396 τῶν
1274 356 1588 410 Λαμψακηνῶν
1625 354 1672 398 ἐν

403 433 519 470 τοῖσι
546 424 740 481 λόγοισι,
768 423 817 465 τὸ
847 422 964 466 θέλει
986 420 1036 464 τὸ
1069 421 1170 471 ἔπος
1200 418 1331 471 εἶναι,
1361 421 1410 465 τό
1441 434 1521 478 σφι
1555 420 1672 466 οἷπεί-

403 499 532 551 λησεν
563 493 586 536 ὁ
630 495 843 545 Κροῖσος,
881 492 1037 541 πίτυος
1066 487 1233 544 τρόπον
1271 489 1509 544 ἐκτρίψειν,
1547 490 1730 548 μόγις85

403 562 502 607 κότε
534 561 691 617 μαθων
720 562 809 602 τῶν
839 576 903 610 τις
936 556 1260 614 πρεσβυτέρων,
1301 555 1392 601 εἶπε
1422 557 1468 602 τὸ
1499 559 1583 611 ἐόν,
1605 559 1674 605 ὅτι

404 631 531 680 πίτυς
558 627 701 684 μούνη
730 625 911 670 πάντων
951 626 1168 679 δενδρέων
1208 625 1437 669 ἐκκοπεῖσα
1483 627 1674 682 βλαστὸν

399 697 564 741 ου’δένα
593 697 750 753 μετίει,
780 693 887 739 ἀλλὰ
917 693 1206 750 πανώλεθρος
1235 692 1532 748 ἐξαπόλλυται.
1591 697 1672 741 δεί·

344 870 504 924 quidem
522 871 575 909 sic
605 869 852 921 pronunties:
886 870 1007 908 Πιτυ-

345 926 493 968 όεσσαν
523 927 664 973 πίτυος
700 922 851 979 τρόπον
880 925 1009 978 ἐκτρί-

344 995 413 1035 ψω
442 985 523 1023 vel:
575 979 902 1035 Πιτυοεσσηνοῦς
938 982 1008 1021 πί-

343 1056 437 1088 τυος
460 1042 578 1092 δίκην
597 1040 788 1092 ἐπιτρίψω.
843 1040 1006 1075 Minime

345 1099 450 1135 enim
469 1099 595 1149 placet
613 1097 776 1133 Bentleii
798 1097 906 1143 ratio,
939 1097 1006 1148 qui

344 1156 386 1192 in
420 1154 558 1206 disput.
591 1152 639 1190 de
659 1154 779 1204 Epist.
812 1151 1006 1190 Phalarid.

344 1224 434 1263 pag.
456 1210 537 1251 246
556 1212 672 1262 Lips.‚
702 1212 743 1246 in
771 1210 908 1262 quibus
941 1222 1008 1245 ea·-

345 1268 436 1306 dem
455 1269 642 1304 sententia
660 1268 800 1317 legitur
815 1296 824 1314 ‚
845 1267 1007 1317 probare

343 1324 501 1372 studuit,
517 1323 758 1361 Herodotum
778 1321 853 1360 hoc
863 1322 1008 1360 dictum

343 1395 368 1419 a
382 1395 422 1419 se
440 1382 642 1419 inventum
652 1380 843 1417 affluxisse
855 1380 1007 1427 Croeso,

344 1437 646 1490 habendumque
680 1436 721 1474 id
756 1438 885 1488 ipsum
928 1449 1009 1474 esse

346 1496 564 1533 orationum
583 1507 746 1531 numero
762 1495 809 1531 ab
822 1492 1008 1531 historicis

346 1553 662 1603 conscriptarum.
714 1552 797 1588 Hoc
817 1552 847 1588 si
866 1551 1009 1601 largia-

347 1610 417 1657 ris,
446 1622 527 1646 non
558 1608 749 1645 affluxisse
780 1608 906 1645 solum
927 1609 1009 1644 He-

343 1665 500 1703 rodotus
521 1664 706 1702 dicendus
726 1665 816 1713 erit,
846 1663 914 1701 sed
932 1664 1009 1700 fin-

344 1724 445 1760 xisse
477 1723 602 1774 ipsam
621 1722 793 1759 fabulam
814 1720 1010 1773 quandam

345 1779 394 1817 de
414 1778 651 1816 dubitatione
661 1777 811 1816 obiecta
821 1780 1011 1829 Lampsa-

344 1838 449 1874 cenis
468 1849 517 1873 ex
535 1837 730 1873 minarum
747 1835 1009 1886 ambiguitate,

344 1892 393 1931 de
413 1905 590 1931 sermone
607 1894 707 1930 inter
726 1891 882 1930 eosdem
900 1893 1012 1930 insti-

344 1957 447 1999 tuto,
477 1949 525 1988 de
544 1951 643 1988 senis
663 1949 880 2002 prudentia.
905 1950 1010 1995 Qua-

344 2009 397 2045 lia
416 2009 448 2045 si
467 2009 514 2045 ab
534 2006 713 2045 historico
733 2007 905 2058 profecta
924 2020 1010 2044 cre—

348 2063 492 2102 duntur
528 2064 714 2115 figmenta
752 2064 899 2115 ingenii
946 2064 1009 2101 vel

344 2120 548 2158 mendacia
566 2122 713 2172 potius,
743 2120 945 2173 equidem,
966 2127 1010 2158 ut

348 2177 477 2214 dicam
505 2176 610 2230 quod
629 2178 771 2225 sentio,
791 2190 927 2215 vereor
959 2190 1010 2214 ne

348 2247 534 2285 magnam
553 2232 731 2271 historiae
761 2240 912 2285 partem
932 2234 1010 2270 tol-

346 2292 486 2329 lamus.
550 2292 685 2343 Neque
729 2303 774 2327 eo
822 2288 1011 2328 trahenda

347 2355 437 2386 sunt
458 2348 571 2385 Gellii
588 2348 703 2384 verba
716 2377 725 2394 ‚
751 2346 817 2384 sed
846 2345 923 2383 huc
937 2359 1012 2397 po-

348 2405 445 2443 tius:
473 2403 715 2442 Herodotum
734 2404 773 2440 in
796 2416 841 2440 eo
861 2404 1011 2454 lapsum

349 2475 430 2499 esse
442 2491 452 2510 ‚
493 2461 598 2514 quod
615 2460 801 2498 iudicaret
820 2473 952 2497 senem
962 2461 1008 2496 il-

348 2519 434 2556 lum
453 2518 494 2556 de
510 2520 599 2570 pinu
617 2530 754 2556 verum
774 2517 913 2554 dixisse
945 2513 1014 2565 (τὸ

349 2571 449 2626 ἐόν).
505 2576 640 2628 Itaque
660 2573 764 2612 haud
785 2574 863 2611 scio
883 2574 1012 2610 anille

348 2631 424 2670 hoc
444 2631 603 2684 quidem
629 2633 715 2669 loco
745 2632 923 2682 abreptus
944 2643 1015 2667 cu-

349 2689 509 2740 piditate
529 2687 784 2727 convincendi
811 2687 1014 2725 adversarii

349 2747 486 2797 Boylei
499 2776 508 2792 ‚
551 2747 717 2783 nimium
747 2745 920 2783 tribuerit
954 2744 1014 2781 isti

350 2803 604 2840 observationi
623 2802 671 2840 de
687 2802 919 2839 orationibus
950 2799 1014 2837 hi-

349 2861 588 2897 storicorum.
645 2858 744 2897 Illud
762 2857 927 2911 denique
939 2856 1014 2895 huo

1064 868 1189 905 facere
1205 866 1369 917 videtur,
1388 881 1410 906 a
1430 870 1600 919 nemum,
1624 869 1730 923 quod

1064 926 1205 973 sciam,
1247 923 1337 962 huic
1375 926 1461 963 loco
1500 926 1729 977 adhibitum,

1065 981 1171 1035 quod
1192 981 1295 1032 apud
1314 982 1600 1021 Artemidorum
1616 992 1670 1023 est
1688 986 1729 1022 in

1066 1040 1262 1076 Oneirocr.
1295 1040 1344 1087 ΙΙ,
1384 1040 1438 1081 25
1472 1054 1510 1092 p.
1554 1043 1632 1082 183
1667 1041 1728 1082 ed.

1062 1095 1176 1134 Reiff.
1187 1096 1303 1142 πίτυς
1325 1096 1393 1135 καὶ
1426 1094 1622 1149 στρόβιλοι
1650 1094 1728 1150 ἄη-

1064 1153 1152 1199 δίας
1194 1151 1260 1190 καὶ
1308 1155 1443 1205 φυγῆς
1489 1152 1728 1204 σημαντικοὶ.

1063 1208 1176 1246 Unde
1196 1208 1353 1246 fortasse
1363 1210 1519 1260 colligas
1533 1211 1647 1248 fuisse
1657 1225 1729 1248 an-

1063 1267 1213 1318 tiquam
1251 1266 1475 1317 opinionem
1501 1267 1542 1304 de
1575 1270 1730 1319 pinnum

1064 1321 1285 1373 infelicitate,
1298 1335 1414 1374 quam
1435 1331 1586 1361 secutus
1609 1326 1729 1363 croe-

1064 1392 1126 1416 sus
1150 1380 1204 1416 ita
1222 1380 1390 1417 minatus
1419 1381 1477 1417 sit.
1536 1381 1643 1427 Quae
1665 1383 1729 1419 in·-

1065 1437 1285 1487 terpretatio
1295 1437 1326 1473 si
1347 1437 1410 1474 cui
1429 1437 1577 1475 facilior
1595 1438 1730 1476 videa-

1065 1500 1130 1530 tur
1161 1492 1227 1529 illa
1276 1494 1403 1544 priore
1443 1493 1491 1531 de
1526 1494 1729 1546 Pityoessd,

1066 1549 1249 1602 equidem
1259 1562 1339 1587 non
1351 1550 1611 1603 refragabor.“
1623 1554 1729 1600 Quae

1064 1607 1202 1658 probat
1244 1605 1481 1646 Dahlmann.
1523 1622 1611 1660 pag.
1649 1611 1729 1651 119

1064 1663 1184 1701 modo
1207 1676 1258 1700 ne
1285 1663 1377 1700 inde
1405 1666 1572 1716 colligas,
1602 1668 1730 1704 Hero-

1066 1719 1158 1758 doto
1193 1719 1377 1758 Charonis
1396 1723 1652 1773 Lampsaceni
1679 1724 1730 1760 li-

1066 1777 1155 1815 bros
1186 1776 1234 1814 de
1254 1779 1469 1830 Lampsaco
1496 1780 1611 1816 fuisse
1641 1787 1731 1817 ante

1067 1835 1197 1871 oculos
1213 1839 1226 1871 τ’
1273 1847 1367 1872 nam
1397 1849 1459 1873 eos
1488 1835 1731 1874 Herodotum

1067 1892 1291 1942 cognovisse
1299 1900 1486 1944 pernegat
1496 1892 1731 1932 Dahhnann.

1123 1948 1398 2000 πλανωμένων
1434 1947 1599 1990 ὄὲ--ἒν
1627 1954 1731 1991 τοῖσι

1065 2000 1235 2059 λόγοισι]
1276 2007 1299 2052 i.
1330 2020 1363 2044 e.
1393 2019 1470 2045 cum
1497 2007 1736 2059 Lampsaceni

1065 2064 1106 2100 in
1124 2063 1336 2100 sermonibus
1354 2077 1384 2101 s.
1404 2065 1562 2103 consiliis
1582 2066 1657 2102 suis
1672 2066 1729 2102 in-

1068 2122 1158 2156 certi
1199 2119 1378 2158 haererent
1419 2134 1449 2158 s.
1490 2123 1729 2173 fluctuarent.

1065 2175 1216 2212 Eadem
1234 2177 1376 2215 locutio
1410 2178 1458 2223 II,
1489 2178 1581 2219 115.
1637 2179 1733 2215 Mox

1067 2245 1157 2269 cum
1177 2240 1336 2270 recentt.
1360 2234 1512 2285 reposui
1524 2230 1583 2274 ’τό
1607 2233 1732 2283 θέλει,

1066 2302 1158 2326 cum
1179 2289 1271 2326 olim
1290 2290 1331 2326 in
1353 2296 1505 2327 textum
1533 2298 1733 2342 receptum

1067 2352 1164 2382 esset
1184 2345 1233 2386 τί
1259 2344 1391 2395 θέλει,
1422 2346 1527 2400 quod
1559 2346 1733 2385 exhibuit

1066 2400 1237 2439 Bekker.
1277 2404 1510 2456 Wesseling.
1540 2403 1672 2442 laudat
1700 2406 1730 2453 1,

1067 2461 1137 2499 78.
1161 2460 1209 2507 ΙΙ,
1235 2462 1298 2501 13.
1323 2462 1387 2510 IV,
1414 2464 1506 2501 131.
1564 2462 1651 2499 Alia
1671 2468 1733 2500 at-

1067 2516 1153 2552 tulit
1174 2515 1396 2568 Schweigh.
1411 2541 1467 2547 —-
1495 2520 1541 2555 In
1556 2531 1663 2572 seqq.
1683 2517 1732 2556 ad

1069 2575 1150 2611 τῶν
1173 2588 1231 2620 τις
1259 2576 1360 2614 conf.
1384 2574 1429 2622 V,
1454 2577 1529 2616 101
1563 2582 1601 2613 et
1621 2574 1670 2613 ad
1691 2571 1734 2615 τό

1071 2627 1135 2669 ἐὸν
1156 2629 1310 2681 (verum)
1339 2631 1388 2669 cs.
1409 2632 1454 2680 V,
1483 2631 1552 2672 40.
1580 2655 1631 2660 ——
1662 2647 1732 2684 με·

1069 2688 1143 2725 τίει
1163 2686 1252 2724 dedi
1270 2701 1340 2739 pro
1357 2691 1485 2740 μετιεῖ
1506 2695 1549 2726 ut
1576 2689 1640 2737 VI,
1663 2691 1733 2729 20.

1128 2738 1226 2783 α’λλᾶ
1266 2741 1533 2795 πανώλεθρος
1562 2741 1730 2793 ἐξαπόλ-

1070 2802 1210 2849 λυται]
1250 2802 1276 2839 i.
1307 2815 1340 2839 e.
1378 2803 1427 2840 ad
1459 2801 1733 2846 internecionem,

1064 2857 1237 2909 funditus
1272 2861 1392 2909 periit.
1457 2860 1633 2911 Namque
1680 2855 1730 2894 ad
