1834 3258
427 236 904 276 POLYMNIA.
963 234 1062 273 VII.

1308 233 1394 273 427

126 351 215 393 τιὸν
243 346 322 403 μὲν
350 344 405 402 δὴ
431 345 661 401 προτέρων
689 343 922 400 ἐπ’ρὲσβευε
939 341 1273 399 Ἀρταβαζάνης·
1304 343 1394 384 τῶν

94 416 174 460 4δὲ
201 412 541 471 ἐπιγενομένων,
571 413 747 469 Ξέρξης.
792 412 934 465 ἐόντες
964 412 1009 456 δὲ
1040 411 1204 468 μητρὸς
1234 408 1287 453 οὐ
1317 412 1394 465 τῆς

126 479 284 539 αὐτῆς,
314 482 590 536 ἐστασίαζον·
631 480 655 525 ὁ
689 482 769 538 μὲν
797 479 1138 537 Ἀρταβαζάνης,
1167 475 1265 523 κατ’
1297 475 1323 521 ὅ
1353 493 1395 521 τι

122 549 422 607 πρεσβύτατός
449 567 494 596 τε
523 553 588 608 εἴη
615 549 780 601 παντὸς
807 553 889 594 τοῦ
917 548 1080 605 γόνου,
1118 547 1193 591 καὶ
1224 546 1293 590 ὅτι
1320 561 1395 589 νο-

125 620 334 676 μιζόμενα
363 620 428 674 εἴη
461 618 572 673 πρὸς
600 616 779 662 πάντων
808 616 1061 672 ἀνθρώπων
1097 617 1177 659 τόν
1207 612 1394 669 πρεσβύ-
1406 618 1452 653 30

124 703 258 732 τατον
288 687 368 743 τὴν
397 686 534 743 ἀρχὴν
562 686 694 743 ἔχειν·
735 685 897 742 Ξέρξης
927 686 987 738 δὲ,
1020 685 1079 736 ὥς
1107 682 1312 740 Ἀτόσσης
1349 699 1395 726 τε

125 760 229 807 παῖς
248 757 335 812 εἴη,
365 759 441 813 τῆς
471 755 628 811 Κύρου
657 755 899 811 θυγατρός,
945 754 1015 797 καὶ
1049 751 1117 797 ὅτι
1147 756 1300 807 Κῦρος
1330 753 1395 806 εἴη

28 823 58 868 3
127 823 153 868 ὁ
180 824 450 881 κτησαμενος
492 829 605 868 τοῖσι
637 825 835 881 Πέρσῃσι
874 822 954 879 τήν
983 822 1248 876 ἐλευθερίην.
1308 825 1394 863 Δα-
1453 846 1486 870 t
1470 851 1555 877 ml

125 894 248 948 ρείου
279 893 325 937 δὲ
346 890 428 937 οὐκ
461 890 838 948 ἀποδεικνυμένου
862 908 924 935 κω
953 889 1156 948 γνώμην,
1187 888 1394 945 ἐτύγχανε
1454 911 1495 945 [1,-
1514 885 1588 946 70³3?
1590 910 1660 946 quid

68 1105 120 1144 33
150 1104 196 1140 B.
234 1103 364 1155 ibique
396 1101 609 1154 Spanhem.
641 1115 730 1154 pag.

122 1217 205 1256 τῶν
221 1213 293 1267 μὲν
315 1212 366 1266 δη
393 1214 598 1268 προτέοων
617 1213 733 1267 ἐπρέ-

68 1273 184 1326 σβευε
200 1268 528 1325 Ἀρταβαζάνης]
560 1273 732 1310 Verbum

37 1370 43 1374 ,
67 1326 302 1389 πρεσβευειν
328 1336 528 1381 exponunt
558 1326 730 1381 ποεσβύ-

66 1401 185 1426 τατον
198 1390 301 1426 εἰναι
309 1385 518 1435 (maximum
527 1390 616 1424 natu
625 1401 657 1425 e
652 1388 728 1437 se).

69 1444 181 1482 Conf.
209 1442 383 1481 Thomas
419 1444 601 1494 Magister
638 1457 727 1495 pag.

67 1503 94 1541 7
97 1503 246 1552 37seq.‚
257 1501 323 1552 qui
331 1499 594 1537 Herodoteum
602 1499 730 1538 hunc-

67 1570 112 1595 ce
145 1556 306 1594 laudans
349 1558 500 1605 locum,
541 1556 651 1595 affert
690 1556 729 1597 ἒ-

66 1611 299 1666 πρὲσβευσε.
329 1613 513 1652 Valcken.
534 1616 729 1653 excitave-

66 1678 125 1708 rat
145 1669 327 1721 Sophocl.
347 1670 443 1709 Oed.
465 1671 547 1708 Col.
572 1670 678 1712 1418
699 1685 730 1708 5.

69 1727 178 1769 1422
197 1729 264 1766 ΒΓ.
320 1723 619 1780 Ἀρταβαζάνης
641 1727 731 1765 dedi

66 1797 89 1822 e
105 1784 297 1823 Sancroffi
318 1786 415 1823 libro
443 1798 533 1823 cum
554 1786 672 1823 Gaisf.
695 1793 732 1823 et

66 1839 204 1878 Matth.
225 1841 433 1879 accedente
462 1843 578 1879 Laur.
608 1843 729 1880 Valla.

66 1898 194 1948 Vulgo
233 1893 298 1948 ’Ap
308 1914 329 1937 τ
343 1913 363 1938 ο
375 1894 551 1950 βαζὰνης
565 1928 575 1946 ,
625 1898 731 1951 quod

68 1955 225 1991 retinuit
236 1954 414 1992 'Bekken
455 1954 533 1992 Sed
543 1954 621 1992 vid.
632 1963 729 1992 nott.

69 2010 118 2048 ad
146 2011 210 2058 VI,
231 2011 297 2051 43.
319 2013 384 2052 98.
415 2012 489 2057 Qui
507 2010 613 2049 idem
629 2011 731 2063 apud

67 2066 265 2108 Plutarch,
287 2069 313 2105 l.
333 2068 360 2106 l.
382 2069 468 2106 coll.
489 2070 525 2105 ΙΙ
547 2081 635 2120 pag.
653 2072 731 2109 173

67 2126 115 2164 B.
147 2131 185 2161 et
217 2122 407 2162 Themist.
443 2138 506 2176 op.
551 2125 602 2165 14
643 2138 730 2176 pag.

70 2184 151 2222 119
182 2181 267 2231 (ubi
298 2182 400 2219 conf.
431 2182 612 2220 Sintenis.
641 2195 730 2233 pag.

71 2237 170 2289 101)
183 2245 341 2276 vocatur
353 2234 605 2291 Ἀριαμένης-5
626 2238 731 2291 quod

67 2307 213 2332 nomen
231 2297 375 2333 Iustino
393 2297 420 2333 L
440 2297 465 2333 l.
486 2297 629 2334 restitui
649 2296 732 2333 vult

68 2350 218 2401 Valck„
245 2353 313 2389 ubi
331 2366 437 2390 nunc
455 2354 572 2404 vulgo
592 2354 732 2404 legitur

71 2408 281 2456 Artemenes,
313 2422 403 2446 cum
422 2410 486 2447 alii
512 2410 599 2447 libri
621 2408 734 2447 exhi-

70 2465 188 2502 beant
212 2466 441 2514 Artamenes,
482 2467 547 2504 alii
573 2467 735 2506 Ariame-

70 2534 156 2570 nest,
203 2535 372 2573 quocum
411 2536 592 2575 comparo
629 2522 735 2576 quod

72 2576 175 2629 apud
207 2578 392 2616 Herodot.
430 2581 512 2628 VII,
552 2583 604 2621 68
641 2580 736 2629 (ubi

72 2633 150 2673 vid.
168 2633 281 2687 nott.)
296 2643 418 2672 exstat
429 2649 573 2673 nomen
592 2632 735 2688 Ἀρσα-

73 2690 207 2742 μένης.
227 2694 279 2730 Et
298 2692 399 2730 conf.
424 2706 577 2745 quoque
589 2693 732 2731 Herod.

73 2749 173 2796 VIII⁷
195 2751 262 2790 89.
320 2750 381 2785 Ab
414 2748 487 2786 hoc
509 2757 637 2787 autem
662 2751 736 2787 Ar-

74 2805 258 2842 tabazaue
309 2804 570 2843 MithrIdatem
626 2807 736 2844 illum

74 2860 189 2900 Ponti
208 2875 341 2914 regem
360 2875 481 2914 genus
494 2862 645 2902 duxisse
666 2876 737 2902 ex-

1452 809 1565 836 nem-m
1560 808 1702 869 1Ἴί11011110

1587 842 1728 869 sanim-1

1450 877 1566 904 loSus
1570 876 1729 904 311311115

788 1103 928 1140 istimat
938 1099 1162 1147 Larcherus,
1179 1099 1355 1138 adhibitis
1367 1101 1451 1151 Ap-

788 1160 894 1210 piani
904 1159 1019 1207 (Bell.
1029 1157 1238 1194 Mithridat.
1253 1170 1336 1208 cap.
1354 1155 1449 1208 112)

790 1223 827 1253 et
846 1216 949 1253 Flori
974 1215 1068 1264 (111,
1104 1215 1129 1254 5
1160 1228 1198 1265 p.
1224 1213 1305 1254 467
1326 1211 1450 1267 Duk.)

787 1273 894 1311 locis.
936 1273 1030 1309 Utut
1051 1278 1122 1319 est,
1144 1273 1338 1307 maximus
1359 1277 1454 1307 natu

786 1331 852 1368 ille
870 1331 970 1367 inter
989 1330 1095 1365 Darii
1115 1328 1211 1365 filios
1241 1323 1352 1380 νόμῳ
1376 1322 1453 1376 φύ-

787 1397 898 1436 σεως,
919 1394 963 1424 ut
985 1388 1036 1423 ait
1055 1386 1243 1423 Eusebius
1258 1386 1334 1422 Vit.
1347 1385 1452 1421 Con-

786 1452 898 1482 stant.
918 1445 948 1493 Ι,
970 1446 1019 1484 21
1046 1456 1068 1480 a
1094 1443 1357 1492 VVesselingio
1383 1454 1453 1478 ex-

788 1503 943 1549 citatus,
973 1501 1053 1537 sive
1084 1501 1214 1536 aetatis
1235 1499 1451 1551 privilegio,

787 1566 830 1595 ut
848 1558 983 1596 Iustini
1002 1564 1089 1593 utar
1107 1557 1251 1604 verbis,
1282 1567 1451 1606 reg-num

787 1616 859 1653 sibi
895 1614 1133 1662 vindicabat,
1189 1612 1294 1667 quod
1329 1614 1388 1649 ius
1417 1618 1454 1649 et

789 1671 883 1710 ordo
923 1671 1106 1709 nascendi
1135 1679 1171 1708 et
1200 1678 1338 1707 natura
1372 1670 1454 1720 ipsa

788 1730 965 1780 gentibus
1001 1727 1119 1766 dedit.
1176 1729 1235 1764 De
1266 1740 1343 1779 quo
1370 1727 1452 1777 ipso

786 1787 1022 1836 Wesseling.
1047 1785 1213 1823 conferri
1237 1785 1320 1822 vult
1350 1785 1453 1833 Hug.

788 1845 966 1881 Grotium
991 1844 1050 1879 De
1078 1844 1156 1880 Iur.
1183 1842 1280 1879 Bell.
1303 1847 1340 1877 et
1360 1841 1454 1877 Pac.

787 1902 836 1948 Π,
855 1902 897 1941 7.
930 1903 995 1940 13.
1012 1920 1069 1926 —
1100 1900 1145 1934 In
1166 1911 1272 1950 seqq.
1293 1910 1363 1948 pro
1380 1911 1454 1935 κα-

786 1953 871 1997 τότι
886 1987 896 2005 ,
927 1955 1033 2008 quod
1063 1956 1124 1992 vel
1145 1955 1264 1992 Gaisf.
1285 1955 1453 1999 retinuit,

789 2012 878 2051 dedi
907 2008 991 2052 κατ’
1017 2008 1041 2052 ὅ
1068 2026 1118 2051 τι.
1176 2011 1264 2049 vid.
1285 2017 1382 2048 nott.
1404 2009 1454 2047 ad

787 2071 852 2118 VI,
879 2073 918 2111 3.
978 2070 1084 2115 Quae
1113 2068 1292 2120 deinceps
1324 2082 1344 2104 e
1367 2068 1453 2118 ple-

789 2128 916 2179 risque
948 2125 1059 2165 codd.
1087 2127 1140 2163 sic
1171 2127 1376 2164 constituta
1395 2125 1454 2161 le-

790 2190 956 2235 guntur:
1004 2181 1073 2222 καὶ
1111 2179 1175 2223 ὅτι
1207 2179 1455 2234 νομιζόμενα

789 2241 851 2292 εἴη
879 2256 916 2280 κ.
947 2255 982 2279 τ.
1006 2243 1041 2279 λ.
1072 2240 1125 2277 510
1155 2253 1312 2293 quoque
1343 2238 1453 2276 affert

786 2295 963 2335 Eustath.
990 2296 1039 2333 ad
1058 2295 1168 2336 Iliad.
1196 2312 1235 2349 p.
1257 2300 1324 2344 28,
1346 2294 1396 2336 41
1421 2310 1452 2333 5.

787 2358 860 2400 22,
899 2357 925 2395 6
964 2367 1054 2405 pag·
1083 2354 1150 2401 59,
1171 2357 1225 2395 30
1245 2368 1274 2393 s.
1297 2354 1364 2399 46,
1387 2353 1455 2399 51,

789 2413 858 2449 ubi
886 2410 1074 2450 Valcken.
1103 2409 1152 2448 ad
1184 2413 1234 2450 H.
1265 2408 1452 2461 Stephani

790 2467 912 2506 Thes.
931 2470 977 2505 L.
991 2469 1058 2506 Gr.
1074 2481 1111 2518 p.
1124 2466 1191 2516 46,
1216 2469 1295 2509 150
1307 2478 1452 2518 provo-

792 2532 865 2563 cat.
896 2526 1139 2562 Florentiuus
1152 2525 1247 2563 liber
1269 2523 1452 2562 cumanis

791 2578 1006 2634 νομιζόμεν
1020 2596 1040 2622 ο
1057 2596 1094 2621 ν.

1031 2662 1124 2713 Cap.
1145 2662 1213 2698 ΠΙ.

848 2751 1023 2803 Δαρείου
1045 2749 1087 2791 δὲ
1115 2746 1191 2790 ov’n
1211 2744 1451 2789 ἀποδεικνυ-

793 2806 915 2860 μένου
927 2823 985 2847 κω
997 2803 1181 2860 γνώμην]
1198 2808 1453 2844 Locutionem

793 2861 1112 2906 ἀποδείκνυσθαι
1148 2859 1314 2917 γνώμην
1346 2864 1452 2914 attigi
