1806 3181
404 154 487 193 760
802 152 1259 190 HERODOTI

403 261 500 308 εἐιν,
520 258 811 315 μετεπέμψατο
842 259 1106 316 Δημάρητον
1143 260 1222 304 τόν
1246 260 1497 316 Ἀρίστωνος
1526 261 1654 306 ἐόντα

374 327 453 371 Ξέν
488 329 548 382 τῷ
588 327 871 382 στρατοπέδῳ.
889 326 1172 384 »ἀπικόμενον
1200 327 1245 371 δέ
1264 345 1339 384 μιν
1368 327 1523 384 εἰρώτα
1552 329 1654 385 Ξέρ-

401 397 474 450 ξης
512 393 668 437 ἕκαστα
696 393 876 447 τούτων,
911 395 1073 439 ἐθέλων
1092 394 1271 451 μαθέειν
1309 396 1356 439 τὸ
1395 394 1652 452 ποιεύμενον

374 460 520 516 3πρὸς
548 465 636 504 τῶν
663 464 1035 517 Λακεδαιμονίων.
1086 462 1140 506 Ὃ
1178 462 1223 506 δὲ
1251 460 1359 505 εἶπε·
1409 462 1652 516 ,,’Ήκουσας
1664 471 1707 505 85

401 529 507 584 ,,με’ν
535 545 615 586 μευ
643 530 716 572 καὶ
743 530 979 584 πρότερον,
1010 526 1104 574 εὖτε
1143 529 1343 586 ὁρμῶμεν
1372 530 1440 574 ἐπὶ
1467 532 1545 586 τήν
1567 530 1654 574 Ἑλ-

397 595 558 649 „nomm
589 596 686 650 περὶ
714 600 801 640 τῶν
831 595 1007 652 ἀνδρῶν
1035 597 1226 642 τούτων·
1264 596 1452 648 ἀκούσας
1479 597 1548 648 δὲ,
1575 598 1651 653 γέ-

401 661 541 716 ,,λωτά
580 679 631 719 με
659 664 785 717 ἔθευ,
823 667 1004 721 λέγοντα
1033 666 1086 708 τά
1115 681 1195 720 περ
1227 664 1355 720 ὥρων
1385 666 1653 720 ἐκβησόμενα

373 730 664 786 4,,πρήγματα
691 736 839 776 ταῦτα.
897 731 993 787 ἐμοὶ
1019 749 1103 788 γαρ
1133 733 1212 789 τήν
1242 732 1459 789 ἆληθηῖην
1488 731 1710 776 ἄσκέειν9ο

403 797 555 850 ,,ἀντία
586 802 674 853 σεῦ,
704 794 739 843 ὦ
768 803 958 856 βασιλεῦ,
990 798 1107 855 ἀγών
1136 799 1333 856 μέγιστός
1370 800 1471 843 ἐστι.
1529 799 1656 844 α’κου-

399 877 508 918 7,σον
550 866 595 909 δὲ
633 868 706 910 καὶ
748 869 961 911 νῦν.οί
1001 867 1155 922 α’νδρες
1196 870 1318 912 οὑτοι
1348 866 1549 911 ἀπίκαται
1577 885 1656 924 μα-

399 931 656 989 ,,χησόμενοι
684 932 787 990 ἡμῖν
814 936 914 990 περὶ
941 940 1018 992 τῆς
1046 936 1222 990 ἐσόδου,
1253 936 1326 980 καὶ
1353 939 1489 979 ταῦτα
1517 951 1656 991 παρα-

372 1001 721 1055 5,,σκευάζονται.
792 1001 930 1059 νόμος
978 1003 1060 1059 γάρ
1109 1015 1188 1059 σφι
1225 1003 1340 1048 οὕτω
1384 1004 1492 1059 ἔχων
1549 1004 1654 1048 ἐστί.

400 1068 557 1119 »ἐπεὰν
596 1069 780 1127 μέλλωσι
820 1071 1093 1117 κινδυνεύειν
1123 1075 1176 1128 τῇ
1200 1076 1332 1130 ψυχῇ,
1361 1070 1456 1116 τότε
1485 1070 1562 1123 τοὶς
1588 1078 1711 1115 ace-95

1793 768 1806 798 5¹

344 1283 476 1328 terque
489 1277 584 1313 liber
597 1277 638 1317 οἷ
646 1277 859 1329 ἐφαίνοντο
872 1293 883 1328 3
905 1293 1002 1332 quae

343 1334 374 1369 si
395 1346 621 1384 componas,
643 1337 823 1384 exoritur,
846 1344 1002 1373 notante

344 1388 706 1440 Schweighaeuser„
718 1391 811 1429 haec
822 1393 900 1429 fere
909 1395 1002 1430 scri-

344 1452 473 1495 ptura:
508 1442 645 1495 αὐτὸς,
694 1450 827 1499 γελοῖα
858 1465 932 1501 γαρ
962 1448 1004 1488 οἷ

344 1501 573 1550 ἐφαίνοντο.
606 1524 660 1531 -
700 1505 891 1542 particula
925 1521 999 1558 γαρ

344 1560 499 1594 tertium
519 1557 581 1596 hic
612 1567 772 1610 occupat
790 1562 932 1600 locum.
955 1563 1001 1597 Iu

344 1627 451 1665 seqq.
489 1628 558 1665 pro
607 1616 777 1655 τουτέων
816 1618 872 1655 bis
913 1617 1000 1655 dedi

345 1667 513 1709 τούτων.

399 1735 577 1788 ἤκουσας
595 1736 666 1788 μέν
680 1754 752 1790 μευ
774 1739 841 1779 καὶ
861 1740 1003 1793 πρότε-

346 1795 444 1846 ρον]
467 1794 550 1832 vid.
564 1796 644 1842 VH,
659 1799 800 1836 101—
819 1796 911 1837 104.
940 1796 1003 1833 Ad

346 1863 390 1886 ea
405 1864 502 1902 quae
522 1860 755 1903 sequuntur:
786 1849 934 1905 γέλωτά
957 1867 1003 1903 με

345 1905 441 1945 ἔθευ
464 1906 573 1957 (risui
598 1921 648 1945 me
675 1909 860 1959 habuisti)
902 1909 1004 1946 conf.

344 1964 412 2010 111,
432 1965 485 2003 29
507 1971 543 2000 et
565 1977 662 2016 quae
683 1964 730 2001 ad
752 1964 789 2002 h.
810 1967 835 2004 l.
866 1967 1004 2002 excitat

345 2020 575 2070 WVesseling.
587 2021 666 2057 Iob.
680 2023 800 2069 XVII,
812 2025 849 2063 6.
861 2021 1004 2059 Athen.

345 2076 432 2112 VIII
452 2090 489 2126 p.
504 2076 584 2116 335
606 2078 648 2114 C.
681 2078 744 2115 Cr.
765 2077 868 2115 addit
882 2079 1004 2114 Heiu-

348 2130 444 2168 dorf.
474 2131 522 2168 ad
549 2134 700 2171 Platon.
734 2133 896 2171 Theaet.
917 2148 1003 2185 pag.

348 2189 541 2227 362-111
574 2192 758 2238 proximis
784 2192 905 2228 verbis
934 2204 1004 2241 pio

347 2239 470 2294 τάπερ
508 2243 635 2281 Reisk.
675 2247 837 2283 coniecit
865 2250 1002 2300 τῇπερ,

350 2298 455 2349 quod
496 2299 634 2337 arridet
672 2303 888 2352 Wesseling
868 2305 928 2339 oio
966 2310 1004 2339 et

349 2353 713 2406 Schweighaeusero
745 2357 923 2409 quodque
962 2360 1004 2395 in

347 2417 498 2448 textum
518 2414 658 2464 recepit
686 2413 900 2451 Bekkerus.
938 2415 1006 2450 Li-

348 2468 407 2504 bri
443 2470 570 2519 soripti
607 2483 686 2506 non
739 2470 1005 2521 suffragantur.

351 2525 518 2561 Verbum
541 2525 736 2577 ἐκβαίνειν
754 2527 921 2574 accidere,
933 2539 1007 2564 eve-

350 2582 425 2617 nire
453 2589 573 2619 exstat
602 2583 682 2632 Vll,
703 2586 798 2624 221.
819 2584 1005 2632 V111‚6o.

354 2638 423 2684 ΙΧ,
449 2638 512 2678 15.

409 2666 497 2743 ἐμοὶ
529 2709 604 2744 γαρ
625 2691 699 2745 τήν
731 2691 934 2762 ἄληθηΐην
958 2689 1007 2733 οἷ·-

356 2747 484 2788 σκέειν
516 2746 631 2789 α’ντία
663 2748 915 2804 σευ-αγων
941 2749 1008 2803 μέ-

1058 1275 1192 1332 γιστός
1231 1278 1336 1326 ἐστι]
1378 1278 1405 1315 i.
1435 1292 1469 1315 e.
1508 1289 1612 1328 quam
1637 1289 1714 1315 ma-

1056 1339 1149 1373 xime
1180 1337 1269 1372 enim
1297 1335 1384 1372 mim·
1409 1338 1459 1372 est
1483 1335 1711 1385 propositum,

1056 1394 1213 1429 maxima
1235 1391 1322 1428 mila·
1341 1394 1390 1427 est
1410 1393 1579 1428 contentio
1594 1403 1714 1428 verum

1057 1449 1183 1486 ‹li-cere
1241 1448 1324 1493 Ouo
1356 1448 1469 1483 etIam
1497 1447 1712 1497 respiciunt,

1056 1518 1154 1557 quae
1183 1505 1388 1555 leguntur'
1378 1517 1419 1539 111
1450 1511 1620 1540 extremo
1639 1502 1713 1540 hoc

1057 1562 1201 1612 capite:
1254 1558 1341 1611 ἐμοὶ
1365 1562 1539 1612 χρασθαι
1567 1575 1620 1607 ως
1641 1575 1715 1599 αν-

1059 1616 1122 1667 δρὶ
1135 1611 1290 1666 ψεύστῃ
1303 1631 1339 1654 κ.
1352 1631 1384 1654 τ.
1396 1619 1429 1653 λ.
1459 1618 1582 1653 Persis
1595 1618 1715 1664 enim,

1059 1672 1163 1725 quod
1182 1673 1342 1708 minime
1361 1670 1424 1708 hio
1443 1671 1716 1722 fugitValcke-

1057 1743 1161 1766 naer.
1165 1728 1394 1779 ,αἴσχιστον
1421 1743 1463 1766 το
1486 1724 1716 1777 ψεύδεσθαι

1057 1792 1151 1823 teste
1170 1787 1251 1835 ipso
1282 1783 1475 1820 Herodoto
1494 1786 1641 1832 1,138.

1116 1847 1403 1902 μαχησόμενοι]
1428 1852 1491 1889 Sic
1512 1852 1625 1902 plane
1637 1849 1712 1889 duo

1059 1908 1172 1946 codd.
1201 1909 1461 1945 Florentinus:
1492 1923 1714 1959 καταμαχη-

1061 1963 1231 2016 σόμενοι.
1288 1965 1412 2014 Vulgo
1443 1961 1713 2015 μαχεσόμενοι.

1060 2024 1160 2058 Hinc
1181 2022 1295 2058 etiam
1309 2021 1408 2057 infra
1420 2034 1469 2057 ex
1480 2020 1616 2058 eodem
1624 2021 1716 2057 Flo-

1058 2080 1209 2115 rentino
1230 2077 1454 2129 duobusque
1470 2079 1548 2114 aliis
1561 2075 1715 2114 exhibui

1061 2131 1343 2186 μαχήσονται,
1391 2135 1456 2171 ubi
1492 2135 1555 2170 alii
1582 2131 1715 2184 μαχέ-

1062 2203 1196 2230 σονται
1210 2219 1219 2237 ,
1266 2191 1420 2239 vulgata
1455 2188 1714 2240 μαχέσασθαι.

1060 2246 1146 2284 vid.
1170 2252 1264 2282 nott.
1286 2245 1334 2281 ad
1354 2247 1433 2292 vn,
1458 2247 1549 2285 102.
1577 2267 1633 2271 —-
1669 2246 1715 2281 1n

1059 2315 1165 2354 seqq.
1204 2298 1279 2351 τὴν
1316 2298 1454 2351 ’ψυχήν
1487 2302 1714 2352 interpretor

1058 2361 1179 2405 vitam,
1201 2363 1243 2393 ut
1261 2357 1341 2404 VII,
1364 2360 1431 2398 39.

1115 2409 1203 2453 τότε
1232 2409 1302 2459 voig-
1320 2409 1494 2463 κεφαλάς
1514 2410 1714 2463 κοσμέον-

1061 2470 1152 2518 ται]
1195 2470 1252 2505 De
1273 2482 1363 2506 cura
1388 2470 1611 2520 capillorum
1633 2468 1712 2510 vid.

1060 2532 1154 2563 nott.
1176 2524 1224 2562 ad
1247 2524 1326 2574 VII,
1348 2528 1443 2566 208.
1474 2527 1531 2562 Ao
1551 2526 1713 2575 pertinet

1061 2581 1137 2619 huc
1167 2595 1282 2634 quam
1318 2583 1487 2619 maxime
1519 2580 1714 2618 Plutarchi

1062 2640 1166 2675 locus
1185 2640 1225 2675 in
1244 2640 1410 2689 Lycurg.
1436 2640 1490 2679 22
1519 2638 1601 2675 init.
1623 2650 1724 2688 pag.⁴

1064 2695 1116 2736 53
1135 2695 1185 2732 D.
1241 2694 1353 2740 Quod
1374 2707 1463 2732 vero
1484 2707 1552 2744 pro
1572 2692 1712 2744 κοσμέ-

1067 2765 1177 2790 ονται
1196 2750 1380 2789 Valcken.
1407 2751 1559 2788 coniicit
1571 2747 1712 2801 σμέον-
