1870 3249
343 213 998 253 TERPSICHORE.
1058 213 1101 248 V.

1302 210 1387 250 223

91 327 297 370 Ξέκδιδοῖ-
342 323 665 379 συλλεχθέντων
695 322 740 366 δὲ
769 325 858 365 τῶν
882 324 1046 376 Καρῶν
1065 320 1274 368 ἐνθαῦτα,
1305 318 1386 374 ἐγί-

120 410 252 438 νοντο
282 392 438 447 βουλαὶ
480 391 608 435 ἄλλαι
648 407 692 434 τε
722 391 901 443 πολλαὶ,
943 390 1015 432 καὶ
1057 388 1207 443 ἀρίστη
1237 402 1284 442 γε
1315 389 1385 430 δο-

121 463 282 506 κέουσα
312 458 422 504 εἶναι
460 461 554 515 ἐμοὶ
588 458 851 514 Πιξωδάρου
889 462 968 501 τοῦ
999 455 1272 506 Μαυσώλου,
1314 452 1382 498 οἷν-

121 528 224 583 δρὸς
254 529 487 580 Κινδυέος,
533 527 580 579 ὃς
610 532 691 571 τοῦ
722 529 917 571 Κιλίκων
953 527 1156 583 βασιλέος
1194 523 1388 568 Συεννέ-

91 605 221 648 Βσιος
259 595 341 652 εἶχε
370 597 604 651 θυγατέρα.
647 595 810 639 τούτου
848 599 929 638 τοῦ
973 593 1135 649 ἀνδρός
1170 592 1197 648 ἡ
1236 588 1444 647 γνώμη95

119 665 272 720 ἔφερε,
304 664 544 722 διαβάντας
573 664 652 708 τόν
682 664 948 717 Μαίανδρον
976 661 1080 712 τοὺς
1113 664 1282 715 Κᾶρας,
1316 657 1389 702 καὶ

116 732 226 776 κατά
268 732 414 777 νώτου
452 733 627 789 ἔχοντας
665 732 746 776 τόν
789 730 1011 787 ποταμὸν,
1054 729 1169 773 οὕτω
1201 727 1389 785 συμβάλ-

119 805 228 844 λειν·
259 803 333 845 ἵνα
361 801 419 857 μή
451 802 618 857 ἔχοντες
647 801 785 844 ὀπίσω
817 798 998 856 φεύγειν
1034 799 1077 841 οἱ
1106 801 1270 851 Κᾶρες,
1312 794 1387 838 αυ’-

118 873 199 912 τοῦ
228 885 273 912 τε
302 870 448 924 μένειν
477 868 848 925 ἀναγκαζόμενοι,
888 869 1090 924 γενοίατο
1128 866 1188 910 ἔτι
1219 864 1389 920 ἀμείνο-

89 941 193 987 4νες
222 941 294 992 τῆς
324 935 498 992 φύσιος.
542 937 650 994 αὕτη
681 937 760 993 μέν
789 954 872 980 νυν
903 935 986 979 οὐκ
1018 934 1140 978 ἐνίκα
1170 933 1195 990 ἡ
1225 931 1389 988 γνώμη,

121 1004 229 1048 α’λλοὶ
249 1010 363 1048 τοῖσι
389 1006 584 1062 Πέρσῃσι
602 1005 713 1050 κατὰ
735 1005 881 1049 νώτου
909 1006 1108 1060 γίνεσθαι
1123 1002 1201 1045 τὸν
1218 1002 1387 1044 Malav-

122 1075 232 1126 δρον
260 1077 427 1129 μᾶλλον
455 1073 484 1130 ἦ
514 1076 662 1128 σφίσι·
700 1073 885 1129 δηλαδή,
917 1070 972 1128 ἣν
1007 1070 1126 1127 φυγὴ
1155 1074 1243 1113 τῶν
1276 1072 1414 1122 Περ-1

122 1140 234 1184 σέων
266 1141 463 1196 γένηται,
493 1142 567 1184 καὶ
594 1140 842 1185 ἑσσωθέωσι
871 1144 923 1197 τῇ
953 1141 1175 1195 συμβολῇ,
1218 1136 1278 1188 ὥς
1309 1135 1390 1180 οὐκ

18 1380 24 1384 »
64 1360 221 1414 quidem
241 1369 352 1398 autea
362 1360 581 1413 Chrysaoris
599 1368 635 1398 et
646 1363 726 1397 He-

63 1420 201 1455 catesia
221 1432 311 1455 cum
333 1418 520 1456 diceretur
533 1449 542 1466 ‚
565 1420 612 1455 ab
631 1420 726 1469 ipso,

63 1476 129 1512 ubi
158 1477 279 1526 posita
301 1484 379 1513 erat
390 1504 406 1521 ,
436 1483 558 1513 tractu
579 1488 727 1526 coguo-

62 1545 150 1569 men
174 1532 294 1571 duxit.

120 1585 388 1642 Πιξωδάρου]
431 1591 484 1627 Ita
513 1602 582 1640 pro
622 1589 728 1639 vulg.

66 1642 298 1698 Πιξοδᾶρου
331 1646 420 1684 dedi
449 1660 539 1684 cum
569 1653 730 1683 recentt.

63 1703 249 1753 probante
269 1702 408 1740 Athen.
431 1705 489 1741 XI
517 1718 556 1755 p.
577 1702 662 1743 472
685 1704 714 1738 F
718 1730 729 1739 ·

64 1759 222 1796 Diodor.
251 1762 342 1797 XVI
359 1791 368 1808 ‚
419 1760 487 1801 74.
527 1759 730 1797 Accedunt

67 1829 222 1868 quoque
237 1819 345 1853 numi
362 1847 371 1865 ‚
401 1824 495 1854 teste
514 1818 732 1855 Wesselin-

68 1873 144 1921 gio.
185 1873 251 1908 Tu
271 1873 347 1912 vid.
371 1873 518 1910 Rasche
538 1875 634 1915 Lex,
646 1875 730 1908 Nu-

67 1929 194 1964 mism.
217 1930 266 1965 T.
289 1930 344 1966 III
363 1932 410 1966 P.
431 1933 456 1970 2
476 1944 515 1981 p.
530 1932 635 1970 1386
656 1930 730 1966 ibi-

68 1997 143 2036 que
165 1985 293 2023 laudd.
315 1986 418 2023 unde
439 1986 617 2024 discimus
637 1987 731 2022 sub-

66 2041 158 2078 inde
187 2055 342 2095 quoque
372 2045 534 2080 inveniri
563 2048 667 2093 6pro
690 2044 727 2082 ὦ.

65 2098 159 2135 Mox
188 2112 258 2149 pro
290 2099 486 2146 Κινδυέος
515 2100 728 2137 Palmerius

64 2155 157 2191 olim
186 2156 362 2193 substitui
383 2158 503 2193 voluit
538 2155 729 2204 Κνιδιέος

64 2218 106 2248 ut
129 2211 252 2260 Cmdo,
276 2214 406 2250 Cariae
418 2212 572 2265 oppido,
595 2215 729 2250 oriun-

64 2267 135 2306 dus
174 2270 450 2321 intelligeretur
480 2269 620 2316 110m03
664 2272 732 2323 qui

51 2338 160 2363 ,νει-ο
173 2355 182 2373 ,
212 2334 255 2364 ut
275 2328 373 2364 bene
401 2329 551 2365 monuit
570 2329 732 2365 Wesse-

68 2382 175 2432 ling„
191 2384 358 2431 Κνίδιος
370 2384 617 2436 appellandus
639 2392 731 2423 erat.

68 2439 149 2475 Nec
159 2441 282 2490 magis
302 2442 427 2492 placet
441 2443 612 2493 Bergleri
634 2456 730 2480 cou-

68 2496 214 2532 iectura
253 2492 448 2545 Ἀλινδέος
479 2500 728 2547 rescribentis,

70 2565 119 2588 ex
147 2551 318 2601 Annalis,
367 2555 499 2592 Cariae
519 2557 605 2593 loco
627 2555 731 2608 apud

67 2609 219 2646 Arrian.
248 2610 397 2661 Exped.
429 2613 459 2660 1,
492 2612 558 2653 24.
616 2615 729 2660 Nam,

69 2665 209 2703 eodem
229 2667 453 2705 observante
472 2671 731 2721 Wesselingio

71 2722 156 2774 (qui
188 2722 236 2760 de
265 2722 339 2760 hoc
366 2725 466 2762 bello
488 2727 650 2763 conferri
669 2729 733 2763 iu-

70 2780 136 2816 bet
165 2781 382 2817 Demouem
421 2784 461 2819 iu
503 2781 666 2820 Scholiis
684 2783 734 2820 ad

71 2836 265 2888 Aristoph.
286 2839 388 2876 Plut.
409 2840 548 2890 1003),
568 2837 734 2888 Κινδΰς,

786 1355 945 1410 Κινδύη
977 1367 1013 1396 et
1047 1361 1170 1395 Diana
1207 1353 1388 1401 Κινδυὰς
1407 1355 1449 1391 in

785 1418 917 1454 Cariae
932 1418 1069 1453 finibus
1082 1414 1184 1467 apud
1192 1414 1330 1465 Polyb.
1343 1411 1447 1457 XVI,

790 1477 852 1520 12,
875 1477 898 1515 3
922 1481 958 1510 et
988 1475 1166 1512 Strabou.
1196 1472 1285 1508 XIV
1306 1484 1344 1521 p.
1367 1469 1449 1510 658

785 1545 814 1568 S·
836 1534 919 1572 972
937 1533 996 1579 B.‚
1027 1532 1095 1567 ubi
1111 1530 1212 1567 conf.
1235 1527 1449 1565 casaubon.

786 1609 841 1616 --
854 1588 1038 1640 βασιλέος
1051 1587 1140 1625 dedi
1160 1600 1229 1638 pro
1244 1586 1449 1636 βασιλῆος.

786 1647 844 1682 De
870 1644 1042 1696 Syermesi
1060 1644 1138 1682 vid.
1160 1651 1256 1680 nott.
1279 1641 1327 1678 ad
1342 1640 1449 1689 I‚74.

843 1700 871 1753 ἡ
897 1700 1036 1755 γνώμη
1072 1701 1215 1753 ἔφερε]
1248 1701 1273 1736 i.
1303 1712 1335 1735 e.
1361 1697 1450 1735 Seu—

787 1761 899 1796 tentz'a
919 1763 995 1797 eius
1013 1760 1179 1811 ferebat,
1209 1771 1246 1795 eo
1274 1756 1450 1792 tendebat.

785 1818 873 1853 Non
901 1818 1009 1854 aliter
1044 1817 1091 1862 V,
1130 1815 1223 1855 125.
1263 1814 1325 1858 VI,
1360 1813 1450 1851 110-

785 1874 887 1920 VIII,
928 1877 1016 1914 100.
1058 1874 1127 1919 IX,
1162 1874 1254 1911 120.
1284 1870 1350 1916 ΙΙΙ,
1382 1869 1450 1913 77,

784 1930 851 1965 ubi
860 1929 1077 1980 vid.Attigit
1088 1929 1294 1965 dictionem
1304 1923 1452 1963 Sohae-

785 1986 854 2022 fer.
885 1986 933 2023 ad
971 1987 1165 2023 Lambert.
1197 1986 1284 2022 Bos.
1304 1985 1362 2019 De
1381 1982 1452 2017 El·

785 2044 888 2094 lips&
909 2057 999 2095 pag.
1021 2046 1098 2091 873
1143 2042 1190 2079 de
1220 2053 1296 2093 qua
1317 2038 1453 2076 eadem

786 2101 896 2151 plura
929 2100 1084 2138 daturus
1117 2106 1172 2136 est
1204 2099 1381 2135 Creuzer.
1403 2095 1451 2132 ad

786 2158 928 2194 Plotiu.
961 2171 1048 2209 pag.
1081 2158 1160 2199 159
1197 2156 1244 2192 A.
1316 2157 1451 2206 Neque

788 2227 941 2265 prorsus
962 2216 1132 2252 alienum
1153 2211 1258 2266 quod
1273 2213 1355 2259 VII,
1372 2214 1450 2252 137

790 2279 912 2309 exstat
932 2270 976 2312 το“
997 2272 1154 2311 δίκαιον
1177 2267 1281 2309 οὕτω
1315 2268 1451 2319 ἕφερεε

787 2331 846 2366 ius
877 2331 930 2366 ita
959 2330 1125 2380 ferebat,
1161 2330 1218 2365 ita
1252 2339 1322 2377 par
1361 2329 1452 2363 erat.

786 2384 873 2424 Vid.
895 2399 1009 2438 supra
1023 2387 1070 2435 V,
1094 2386 1161 2427 58.
1184 2408 1235 2412 -
1257 2385 1333 2420 Pro
1355 2378 1454 2420 κατὰ

787 2439 920 2482 νώτου
939 2446 980 2480 in
1009 2457 1117 2495 seqq.
1146 2441 1338 2478 Sancrofti
1358 2440 1454 2476 liber

787 2497 886 2538 κατὰ
907 2503 1027 2549 νῶτα,
1048 2501 1162 2537 male.
1221 2499 1288 2535 Tu
1315 2497 1392 2535 vid.
1422 2497 1452 2543 1,

787 2559 826 2604 9,
847 2556 914 2598 75·

848 2614 1029 2665 γενοίατο
1062 2612 1115 2653 ἔτι
1156 2609 1364 2664 ἅμείνονες
1382 2614 1454 2661 τῆς

791 2666 967 2721 φύσιος]
1000 2672 1023 2707 i.
1047 2685 1081 2710 e.
1103 2675 1144 2708 ut
1161 2672 1215 2708 vel
1235 2684 1300 2707 sua
1321 2673 1454 2707 natura

790 2732 902 2765 essent
927 2728 1096 2779 fortiores
1138 2742 1167 2764 s.
1201 2732 1241 2764 ut
1285 2726 1454 2778 fortissi-

791 2787 841 2822 mi
864 2787 1064 2822 existerent.
1122 2785 1455 2822 Bellicosissimam

792 2842 896 2877 euim
927 2842 1041 2879 fuisse
1082 2848 1240 2892 gentem
1287 2841 1454 2879 diximus
