1834 3258
426 216 904 252 POLYMNIA.
962 216 1060 252 Vll.

1297 217 1383 256 455

118 322 289 381 ,,βρύεω
330 323 582 377 Μαρδόνιε,
615 327 781 367 παῦσαι
821 323 959 378 λέγων
989 323 1149 379 λόγους
1177 325 1441 378 ματαίουςθο

115 393 236 447 „moi
271 389 509 445 Ἑλλήνων,
542 389 626 434 οὐκ
652 389 815 434 ἐόντων
846 391 980 443 ἀξίων
1010 390 1220 446 φλαύρως
1251 390 1384 434 ἀκού-

62 468 105 503 17
116 475 219 513 ,,ειν.

265 457 478 513 ρΈλληνας
509 458 592 513 γὰρ
624 459 896 514 διαβάλλων,
930 461 1120 513 ἐπαίρεις
1140 457 1276 502 αὐτόν
1306 461 1380 513 βα-

112 526 257 580 ,,6ιλεά
287 524 621 578 στρατεύεσθαι·
654 525 795 570 αὐτοῦ
824 528 869 570 δὲ
890 527 1052 570 τούτου
1082 529 1225 570 εἵνεκα
1256 526 1381 570 δοκέ-

112 612 200 648 ,,εις
227 611 302 651 μοι
330 598 475 637 πᾶσαν
504 597 760 650 προθυμίην
789 594 1002 638 ἐκτείνειν.

384 661 566 720 διαβολὴ
597 662 681 719 γάρ
710 663 800 706 ἐστι
830 663 1104 708 δεινότατον·
1140 663 1188 707 ἐν
1216 666 1268 719 τῇ
1300 660 1381 705 δύο

111 663 326 720 ,,γε’νηται.

111 894 264 932 παῦσαι
280 889 403 945 λέγων
420 865 563 943 λόγους
575 892 716 944 ματαί-

58 951 154 999 ους]
195 944 365 1000 ,,λόγους
396 949 587 1000 ματαίους
626 948 717 986 dicit

56 1019 133 1043 nou
153 1005 271 1043 modo
285 1019 393 1044 vanos
408 1013 445 1042 et
463 1010 584 1043 temere
595 1009 716 1043 iacta-

58 1068 107 1100 tos
137 1076 318 1110 sermones,
347 1062 413 1100 sed
449 1070 486 1099 et
517 1065 714 1111 inzurwsos,

56 1121 151 1156 sicut
181 1133 263 1170 cap.
302 1119 351 1161 15
376 1127 411 1156 et
430 1121 495 1166 ΙΙΙ,
521 1123 599 1160 120
632 1121 716 1168 [ubi

56 1175 131 1215 vid.
142 1178 257 1225 nott.]
267 1177 331 1223 VI,
344 1178 435 1217 68.“
450 1175 482 1213 S
492 1189 509 1212 c
519 1176 539 1212 h
553 1189 583 1212 w
595 1190 611 1212 e
622 1179 670 1225 ig
680 1177 715 1213 Ιι.

55 1233 119 1271 Ad
138 1234 370 1270 locutionem
391 1229 579 1282 φλαύρως
592 1228 718 1272 cium}-

36 1304 116 1335 ,ειν
151 1288 265 1340 (male
295 1290 447 1339 audire)
480 1289 580 1326 conf.
603 1291 716 1326 allata

54 1346 105 1384 ad
141 1347 204 1394 Vl,
242 1345 309 1387 94.
384 1347 521 1396 Attigit
559 1360 715 1399 quoque

53 1403 270 1440 Blomfield.
290 1405 330 1439 in
343 1404 464 1440 Gloss.
477 1402 524 1440 ad
534 1403 714 1455 Aeschyl.

54 1462 159 1497 Pers.
172 1463 264 1502 222.
292 1461 464 1497 Deverbi
485 1459 715 1511 διαβάλλειν

53 1517 328 1568 significatione
343 1516 419 1554 vid.
430 1524 525 1554 nott.
537 1517 584 1553 ad
597 1518 712 1565 V‚35.

109 1574 284 1624 ἐπαίρεις
295 1569 416 1613 αὐτόν
427 1573 590 1624 βασιλέα
602 1587 713 1625 στρα-

51 1626 271 1678 τεύεσθαι]
304 1630 466 1681 βασιλέα
495 1638 531 1667 et
560 1630 597 1668 h.
629 1632 654 1667 l.
678 1638 714 1668 et

52 1689 91 1734 §.
113 1689 138 1728 8
160 1686 318 1724 exhibui
337 1701 406 1738 pro
428 1688 614 1738 βασιλῆα.
654 1689 712 1724 De

50 1751 238 1782 structura
270 1745 377 1780 verbi
408 1743 586 1795 ἐπαίρειν
623 1758 714 1781 cum

50 1801 237 1838 infinitivo
247 1800 458 1838 Larcherus
479 1802 624 1837 confert
633 1803 713 1837 Eu-

49 1857 161 1909 ripid.
184 1859 319 1908 suppl.
343 1858 437 1905 581,
466 1858 533 1893 ubi
553 1857 712 1894 infiniti-

50 1928 100 1952 vo
120 1915 366 1966 praeponitur
382 1910 491 1960 ὥστε,
514 1915 599 1950 coll.
613 1916 712 1964 Hip-

50 1972 129 2022 poi.
161 1973 281 2011 1327.
313 1969 450 2019 (1337
479 1970 591 2019 Br.).
648 1969 711 2007 Ad

51 2027 247 2076 excitandi,
262 2026 493 2064 commovendi
500 2028 710 2075 notionem,

52 2097 151 2137 quae
179 2085 220 2120 in
251 2085 368 2120 verbo
403 2082 578 2134 ἐπαίρειν
600 2085 711 2132 inest,

49 2141 154 2179 idem
183 2141 329 2178 confert
357 2139 552 2190 Aristoph.
582 2141 710 2178 Nubb.

51 2183 118 2247 42,
138 2196 242 2235 ubi’
225 2197 359 2251 επῆρε,
383 2196 530 2264 (1110(1,δ
510 2198 631 2234 olossa
642 2211 712 2234 ve-

50 2263 109 2293 tus
165 2256 434 2305 interpretatur
481 2249 711 2303 οἷνέπεισεν,

49 2312 316 2379 παρεκίνησε,
339 2326 427 2349 κατε
416 2309 556 2349 ’πεισε

107 2363 234 2407 αυτοῦ
254 2365 296 2407 δὲ
317 2363 461 2407 τούτου
492 2367 622 2406 είνεκα
643 2368 711 2406 δο-

51 2423 151 2471 κέεις
192 2439 259 2475 μοι
303 2426 437 2463 πᾶσαν
473 2425 711 2475 προθυμίηι

49 2481 262 2529 ἐκτείνειν]
293 2481 319 2517 i.
331 2494 363 2519 e.
382 2493 524 2531 eamque
539 2483 653 2531 ipsam
669 2482 709 2518 ob

51 2550 196 2576 causam
262 2536 323 2584 (ut
363 2538 442 2577 scil.
488 2537 537 2574 ad
566 2538 710 2575 bellum

49 2595 203 2632 Graecis
250 2592 494 2630 inferendum
532 2607 710 2632 commo-

49 2665 137 2689 veas
157 2652 306 2701 regem)
336 2662 430 2687 omne
460 2650 612 2687 studium
644 2665 709 2688 ex-

47 2721 201 2758 promere
248 2706 338 2744 mihi
378 2706 518 2743 videris.
602 2709 709 2745 Bene

52 2766 197 2816 Lange,
210 2763 435 2802 vernaculus
452 2762 635 2799 Herodoti
648 2765 709 2800 in-

53 2827 193 2873 terpres
209 2833 219 2858 :
273 2820 409 2869 „Denn
427 2820 584 2856 dudurcli
597 2850 608 2866 ‚
627 2821 711 2858 dass

1061 595 1120 651 μή
1151 611 1234 638 νυν
1266 593 1383 636 οὕτω

774 837 821 874 du
842 837 898 874 die
917 837 1088 874 Hellenen
1104 835 1343 881 verleumdest,
1365 837 1434 871 rei-

771 898 846 931 zest
871 895 919 931 du
955 894 1019 931 den
1042 893 1164 941 Kb'm'g
1197 905 1277 928 zum
1306 891 1433 940 Krieg,

770 951 842 987 und
853 950 977 988 darum
990 950 1137 987 schez'nst
1149 950 1196 986 du
1206 951 1272 985 mir
1282 949 1364 985 eben
1375 948 1438 983 al-

773 1008 827 1044 len
839 1007 1051 1058 Ee'ferdran
1063 1020 1108 1042 zu
1120 1010 1249 1043 setzen.
1282 1007 1326 1041 In
1350 1003 1436 1041 cod.

770 1065 938 1101 Florent.
959 1065 1152 1100 iuvenitur
1172 1062 1338 1101 ἐκτίνειν
1368 1074 1436 1111 pro

774 1120 972 1161 ἐκτείνειν.
1003 1119 1080 1158 Sed
1102 1121 1301 1169 vulgatum
1335 1125 1437 1154 recte

772 1185 900 1214 tuetur
912 1176 1064 1215 Schaef.
1076 1178 1219 1227 Appar.
1237 1173 1436 1212 Demosth.

773 1235 822 1272 T.
855 1235 888 1271 V
920 1249 957 1285 p.
982 1234 1061 1275 625
1087 1233 1152 1281 (ad
1184 1230 1435 1268 Demosthen.

771 1305 810 1342 p.
839 1293 958 1337 1393,
981 1293 1032 1331 21
1056 1291 1122 1337 R.)
1154 1290 1240 1327 coll.
1256 1288 1436 1325 Addeud.

771 1361 861 1399 pag.
892 1350 995 1394 760,
1043 1348 1110 1383 ubi
1149 1347 1257 1398 plura
1292 1348 1437 1396 profert

773 1405 963 1455 exempla.

829 1457 885 1512 μή
903 1475 978 1500 νυν
992 1455 1096 1498 οὕτω
1107 1457 1294 1511 γένηπι]
1325 1457 1434 1494 Idem

770 1516 1100 1568 Lz÷11]goe:„Docl2⁴
1131 1516 1197 1553 das
1222 1529 1314 1553 ηιιεε
1337 1516 1435 1552 molet

769 1548 1010 1624 ςεεεῖιείιεη.“
1089 1574 1225 1609 Latine
1274 1571 1432 1609 reddas:

771 1631 829 1670 Ne
846 1634 959 1680 igitur
984 1632 1033 1667 sic
1051 1642 1207 1679 unquam
1222 1631 1311 1679 fiat.
1360 1630 1433 1665 Ubi

769 1688 998 1740 particulam
1022 1684 1076 1737 μή
1099 1687 1240 1736 excipit
1269 1687 1433 1722 coniun—

770 1747 890 1782 ctivus
919 1745 1003 1780 loco
1033 1744 1247 1794 imperativi
1277 1744 1433 1793 positus.

768 1805 867 1839 Nam
888 1807 1051 1852 praestat
1078 1802 1130 1836 ita
1162 1801 1293 1836 locum
1312 1801 1433 1835 inter-

768 1860 910 1909 pretari
931 1870 1048 1908 quam
1070 1856 1118 1893 ad
1131 1869 1216 1892 eam
1230 1857 1431 1903 rationem,

769 1915 817 1952 de
840 1928 915 1966 qua
938 1912 1073 1951 Matth.
1105 1914 1172 1949 Gr.
1202 1914 1268 1948 Gr.
1290 1913 1328 1957 ξ,
1351 1912 1431 1952 517

766 1984 855 2022 pag.
886 1973 979 2011 987.
1055 1969 1169 2006 Cuius
1201 1969 1433 2005 couiunctivi

769 2030 826 2065 vis
846 2028 1025 2078 proxime
1046 2025 1094 2063 ad
1123 2026 1297 2062 futurum
1319 2038 1430 2061 acoe-

769 2084 858 2122 dere
883 2083 1058 2129 videtur
1090 2090 1133 2119 ut
1154 2085 1194 2119 in
1225 2083 1432 2119 Homerico

768 2142 832 2178 illo
856 2140 988 2192 Οά)εε.
1004 2141 1107 2187 XVI,
1122 2138 1227 2180 4372
1260 2134 1359 2179 ov'nc
1347 2136 1430 2177 ’''63

770 2199 887 2244 οὗτος
916 2193 1020 2247 οἷνηρ
1052 2191 1137 2236 οὐδ’
1164 2195 1317 2235 ε’σσεται
1337 2191 1430 2234 ουδὲ

768 2254 951 2308 γένηταιε
985 2253 1032 2291 de
1051 2267 1127 2306 quo
1150 2252 1245 2290 dixit
1266 2254 1312 2290 G.
1330 2255 1430 2288 Her-

767 2324 901 2348 mann.
923 2309 971 2347 ad
991 2312 1117 2360 Viger.
1149 2324 1188 2361 p.
1210 2312 1304 2350 906.

824 2365 990 2419 διαβολὴ
1022 2363 1097 2419 γάρ
1128 2365 1207 2405 ἔστι
1247 2361 1427 2405 δεινότα-

766 2426 862 2473 τον]
913 2425 1094 2461 Excitant
1124 2425 1348 2474 interpretes
1379 2421 1426 2458 ad

765 2481 804 2520 h.
824 2483 849 2520 l.
863 2482 1004 2519 similes
1019 2488 1192 2518 veterum
1211 2480 1428 2526 sententias,

764 2537 922 2575 Pindari
950 2537 1066 2590 Pyth.
1095 2539 1132 2574 11
1158 2537 1225 2574 fin.
1255 2536 1428 2574 Isocratis

764 2597 822 2632 De
839 2602 1043 2646 permutat.
1066 2595 1168 2645 [cap.
1188 2596 1213 2634 9
1236 2595 1272 2639 ξ.
1299 2593 1366 2640 18]
1389 2605 1426 2641 p.

767 2655 847 2693 313
878 2654 924 2689 E.
957 2653 1042 2690 coll.
1081 2653 1196 2687 Dion.
1233 2648 1425 2699 Chrysost.

767 2709 831 2746 Or.
852 2710 908 2745 XI
927 2722 1015 2760 pag.
1041 2707 1119 2749 185
1154 2719 1198 2744 ac
1223 2705 1426 2757 praecipue

765 2767 926 2802 Luciani
947 2765 994 2802 de
1011 2765 1188 2801 calumn.
1203 2776 1280 2799 nou
1292 2769 1426 2798 temer.

768 2821 871 2859 cred.
903 2824 940 2867 §.
978 2824 1016 2862 6.
1047 2823 1086 2860 7.
1116 2832 1204 2870 pag.
1237 2822 1288 2859 37
1321 2831 1427 2870 seqq.
