1870 3249
384 258 1042 300 TERPSICIIORE.
1102 258 1148 295 V.
1322 256 1402 297 157

134 391 247 431 ματα
274 376 435 424 ταῦτα,
467 369 526 422 ὥς
559 369 784 425 σφετέρων
814 365 955 421 ξύλων
985 366 1134 418 ἐόντα,
1165 364 1403 419 ἐπειρῶντο
1460 372 1718 436 ἓὲῖῐῐεὲιοίξᾱὲῐέοζξθ

134 443 180 487 ἐκ
209 445 298 486 τῶν
327 439 512 497 βάθρων
545 438 814 489 ἐξανασπᾶν,
856 437 929 479 ἴνα
959 435 1073 490 σφέα
1103 433 1402 490 ἆνακομίσων-
1413 440 1699 504 3⁰g¹⁰ffi⁰e¹¹¹¹¹5⁵tffl

103 519 224 554 fetat.
281 509 336 553 ού
375 506 651 562 δυναμένους
689 506 736 549 δὲ
779 504 920 560 τούτῳ
959 507 1021 561 τῷ
1065 501 1213 561 τρόπῳ
1256 499 1403 544 αὐτῶν
1480 486 1526 513 ¹⁸
1566 486 1643 505 Ἠ

131 581 359 633 κρατῆσαι,
386 572 704 629 περιβαλόντας
733 574 905 629 σχοινία
931 571 1072 617 ἕλκειν
1091 570 1144 614 τοὶ
1164 568 1401 626 ἀγάλματα.

104 647 213 689 3καί
243 657 322 700 σφι
353 644 547 692 ἕλκουσι,
578 639 773 699 βροντήν
801 657 868 694 τε,
909 641 982 685 καὶ
1013 639 1102 695 ἅμα
1138 641 1192 694 τῇ
1231 640 1399 694 βροντῇ
1456 650 1538 691 415

133 711 311 768 σεισμὸν
341 711 635 768 ἐπιγενέσθαι·
671 709 777 761 τούς
805 709 850 752 δὲ
872 709 1093 764 τριηρίτας
1119 705 1226 757 τούς
1256 705 1458 750 ἕλκον-35

133 798 227 833 τας,
259 779 346 826 ὑπὸ
378 779 569 823 τουτέων
591 777 945 833 ἀλλοφρονῆσαι·
975 775 1203 825 παθόντας
1233 774 1279 817 δὲ
1298 777 1402 816 τοῦ·

132 866 204 901 το,
234 850 418 892 κτείνειν
447 845 662 902 ἀλλήλους
694 846 768 890 ἅτε
797 846 1059 902 πολεμίους,
1090 843 1132 895 ἐς
1162 841 1188 885 ὃ
1217 842 1264 886 ἐκ
1293 840 1402 885 πάν-

74 1069 179 1123 quod
219 1071 390 1121 pluribus
421 1069 736 1107 commonstravit

75 1127 192 1166 Schw
194 1126 427 1178 eighaeuser.
434 1121 516 1173 ‚hic
532 1127 736 1177 piaeterire

74 1185 299 1230 maluimus;
331 1197 570 1236 quamquam
591 1185 736 1220 mirum

37 1285 43 1290 ν
74 1254 185 1289 sane,
216 1243 283 1294 qni
319 1241 483 1288 factum,
525 1247 568 1278 ut
596 1242 634 1277 in
664 1241 736 1277 illis

75 1299 176 1336 libris
211 1305 432 1349 compareat
472 1299 616 1347 πειρᾶν
666 1310 736 1348 pro

75 1355 299 1406 ἐπειρῶντο.
311 1378 368 1382 —
387 1356 481 1392 Mox
491 1350 624 1393 αὐτῶν
641 1355 735 1391 scri—

75 1413 132 1463 psi
167 1425 236 1463 pro
258 1407 426 1451 αὕτέων.
466 1433 520 1440 --
563 1412 734 1448 Verbum

77 1467 341 1521 ἐπιγενέσθαι,
367 1482 443 1521 quo
464 1470 505 1505 in
525 1482 631 1521 seqq.
653 1470 736 1506 No-

75 1533 148 1563 ster
173 1527 312 1573 utitur,
345 1525 392 1563 de
420 1527 464 1563 iis
496 1525 593 1574 dici,
635 1538 735 1577 quae

74 1583 196 1620 subito
219 1590 255 1620 et
273 1584 534 1634 inexspectato
551 1583 659 1619 nobis
670 1584 734 1618 in-

73 1652 209 1690 gruere
239 1647 354 1692 atqne
387 1639 559 1677 accidere
596 1640 733 1687 solent,

74 1696 280 1734 ostendunt
319 1697 382 1733 alii
416 1698 513 1746 loci,
559 1704 601 1733 ut
628 1697 734 1741 VIII,

77 1756 141 1794 13.
172 1756 239 1795 37.
260 1756 327 1794 70.

128 1807 224 1848 ’ὑπὸ
256 1825 275 1847 τ
289 1825 308 1848 ο
319 1806 345 1848 ύ
359 1825 378 1848 τ
389 1825 419 1849 ω
432 1825 452 1848 v
486 1805 735 1861 ἀλλοφρονῆ-

75 1866 166 1913 σαι]
198 1863 278 1905 ’ὖπό
292 1861 445 1905 τούτων
466 1868 536 1916 (ita
557 1866 646 1904 dedi
665 1880 735 1918 pro

74 1921 256 1969 τουτέων,
289 1923 314 1958 i.
337 1936 370 1958 e.
400 1924 446 1960 ab
471 1937 500 1961 s.
522 1937 614 1972 prae
642 1924 732 1968 illis)

74 1979 155 2015 noli
193 1985 341 2015 mutare
380 1980 420 2015 in
461 1976 538 2018 οἷπὸ
583 1976 735 2019 τούτων

73 2034 298 2085 (propterea)
329 2041 372 2071 ut
399 2036 519 2072 voluit
549 2035 734 2073 Valcken.

74 2093 193 2128 citans
221 2093 274 2136 II,
308 2090 401 2132 175.
429 2093 499 2140 IX,
534 2094 603 2133 72.
634 2093 733 2141 VIII,

74 2148 142 2189 85.
189 2145 254 2184 Tu
274 2147 362 2185 vide
382 2149 426 2195 V,
445 2151 519 2196 613
548 2148 653 2186 unde
673 2163 736 2188 sa-

75 2205 122 2241 tis
143 2204 304 2256 perspici
322 2212 444 2256 potest
463 2206 518 2242 vis
537 2208 735 2257 praeposi-

71 2261 184 2298 tionis
205 2257 286 2300 v‘rvo'
302 2291 312 2309 ‚
343 2274 441 2313 quae
471 2274 626 2299 causam
648 2263 735 2300 effi-

72 2319 238 2354 cientem
257 2318 295 2354 in
317 2319 453 2355 talibus
473 2318 642 2358 iudicare
669 2334 734 2358 so-

70 2375 136 2412 let.
213 2375 382 2412 Verbum
435 2375 735 2429 ἀλλοφρονῆσαι

70 2429 244 2468 Eustath.
286 2431 336 2469 ad
365 2431 499 2484 Odyss.
539 2447 577 2484 p.
611 2436 733 2482 1661,

71 2486 126 2528 44
146 2500 176 2524 s.
208 2486 302 2535 401,
333 2487 387 2530 44
416 2492 574 2540 exponit
603 2493 734 2542 μανῆ-

72 2558 141 2583 ναι
158 2539 448 2592 οἷλλοιωθὲντας
471 2561 545 2595 την
577 2543 735 2598 φρόνη-

75 2611 152 2649 σιν,
183 2607 225 2637 ut
245 2603 396 2639 monuit
421 2603 656 2654 Wesseling.
677 2605 734 2641 ci·-

74 2662 156 2694 tans
176 2659 334 2695 Homer.
350 2659 394 2696 11.
414 2661 559 2708 XXIII,
580 2662 661 2701 698
684 2668 732 2709 et,

73 2713 140 2750 ubi
161 2714 233 2751 alio
253 2728 366 2752 sensu
386 2714 459 2753 hoc
480 2718 642 2754 verbum
675 2731 735 2754 re-

73 2771 228 2820 peritur,
247 2771 390 2808 Herod.
401 2773 481 2819 Vll,
494 2772 587 2813 205.
600 2771 737 2811 Theo-

75 2827 155 2863 crit.
175 2826 232 2864 Id.
253 2829 380 2874 XXII,
406 2831 566 2870 129.—
585 2828 737 2867 AdHe-

75 2881 198 2920 rodoti
263 2886 522 2922 narrationem
596 2887 737 2925 similes

793 1066 983 1121 quaedam
1013 1080 1035 1104 a
1067 1067 1110 1105 C.
1142 1067 1188 1103 Ο.
1218 1064 1380 1101 Miillero
1417 1063 1457 1099 in

792 1127 984 1176 Aeginett.
1012 1137 1102 1175 pag.
1123 1126 1174 1164 71
1209 1122 1344 1158 allatae
1369 1134 1459 1171 per-

792 1184 917 1220 tinent
945 1182 1099 1218 fabulae
1133 1179 1180 1218 de
1206 1179 1334 1216 surore
1362 1191 1458 1214 con-

793 1240 930 1291 spectis
949 1237 1172 1275 numinibus
1201 1242 1334 1272 exorto
1356 1233 1458 1285 apud

793 1298 961 1334 Pausan.
988 1298 1018 1343 Ι,
1054 1297 1117 1342 18,
1148 1297 1188 1335 2.
1220 1294 1298 1340 ΙΙΙ,
1332 1295 1396 1339 16,
1420 1294 1460 1332 6.

792 1355 874 1400 VH,
899 1356 974 1400 193
1006 1354 1178 1403 itemque
1227 1348 1460 1386 Macedones

793 1412 937 1448 tonitru
971 1409 1020 1447 ad
1063 1409 1252 1446 insaniam
1284 1405 1458 1457 perducti

793 1481 884 1505 cum
906 1467 1130 1505 Cabirorum
1166 1464 1459 1515 ingrederentur

791 1525 994 1576 templum,
1017 1531 1112 1561 teste
1132 1521 1272 1559 eodem
1291 1522 1457 1559 Pausan.

792 1583 862 1630 IX,
899 1585 953 1623 27
983 1583 1020 1627 ξ.
1052 1583 1092 1622 7.
1149 1581 1207 1616 De
1238 1579 1376 1631 quibus
1406 1578 1459 1614 ita

791 1640 921 1677 statuit
935 1639 1086 1676 Miiller.
1107 1638 1171 1675 l..l
1192 1650 1231 1688 p.
1242 1639 1319 1677 71:
1352 1636 1459 1683 „Ae-

791 1697 957 1748 ginetica
1000 1702 1130 1732 autem
1168 1694 1335 1730 narratio
1373 1692 1460 1742 opi-

792 1755 900 1791 nioni
938 1753 1094 1799 insistit,
1136 1750 1298 1788 deorum
1337 1745 1458 1797 ξόανα

792 1812 1014 1861 praesertim
1047 1810 1135 1846 artis
1174 1807 1459 1858 antiquissimae

792 1880 907 1918 opera
927 1869 1008 1904 vim
1038 1864 1250 1903 adhibitam
1280 1863 1459 1900 reformi-

792 1923 924 1960 dantes
943 1924 1183 1960 voluntatem
1204 1923 1319 1957 etiam
1339 1919 1459 1969 gesti-

791 1981 862 2017 bus
882 1979 1111 2029 significare.
1153 1978 1218 2015 Sic
1240 1976 1398 2029 quidem
1416 1976 1458 2012 in

791 2049 919 2087 genua
950 2037 1121 2086 proiecta
1151 2033 1311 2071 dearum
1348 2033 1459 2083 signa

792 2094 908 2131 etiam
946 2091 1131 2130 Herodoti
1168 2098 1206 2128 et
1245 2091 1459 2128 Pausaniae

790 2157 964 2201 tempore
998 2149 1290 2186 cernebantur.“
1349 2148 1457 2184 Tum

791 2206 920 2244 adiicit
940 2207 1129 2253 fabulam,
1159 2218 1278 2257 quam
1309 2202 1456 2243 Athen.

791 2264 877 2311 XV,
911 2266 962 2304 12
987 2277 1026 2315 p.
1056 2264 1140 2304 672
1168 2264 1214 2299 Β.
1243 2262 1456 2299 memoriae

790 2319 983 2372 prodidit,
1015 2318 1241 2372 Tyrrhenos
1262 2320 1309 2356 ab
1338 2319 1459 2368 Argi-

790 2379 847 2415 vis
883 2384 1081 2429 corruptos
1116 2378 1271 2427 signum
1298 2376 1458 2413 Iunonis

791 2435 948 2478 Samiae
967 2447 1017 2471 ex
1033 2436 1182 2471 Heraeo
1198 2434 1377 2485 rapuisse,
1394 2445 1458 2469 re-

790 2492 959 2529 luctante
988 2498 1120 2528 autem
1159 2489 1231 2527 dea
1261 2489 1311 2527 ad
1340 2502 1457 2526 naves

789 2547 1009 2599 pertrahere
1024 2561 1104 2585 non
1120 2548 1304 2594 valuisse3
1327 2559 1370 2583 ac
1387 2545 1457 2582 de-

788 2606 907 2657 nique
926 2606 980 2642 ita
989 2603 1185 2642 concludit
1203 2604 1454 2642 sententiam:

790 2662 861 2711 „Si
899 2661 994 2714 quid
1024 2675 1074 2699 ex
1112 2661 1250 2699 fabulis
1289 2658 1457 2697 historici

791 2719 977 2756 extricare
996 2717 1138 2766 studes,
1158 2718 1302 2755 iuvabit
1323 2723 1359 2752 te
1370 2716 1455 2752 Du-

792 2776 870 2812 rius
891 2775 1044 2813 Samius
1064 2776 1104 2811 in
1125 2772 1288 2812 Scholiis
1309 2771 1358 2809 ad
1371 2773 1455 2808 Eu-

792 2831 905 2883 ripid.
937 2832 1085 2868 Hecub.
1116 2844 1172 2868 vs.
1201 2832 1296 2878 933,
1333 2827 1457 2865 Athe-

794 2889 944 2926 nienses
985 2901 1142 2925 narrans
1179 2887 1456 2937 Aeginetarum
