1851 3181
459 212 544 253 614

859 209 1319 248 HERODOTI

457 329 596 375 κρην,
623 318 913 373 παραμείβετο
938 318 1190 374 Ἑλληνίδας
1217 316 1347 362 τάσδε
1374 316 1528 370 πόλις,
1556 316 1604 361 ἐκ
1631 319 1721 361 τῶν

458 387 559 436 νέας
587 400 638 430 ,τε
675 384 749 427 καὶ
778 385 984 442 στρατιὴν
1011 382 1341 441 παρελάμβανε,
1377 385 1599 441 Τορώνην,
1629 387 1721 428 Γοι-

459 452 622 510 ληψόν,
653 451 912 509 Σερμύλην,
942 452 1526 509 Μηκύβερναν,”ολυνθον.
1581 450 1609 508 ἡ
1641 451 1721 507 μέν

402 673 553 710 nesiaco
570 672 773 725 aliquoties
784 670 827 708 fit
836 671 985 708 mentio
1004 677 1065 706 at-

403 742 479 782 que
501 729 616 766 etiam
645 735 777 780 postea
803 726 1065 765 Macedonum

401 788 443 823 in
463 786 589 824 rebus.
638 785 728 824 Vid.
763 783 985 836 Thucydid.
998 783 1065 832 IV

404 844 485 882 110
515 856 622 895 seqq.
649 844 696 891 V,
718 844 745 883 2
773 855 852 894 seq.
874 849 910 878 et
930 842 1066 892 Poppo

402 897 585 952 Thucyd.
615 900 645 948 Ι,
675 902 702 940 2
731 911 819 949 pag.
844 900 937 946 369,
968 900 1063 938 370.

403 954 634 993 Tzschucke
656 954 804 994 adMel.
826 955 853 992 l.
873 956 899 994 l.
920 968 960 1006 p.
983 956 1061 995 161

402 1019 498 1052 nott.
522 1026 659 1063 exegg.
698 1014 786 1049 Non
807 1013 921 1062 longe
942 1025 964 1048 a
979 1012 1066 1048 To-

403 1082 497 1107 rone
517 1072 673 1120 ponitur
691 1068 885 1120 Lecythus
901 1081 981 1116 arx,
1005 1075 1066 1105 te-

402 1133 459 1163 ste
480 1125 712 1178 Thucydide
731 1127 796 1172 IV,
821 1128 921 1174 1133
949 1137 1066 1179 quam

402 1182 619 1221 Herodotus
638 1185 818 1234 ignorans
844 1189 956 1220 vocat
985 1183 1067 1219 Ga-

404 1240 546 1290 lepsum,
569 1241 677 1278 cuius
695 1241 802 1277 nulla
826 1238 930 1290 apud
950 1237 1067 1276 Thu-

403 1296 585 1348 cydidem
611 1297 782 1345 mentio3
824 1309 921 1348 quae
962 1295 1066 1331 enim

404 1352 508 1404 apud
548 1366 638 1390 eum
676 1354 740 1401 IV,
783 1355 862 1393 107
904 1352 1067 1389 occurrit

404 1410 595 1460 Gapselus,
616 1410 735 1461 probe
756 1409 918 1446 discerni
939 1408 1065 1445 debet.

406 1466 516 1505 Confi
537 1467 709 1517 Poppol.
725 1467 751 1503 l.
762 1480 799 1517 p.
824 1468 920 1506 368.
948 1463 1066 1516 Apud

404 1536 528 1559 unum
558 1524 762 1575 Scylacem
802 1523 839 1568 ξ.
871 1524 924 1562 68
966 1523 1067 1558 inter

405 1578 596 1617 Thraciae
613 1581 725 1617 urbes
743 1585 1067 1616 commemoratur

408 1634 620 1686 Γαληψόςτ,
671 1649 788 1688 quam
826 1636 950 1686 ipsam
986 1648 1066 1672 non

406 1693 521 1743 longe
536 1699 726 1729 remotam
743 1693 856 1730 fuisse
875 1692 1064 1728 aTorone

405 1751 487 1785 veri
508 1756 561 1786 est
581 1750 717 1786 simile.
749 1748 924 1799 Sermyhz,
948 1760 1066 1800 quam

408 1805 457 1843 ad
486 1807 785 1856 septentrionem
819 1806 994 1842 Torones
1014 1806 1066 1842 si-

406 1870 487 1899 tam
508 1863 621 1900 fnisse
631 1863 821 1908 coniicias,
842 1860 944 1912 apud
954 1860 1069 1898 Thu-

408 1918 588 1970 cydidem
608 1921 637 1967 I,
669 1918 722 1960 65
745 1920 830 1956 coll.
851 1919 896 1965 V,
921 1921 972 1960 18
997 1931 1070 1955 vo⁴

409 1983 517 2012 catur
544 1976 778 2026 Σερμυλίων
817 1970 955 2022 πόλις,
1002 1975 1070 2011 ubi

409 2031 610 2069 Scholium
621 2031 735 2069 habet
747 2030 956 2083 Σερμυλὶς,
979 2031 1070 2068 Ste-

408 2087 526 2139 phan.
555 2091 716 2141 Byzant.
747 2103 776 2128 s.
808 2103 846 2126 ν.
866 2101 954 2139 pag.
986 2087 1068 2129 665

410 2146 639 2194 Σερμυλία;
685 2144 789 2197 quod
821 2144 926 2182 idem
948 2151 1070 2181 exstat

410 2200 512 2251 apud
533 2201 681 2251 Scylac.
705 2203 741 2247 ξ.
764 2205 817 2242 67
832 2216 870 2252 p.
883 2204 935 2242 26
949 2200 1068 2238 Huds.

409 2271 447 2308 p.
470 2259 552 2297 278
571 2258 667 2294 Gail.
696 2256 780 2302 (nbi
807 2257 958 2294 additur
981 2253 1068 2296 κόλ-

409 2327 485 2359 πος
505 2310 776 2364 Σερμυλικὸς)
809 2321 846 2350 et
865 2315 905 2349 in
933 2314 1069 2350 inscri-

409 2370 541 2420 ptione
570 2371 726 2421 antiqua
755 2368 856 2420 apud
894 2368 1067 2406 Boeckh.

410 2428 428 2462 I
448 2438 534 2476 pag.
566 2424 658 2466 304.
715 2427 780 2462 Tu
808 2424 886 2462 vid.
920 2425 1066 2463 Duker.

411 2481 461 2519 ad
487 2480 628 2533 Thucy
632 2481 707 2518 did
730 2484 761 2529 Ι,
792 2481 845 2522 65
876 2488 912 2517 et
931 2483 1069 2518 Wasse

411 2537 460 2575 ad
481 2496 662 2590 Thhcyd.
684 2539 728 2586 V,
748 2512 812 2579 18.
870 2537 980 2574 Unde
1010 2551 1071 2574 sa-

411 2597 458 2632 tis
478 2602 594 2645 patet,
617 2594 708 2646 quid
726 2594 772 2632 de
787 2595 866 2631 eius
888 2594 1070 2631 emenda

412 2653 516 2688 tione
536 2653 581 2688 sit
593 2650 848 2700 statuendum,
861 2652 926 2702 qui
936 2653 974 2687 in
991 2652 1071 2687 He-

412 2707 548 2744 rodoto
587 2721 655 2758 pro
684 2703 895 2760 Σερμύλην
937 2710 1071 2758 reponi

412 2765 583 2801 voluerat
609 2761 803 2817 Οἰσίμην.
860 2763 1071 2814 Mecyberna

414 2819 699 2873 (Μηκυβέρνα,
730 2819 833 2874 quod
855 2820 956 2872 apud
976 2822 1070 2858 Dio-

1122 668 1204 707 dor.
1224 670 1310 718 XII,
1331 672 1385 710 77
1406 669 1472 707 fin.
1485 670 1587 717 XVI,
1604 667 1657 709 54
1673 681 1778 705 nunc

1120 725 1362 777 restitutum)
1408 727 1545 776 viginti
1572 699 1699 762 stadiis
1731 725 1778 762 ab

1123 782 1291 834 Olyntho
1310 783 1383 820 fuit
1402 789 1572 831 remota,
1593 783 1699 819 cuius
1719 780 1779 819 di-

1122 840 1218 876 ttoni
1263 853 1358 880 mox
1396 839 1523 877 addita
1561 812 1607 878 ²ac
1637 838 1727 875 dein
1757 850 1779 875 a

1122 895 1300 948 Philippo
1343 903 1559 948 expugnata
1597 896 1782 932 interiisse

1119 952 1290 1001 videtur,
1319 955 1350 990 si
1381 953 1536 1005 quidem
1564 953 1670 989 nulla
1700 964 1782 988 am-

1119 1012 1218 1061 plius
1239 1012 1318 1046 eius
1337 1010 1380 1046 fit
1405 1011 1565 1047 mentio.
1624 1007 1782 1059 Olynthi

1121 1067 1248 1104 ηαυαίε
1260 1074 1399 1104 vocant
1411 1068 1561 1114 Strabo,
1573 1067 1650 1105 alii.
1672 1064 1782 1102 Unde

1121 1125 1235 1161 maris
1266 1125 1390 1170 sinus,
1421 1125 1488 1177 qui
1517 1124 1634 1173 vulgo
1667 1121 1784 1159 Toro-

1120 1194 1230 1218 naeus
1269 1187 1447 1229 vocatur,
1482 1201 1484 1203 v
1505 1179 1784 1230 BIecybernaeus

1123 1250 1277 1289 quoque
1296 1244 1553 1288 nuncupatur.
1613 1237 1680 1273 Tu
1705 1234 1784 1273 vid.

1121 1292 1303 1344 Thucyd.
1324 1294 1370 1342 V,
1404 1296 1468 1334 18.
1490 1296 1556 1334 39.
1578 1293 1729 1344 Scylac.
1754 1290 1783 1329 l.

1122 1352 1148 1388 l.
1169 1352 1271 1387 Mela
1297 1350 1324 1387 l.
1343 1351 1366 1388 l.
1402 1351 1533 1402 ibique
1553 1346 1784 1387 Tzschucke

1122 1414 1219 1444 nott.
1242 1419 1378 1457 exegg.
1391 1421 1428 1458 p.
1448 1407 1540 1448 159.
1555 1409 1650 1448 162.
1669 1407 1785 1442 Mall-

1121 1471 1220 1501 nert.
1241 1463 1310 1501 VII
1339 1477 1378 1514 p.
1408 1463 1504 1504 456-
1525 1461 1619 1505 459.
1661 1463 1784 1499 Klau-

1122 1534 1202 1560 sen.
1225 1519 1274 1557 ad
1288 1521 1469 1557 Hecataei
1494 1520 1673 1570 fragmm.
1694 1531 1784 1570 pag.

1122 1579 1191 1618 77.
1229 1577 1409 1628 Olynthus
1427 1577 1516 1614 urbs
1537 1578 1714 1614 omnium
1734 1573 1784 1612 ad

1121 1633 1371 1671 Macedoniae
1391 1646 1434 1670 ac
1467 1632 1656 1671 Thraciae
1676 1645 1785 1670 oram

1123 1689 1363 1727 conditarum
1391 1691 1562 1726 maxime
1599 1691 1783 1738 eminens,

1123 1746 1171 1783 ad
1185 1748 1312 1784 sinum
1332 1748 1580 1784 Toronaeum
1602 1754 1708 1783 extra
1720 1746 1786 1783 Si·-

1123 1803 1278 1840 thoniae
1298 1803 1520 1854 peninsulae
1532 1801 1717 1840 isthmum
1724 1804 1785 1840 ia-

1125 1862 1203 1898 cuit
1223 1861 1421 1911 sexaginta
1432 1860 1553 1896 ferme
1569 1859 1696 1897 stadiis
1706 1860 1785 1897 sive

1124 1918 1243 1954 tribus
1264 1915 1378 1964 horis,
1399 1923 1442 1953 ut
1460 1929 1529 1954 nos
1551 1916 1710 1953 dicimus
1723 1946 1733 1964 ,
1763 1928 1785 1952 a

1125 1972 1310 2010 Potidaea
1339 1980 1499 2010 remota.
1558 1974 1663 2019 Quae
1694 1985 1785 2010 cum

1125 2032 1165 2067 in
1185 2031 1284 2067 bello
1296 2031 1623 2081 Peloponnesiaco
1634 2031 1762 2082 aliquo
1774 2051 1782 2058 ·

1125 2088 1193 2124 ties
1207 2094 1539 2135 commemoretur,
1557 2095 1686 2138 postea
1700 2099 1787 2123 ma-

1125 2157 1295 2195 gnopere
1315 2143 1425 2181 auct-21
1446 2143 1523 2190 diu,
1550 2151 1592 2180 ut
1611 2144 1697 2180 satis
1718 2155 1786 2179 co·-

1125 2202 1276 2251 gnitum
1297 2208 1371 2247 est,
1402 2201 1534 2237 restitit
1565 2207 1601 2236 et
1619 2200 1787 2236 Laconi-

1125 2258 1194 2294 bus
1225 2264 1262 2293 et
1288 2255 1580 2304 Macedonibus,
1613 2255 1734 2292 donec
1763 2268 1785 2292 a

1125 2312 1303 2363 Philippo
1343 2319 1453 2362 capta
1484 2325 1527 2349 ac
1565 2312 1688 2349 diruta
1717 2319 1786 2360 est,

1123 2370 1256 2406 incolis
1294 2369 1355 2406 vel
1383 2367 1552 2406 abductis
1585 2370 1647 2406 vel
1689 2382 1788 2405 ven-

1127 2424 1224 2463 ditis,
1255 2426 1312 2461 Ac
1327 2426 1394 2462 vix
1413 2426 1491 2462 ulla
1511 2427 1673 2476 amplius
1692 2424 1785 2462 inde

1126 2482 1227 2518 urbis
1247 2483 1404 2519 mentio.
1461 2483 1528 2519 Tu
1567 2481 1644 2520 vid.
1677 2483 1786 2518 Man-

1126 2545 1223 2575 nert.
1244 2539 1312 2575 VII
1331 2553 1370 2589 p.
1392 2536 1588 2591 4568eqq.
1608 2537 1786 2576 Tzschu—

1128 2594 1200 2631 cke
1221 2594 1268 2632 ad
1289 2596 1378 2632 Mel.
1399 2596 1447 2642 ΙΙ,
1469 2599 1495 2636 2
1525 2597 1561 2641 §-
1583 2598 1608 2636 9
1636 2609 1674 2646 p-
1707 2594 1782 2636 141

1127 2658 1222 2688 nott.
1236 2665 1306 2688 em
1309 2665 1373 2702 σσ
1387 2658 1422 2688 et
1434 2653 1673 2702 potissimum
1683 2653 1787 2688 Voe-

1127 2708 1216 2745 mel.
1248 2708 1296 2746 ad
1309 2681 1572 2747 ὓΒεειῐιοεΐίιεεη.
1608 2709 1670 2746 Or.
1691 2706 1787 2745 Phi-
1836 2751 1838 2753 ,

1126 2766 1279 2863 lippbg.
1303 2768 1354 2806 12
1373 2777 1480 2817 seqq.
1501 2767 1553 2805 23
1574 2778 1681 2817 seqq.
1707 2766 1782 2806 101
