<?xml version="1.0" encoding="UTF-8"?>
<!DOCTYPE html PUBLIC "-//W3C//DTD XHTML 1.0 Transitional//EN"
    "http://www.w3.org/TR/xhtml1/DTD/xhtml1-transitional.dtd">
<html xmlns="http://www.w3.org/1999/xhtml" xml:lang="en" lang="en">
 <head>
  <title>
</title>
<meta http-equiv="Content-Type" content="text/html;charset=utf-8" />
  <meta name='ocr-system' content='tesseract 3.04.00' />
  <meta name='ocr-capabilities' content='ocr_page ocr_carea ocr_par ocr_line ocrx_word'/>
</head>
<body>
  <div class='ocr_page' id='page_1' title='image "./musaeherodoto03hero/musaeherodoto03hero_0172.png"; bbox 0 0 1815 3181; ppageno 0'>
   <div class='ocr_carea' id='block_1_1' title="bbox 417 223 499 261">
    <p class='ocr_par' dir='ltr' id='par_1_1' title="bbox 417 223 499 261">
     <span class='ocr_line' id='line_1_1' title="bbox 417 223 499 261; baseline 0 0"><span class='ocrx_word' id='word_1_1' title='bbox 417 223 499 261; x_wconf 66' lang='lat'>1432</span> 
     </span>
    </p>
   </div>
   <div class='ocr_carea' id='block_1_2' title="bbox 818 221 1275 258">
    <p class='ocr_par' dir='ltr' id='par_1_2' title="bbox 818 221 1275 258">
     <span class='ocr_line' id='line_1_2' title="bbox 818 221 1275 258; baseline 0.004 -3"><span class='ocrx_word' id='word_1_2' title='bbox 818 221 1275 258; x_wconf 87' lang='lat' dir='ltr'>HERODOTl</span> 
     </span>
    </p>
   </div>
   <div class='ocr_carea' id='block_1_3' title="bbox 417 327 1679 452">
    <p class='ocr_par' dir='ltr' id='par_1_3' title="bbox 417 327 1679 452">
     <span class='ocr_line' id='line_1_3' title="bbox 417 327 1679 386; baseline 0.002 -16"><span class='ocrx_word' id='word_1_3' title='bbox 417 344 487 378; x_wconf 79' lang='grc' dir='ltr'>κες</span> <span class='ocrx_word' id='word_1_4' title='bbox 527 327 687 381; x_wconf 76' lang='grc' dir='ltr'><em>ἐσθῆτα</em></span> <span class='ocrx_word' id='word_1_5' title='bbox 729 329 933 382; x_wconf 79' lang='grc' dir='ltr'><em>Δωρίδα,</em></span> <span class='ocrx_word' id='word_1_6' title='bbox 976 331 1031 384; x_wconf 86' lang='grc' dir='ltr'>τῇ</span> <span class='ocrx_word' id='word_1_7' title='bbox 1064 330 1285 385; x_wconf 80' lang='grc' dir='ltr'><em>Κορινθίῃ</em></span> <span class='ocrx_word' id='word_1_8' title='bbox 1315 329 1679 386; x_wconf 81' lang='grc' dir='ltr'><strong><em>παραπλησιωτά-</em></strong></span> 
     </span>
     <span class='ocr_line' id='line_1_4' title="bbox 418 391 1679 452; baseline 0.002 -15"><span class='ocrx_word' id='word_1_9' title='bbox 418 408 518 451; x_wconf 81' lang='grc' dir='ltr'><strong><em>την·</em></strong></span> <span class='ocrx_word' id='word_1_10' title='bbox 548 395 812 450; x_wconf 78' lang='grc' dir='ltr'><strong><em>μετέβαλλον</em></strong></span> <span class='ocrx_word' id='word_1_11' title='bbox 840 391 904 439; x_wconf 77' lang='grc' dir='ltr'><strong><em>ὧν</em></strong></span> <span class='ocrx_word' id='word_1_12' title='bbox 931 395 976 447; x_wconf 80' lang='grc' dir='ltr'>ἐς</span> <span class='ocrx_word' id='word_1_13' title='bbox 1003 395 1082 440; x_wconf 79' lang='grc' dir='ltr'><strong><em>τόν</em></strong></span> <span class='ocrx_word' id='word_1_14' title='bbox 1110 397 1255 439; x_wconf 82' lang='grc' dir='ltr'><strong><em>λίνεον</em></strong></span> <span class='ocrx_word' id='word_1_15' title='bbox 1285 401 1478 444; x_wconf 76' lang='grc' dir='ltr'><strong><em>κιθῶνα,</em></strong></span> <span class='ocrx_word' id='word_1_16' title='bbox 1522 398 1596 439; x_wconf 79' lang='grc' dir='ltr'><strong><em>ἵνα</em></strong></span> <span class='ocrx_word' id='word_1_17' title='bbox 1625 395 1679 452; x_wconf 77' lang='grc' dir='ltr'>δή</span> 
     </span>
    </p>
   </div>
   <div class='ocr_carea' id='block_1_4' title="bbox 358 622 1026 2428">
    <p class='ocr_par' dir='ltr' id='par_1_4' title="bbox 358 622 1026 2428">
     <span class='ocr_line' id='line_1_5' title="bbox 361 622 1018 676; baseline 0.003 -16"><span class='ocrx_word' id='word_1_18' title='bbox 361 625 544 660; x_wconf 75' lang='lat' dir='ltr'>amictum</span> <span class='ocrx_word' id='word_1_19' title='bbox 565 631 601 659; x_wconf 87' lang='lat' dir='ltr'>et</span> <span class='ocrx_word' id='word_1_20' title='bbox 622 622 671 660; x_wconf 82' lang='lat' dir='ltr'>ad</span> <span class='ocrx_word' id='word_1_21' title='bbox 690 624 807 661; x_wconf 84' lang='lat' dir='ltr'>vitam</span> <span class='ocrx_word' id='word_1_22' title='bbox 828 626 1018 676; x_wconf 74' lang='lat' dir='ltr'>pertinent</span> 
     </span>
     <span class='ocr_line' id='line_1_6' title="bbox 361 681 1017 732; baseline 0.005 -16"><span class='ocrx_word' id='word_1_23' title='bbox 361 682 514 732; x_wconf 79' lang='lat' dir='ltr'>qualem</span> <span class='ocrx_word' id='word_1_24' title='bbox 534 693 602 730; x_wconf 86' lang='lat' dir='ltr'>per</span> <span class='ocrx_word' id='word_1_25' title='bbox 621 681 808 717; x_wconf 79' lang='lat' dir='ltr'><strong>orientem</strong></span> <span class='ocrx_word' id='word_1_26' title='bbox 822 695 935 732; x_wconf 85' lang='lat' dir='ltr'>agere</span> <span class='ocrx_word' id='word_1_27' title='bbox 953 695 1017 719; x_wconf 89' lang='lat' dir='ltr'>so-</span> 
     </span>
     <span class='ocr_line' id='line_1_7' title="bbox 359 739 1019 790; baseline 0.002 -16"><span class='ocrx_word' id='word_1_28' title='bbox 359 739 438 774; x_wconf 85' lang='lat' dir='ltr'>lent</span> <span class='ocrx_word' id='word_1_29' title='bbox 457 739 655 774; x_wconf 82' lang='lat' dir='ltr'>mulieres:</span> <span class='ocrx_word' id='word_1_30' title='bbox 678 745 720 773; x_wconf 85' lang='lat' dir='ltr'>ut</span> <span class='ocrx_word' id='word_1_31' title='bbox 739 751 836 775; x_wconf 47' lang='lat' dir='ltr'>sane*</span> <span class='ocrx_word' id='word_1_32' title='bbox 860 752 906 775; x_wconf 90' lang='lat' dir='ltr'>eo</span> <span class='ocrx_word' id='word_1_33' title='bbox 926 752 1019 790; x_wconf 89' lang='lat' dir='ltr'>pro-</span> 
     </span>
     <span class='ocr_line' id='line_1_8' title="bbox 359 793 1018 847; baseline 0.003 -17"><span class='ocrx_word' id='word_1_34' title='bbox 359 795 439 830; x_wconf 78' lang='lat' dir='ltr'>bari</span> <span class='ocrx_word' id='word_1_35' title='bbox 468 793 659 842; x_wconf 81' lang='lat' dir='ltr'>videatur,</span> <span class='ocrx_word' id='word_1_36' title='bbox 691 793 796 846; x_wconf 91' lang='lat' dir='ltr'>quod</span> <span class='ocrx_word' id='word_1_37' title='bbox 825 808 909 846; x_wconf 82' lang='lat' dir='ltr'>cap.</span> <span class='ocrx_word' id='word_1_38' title='bbox 937 809 1018 847; x_wconf 90' lang='lat' dir='ltr'>seq.</span> 
     </span>
     <span class='ocr_line' id='line_1_9' title="bbox 358 849 1019 900; baseline 0.005 -14"><span class='ocrx_word' id='word_1_39' title='bbox 358 853 493 887; x_wconf 81' lang='lat' dir='ltr'>Noster</span> <span class='ocrx_word' id='word_1_40' title='bbox 512 849 644 898; x_wconf 80' lang='lat' dir='ltr'>tradit,</span> <span class='ocrx_word' id='word_1_41' title='bbox 665 849 765 888; x_wconf 87' lang='lat' dir='ltr'>hauc</span> <span class='ocrx_word' id='word_1_42' title='bbox 785 859 941 900; x_wconf 83' lang='lat' dir='ltr'>vestem,</span> <span class='ocrx_word' id='word_1_43' title='bbox 954 854 1019 889; x_wconf 86' lang='lat' dir='ltr'>Io-</span> 
     </span>
     <span class='ocr_line' id='line_1_10' title="bbox 359 908 1021 959; baseline 0.003 -16"><span class='ocrx_word' id='word_1_44' title='bbox 359 908 452 943; x_wconf 80' lang='lat' dir='ltr'>nicis</span> <span class='ocrx_word' id='word_1_45' title='bbox 491 909 670 943; x_wconf 86' lang='lat' dir='ltr'>usitatam</span> <span class='ocrx_word' id='word_1_46' title='bbox 683 937 692 955; x_wconf 82' lang='lat'>,</span> <span class='ocrx_word' id='word_1_47' title='bbox 742 910 893 959; x_wconf 81' lang='lat' dir='ltr'>proprie</span> <span class='ocrx_word' id='word_1_48' title='bbox 942 922 1021 945; x_wconf 89' lang='lat' dir='ltr'>nou</span> 
     </span>
     <span class='ocr_line' id='line_1_11' title="bbox 359 963 1021 1013; baseline 0.005 -14"><span class='ocrx_word' id='word_1_49' title='bbox 359 964 471 1000; x_wconf 78' lang='lat' dir='ltr'>fuisse</span> <span class='ocrx_word' id='word_1_50' title='bbox 492 963 647 1000; x_wconf 67' lang='lat' dir='ltr'>Ionicum</span> <span class='ocrx_word' id='word_1_51' title='bbox 663 963 730 1000; x_wconf 86' lang='lat' dir='ltr'>sed</span> <span class='ocrx_word' id='word_1_52' title='bbox 754 965 936 1013; x_wconf 78' lang='lat' dir='ltr'><em>Caricam,</em></span> <span class='ocrx_word' id='word_1_53' title='bbox 974 966 1021 1002; x_wconf 86' lang='lat' dir='ltr'>ab</span> 
     </span>
     <span class='ocr_line' id='line_1_12' title="bbox 359 1021 1021 1072; baseline 0.003 -16"><span class='ocrx_word' id='word_1_54' title='bbox 359 1022 506 1057; x_wconf 77' lang='lat' dir='ltr'>Asianis</span> <span class='ocrx_word' id='word_1_55' title='bbox 526 1021 640 1070; x_wconf 81' lang='lat' dir='ltr'>igitur</span> <span class='ocrx_word' id='word_1_56' title='bbox 655 1023 802 1071; x_wconf 87' lang='lat' dir='ltr'>populis</span> <span class='ocrx_word' id='word_1_57' title='bbox 815 1029 1021 1072; x_wconf 81' lang='lat' dir='ltr'>receptam.</span> 
     </span>
     <span class='ocr_line' id='line_1_13' title="bbox 360 1075 1021 1122; baseline 0.003 -9"><span class='ocrx_word' id='word_1_58' title='bbox 360 1075 472 1122; x_wconf 79' lang='lat' dir='ltr'>Quod</span> <span class='ocrx_word' id='word_1_59' title='bbox 507 1085 592 1113; x_wconf 90' lang='lat' dir='ltr'>tum</span> <span class='ocrx_word' id='word_1_60' title='bbox 621 1078 766 1114; x_wconf 82' lang='lat' dir='ltr'>factum</span> <span class='ocrx_word' id='word_1_61' title='bbox 787 1092 866 1115; x_wconf 88' lang='lat' dir='ltr'>esse</span> <span class='ocrx_word' id='word_1_62' title='bbox 888 1081 1021 1115; x_wconf 81' lang='lat' dir='ltr'>existi-</span> 
     </span>
     <span class='ocr_line' id='line_1_14' title="bbox 359 1134 1019 1186; baseline 0.003 -16"><span class='ocrx_word' id='word_1_63' title='bbox 359 1141 439 1170; x_wconf 87' lang='lat' dir='ltr'>mat</span> <span class='ocrx_word' id='word_1_64' title='bbox 463 1134 504 1170; x_wconf 88' lang='lat' dir='ltr'>C.</span> <span class='ocrx_word' id='word_1_65' title='bbox 528 1134 572 1170; x_wconf 90' lang='grc' dir='ltr'>Ο.</span> <span class='ocrx_word' id='word_1_66' title='bbox 593 1134 744 1171; x_wconf 69' lang='lat' dir='ltr'>Mulier.</span> <span class='ocrx_word' id='word_1_67' title='bbox 764 1136 959 1185; x_wconf 81' lang='lat' dir='ltr'>Aeginett.</span> <span class='ocrx_word' id='word_1_68' title='bbox 980 1149 1019 1186; x_wconf 90' lang='lat' dir='ltr'>p.</span> 
     </span>
     <span class='ocr_line' id='line_1_15' title="bbox 360 1191 1022 1241; baseline 0.005 -16"><span class='ocrx_word' id='word_1_69' title='bbox 360 1193 426 1237; x_wconf 77' lang='lat'>72,</span> <span class='ocrx_word' id='word_1_70' title='bbox 470 1203 560 1226; x_wconf 89' lang='lat' dir='ltr'>cum</span> <span class='ocrx_word' id='word_1_71' title='bbox 589 1191 726 1227; x_wconf 80' lang='lat' dir='ltr'>Milesii</span> <span class='ocrx_word' id='word_1_72' title='bbox 744 1193 859 1241; x_wconf 90' lang='lat' dir='ltr'>primi</span> <span class='ocrx_word' id='word_1_73' title='bbox 880 1192 1022 1228; x_wconf 85' lang='lat' dir='ltr'>Carum</span> 
     </span>
     <span class='ocr_line' id='line_1_16' title="bbox 359 1247 1023 1297; baseline 0.005 -15"><span class='ocrx_word' id='word_1_74' title='bbox 359 1247 521 1283; x_wconf 86' lang='lat' dir='ltr'>feminas</span> <span class='ocrx_word' id='word_1_75' title='bbox 548 1254 724 1297; x_wconf 84' lang='lat' dir='ltr'>raperent</span> <span class='ocrx_word' id='word_1_76' title='bbox 753 1255 790 1284; x_wconf 90' lang='lat' dir='ltr'>et</span> <span class='ocrx_word' id='word_1_77' title='bbox 819 1250 858 1284; x_wconf 91' lang='lat' dir='ltr'>in</span> <span class='ocrx_word' id='word_1_78' title='bbox 886 1250 1023 1285; x_wconf 85' lang='lat' dir='ltr'>matri—-</span> 
     </span>
     <span class='ocr_line' id='line_1_17' title="bbox 358 1302 1021 1353; baseline 0.005 -14"><span class='ocrx_word' id='word_1_79' title='bbox 358 1305 535 1340; x_wconf 88' lang='lat' dir='ltr'>monium</span> <span class='ocrx_word' id='word_1_80' title='bbox 556 1302 739 1341; x_wconf 88' lang='lat' dir='ltr'>ducerent</span> <span class='ocrx_word' id='word_1_81' title='bbox 767 1303 846 1353; x_wconf 86' lang='lat' dir='ltr'>(cf.</span> <span class='ocrx_word' id='word_1_82' title='bbox 876 1304 1021 1342; x_wconf 84' lang='lat' dir='ltr'>Herod.</span> 
     </span>
     <span class='ocr_line' id='line_1_18' title="bbox 359 1359 1022 1410; baseline 0.005 -14"><span class='ocrx_word' id='word_1_83' title='bbox 359 1362 389 1407; x_wconf 81' lang='grc' dir='ltr'>Ι,</span> <span class='ocrx_word' id='word_1_84' title='bbox 415 1359 533 1410; x_wconf 83' lang='lat'>146),</span> <span class='ocrx_word' id='word_1_85' title='bbox 570 1361 623 1397; x_wconf 84' lang='lat' dir='ltr'>ita</span> <span class='ocrx_word' id='word_1_86' title='bbox 650 1368 693 1397; x_wconf 83' lang='lat' dir='ltr'>ut</span> <span class='ocrx_word' id='word_1_87' title='bbox 724 1373 839 1397; x_wconf 89' lang='lat' dir='ltr'>omne</span> <span class='ocrx_word' id='word_1_88' title='bbox 858 1360 932 1398; x_wconf 92' lang='lat' dir='ltr'>hoc</span> <span class='ocrx_word' id='word_1_89' title='bbox 953 1375 1022 1399; x_wconf 87' lang='lat' dir='ltr'>ve-</span> 
     </span>
     <span class='ocr_line' id='line_1_19' title="bbox 359 1415 1021 1469; baseline 0.005 -17"><span class='ocrx_word' id='word_1_90' title='bbox 359 1415 497 1453; x_wconf 86' lang='lat' dir='ltr'>stiendi</span> <span class='ocrx_word' id='word_1_91' title='bbox 535 1429 655 1466; x_wconf 88' lang='lat' dir='ltr'>genus</span> <span class='ocrx_word' id='word_1_92' title='bbox 682 1430 703 1453; x_wconf 88' lang='lat' dir='ltr'>e</span> <span class='ocrx_word' id='word_1_93' title='bbox 731 1419 861 1455; x_wconf 89' lang='lat' dir='ltr'>Mileto</span> <span class='ocrx_word' id='word_1_94' title='bbox 889 1419 1021 1469; x_wconf 85' lang='lat' dir='ltr'>profe-</span> 
     </span>
     <span class='ocr_line' id='line_1_20' title="bbox 360 1472 1022 1525; baseline 0.005 -16"><span class='ocrx_word' id='word_1_95' title='bbox 360 1480 468 1509; x_wconf 83' lang='lat' dir='ltr'>ctum</span> <span class='ocrx_word' id='word_1_96' title='bbox 487 1472 535 1509; x_wconf 87' lang='lat' dir='ltr'>ad</span> <span class='ocrx_word' id='word_1_97' title='bbox 550 1474 715 1525; x_wconf 89' lang='lat' dir='ltr'>reliquos</span> <span class='ocrx_word' id='word_1_98' title='bbox 735 1476 846 1512; x_wconf 86' lang='lat' dir='ltr'>Iones</span> <span class='ocrx_word' id='word_1_99' title='bbox 863 1483 900 1512; x_wconf 89' lang='lat' dir='ltr'>et</span> <span class='ocrx_word' id='word_1_100' title='bbox 910 1476 1022 1512; x_wconf 86' lang='lat' dir='ltr'>Asia—</span> 
     </span>
     <span class='ocr_line' id='line_1_21' title="bbox 360 1531 1024 1580; baseline 0.005 -14"><span class='ocrx_word' id='word_1_101' title='bbox 360 1531 455 1566; x_wconf 91' lang='lat' dir='ltr'>ticos</span> <span class='ocrx_word' id='word_1_102' title='bbox 476 1536 512 1566; x_wconf 90' lang='lat' dir='ltr'>et</span> <span class='ocrx_word' id='word_1_103' title='bbox 531 1531 751 1580; x_wconf 81' lang='lat' dir='ltr'>Europaeos</span> <span class='ocrx_word' id='word_1_104' title='bbox 778 1531 869 1568; x_wconf 90' lang='lat' dir='ltr'>inde</span> <span class='ocrx_word' id='word_1_105' title='bbox 888 1531 1024 1568; x_wconf 89' lang='lat' dir='ltr'>tradu-</span> 
     </span>
     <span class='ocr_line' id='line_1_22' title="bbox 362 1585 1023 1638; baseline 0.002 -15"><span class='ocrx_word' id='word_1_106' title='bbox 362 1593 467 1623; x_wconf 84' lang='lat' dir='ltr'>ctum</span> <span class='ocrx_word' id='word_1_107' title='bbox 487 1585 609 1623; x_wconf 84' lang='lat' dir='ltr'>videri</span> <span class='ocrx_word' id='word_1_108' title='bbox 629 1594 755 1638; x_wconf 83' lang='lat' dir='ltr'>queat.</span> <span class='ocrx_word' id='word_1_109' title='bbox 815 1589 888 1633; x_wconf 77' lang='lat' dir='ltr'>Qui</span> <span class='ocrx_word' id='word_1_110' title='bbox 918 1588 1023 1625; x_wconf 86' lang='lat' dir='ltr'>idem</span> 
     </span>
     <span class='ocr_line' id='line_1_23' title="bbox 363 1642 1022 1696; baseline 0.002 -16"><span class='ocrx_word' id='word_1_111' title='bbox 363 1642 411 1680; x_wconf 84' lang='lat' dir='ltr'>de</span> <span class='ocrx_word' id='word_1_112' title='bbox 432 1642 578 1680; x_wconf 80' lang='lat' dir='ltr'>diversa</span> <span class='ocrx_word' id='word_1_113' title='bbox 587 1644 734 1680; x_wconf 90' lang='lat' dir='ltr'>Dorum</span> <span class='ocrx_word' id='word_1_114' title='bbox 749 1651 864 1696; x_wconf 86' lang='lat' dir='ltr'>atque</span> <span class='ocrx_word' id='word_1_115' title='bbox 883 1647 1022 1682; x_wconf 87' lang='lat' dir='ltr'>Ionum</span> 
     </span>
     <span class='ocr_line' id='line_1_24' title="bbox 361 1700 1022 1750; baseline 0.005 -14"><span class='ocrx_word' id='word_1_116' title='bbox 361 1706 464 1736; x_wconf 82' lang='lat' dir='ltr'>veste</span> <span class='ocrx_word' id='word_1_117' title='bbox 492 1700 602 1750; x_wconf 87' lang='lat' dir='ltr'>plura</span> <span class='ocrx_word' id='word_1_118' title='bbox 633 1701 757 1738; x_wconf 85' lang='lat' dir='ltr'>attulit</span> <span class='ocrx_word' id='word_1_119' title='bbox 782 1703 845 1738; x_wconf 88' lang='lat' dir='ltr'>in:</span> <span class='ocrx_word' id='word_1_120' title='bbox 885 1701 1022 1739; x_wconf 89' lang='lat' dir='ltr'>Hand—</span> 
     </span>
     <span class='ocr_line' id='line_1_25' title="bbox 361 1754 1022 1809; baseline 0.006 -17"><span class='ocrx_word' id='word_1_121' title='bbox 361 1754 466 1793; x_wconf 89' lang='lat' dir='ltr'>buch</span> <span class='ocrx_word' id='word_1_122' title='bbox 486 1755 525 1793; x_wconf 91' lang='lat' dir='ltr'>d.</span> <span class='ocrx_word' id='word_1_123' title='bbox 550 1755 804 1808; x_wconf 87' lang='lat' dir='ltr'>Archaeolog.</span> <span class='ocrx_word' id='word_1_124' title='bbox 827 1759 864 1804; x_wconf 82' lang='lat'>§.</span> <span class='ocrx_word' id='word_1_125' title='bbox 881 1760 962 1799; x_wconf 83' lang='lat'>339</span> <span class='ocrx_word' id='word_1_126' title='bbox 982 1772 1022 1809; x_wconf 89' lang='lat' dir='ltr'>p.</span> 
     </span>
     <span class='ocr_line' id='line_1_26' title="bbox 362 1812 1018 1866; baseline 0.005 -18"><span class='ocrx_word' id='word_1_127' title='bbox 362 1812 445 1854; x_wconf 79' lang='grc'>425</span> <span class='ocrx_word' id='word_1_128' title='bbox 466 1825 573 1865; x_wconf 87' lang='lat' dir='ltr'>seqq.</span> <span class='ocrx_word' id='word_1_129' title='bbox 594 1814 680 1850; x_wconf 90' lang='lat' dir='ltr'>coll.</span> <span class='ocrx_word' id='word_1_130' title='bbox 701 1815 894 1865; x_wconf 72' lang='lat' dir='ltr'>Aeginett.</span> <span class='ocrx_word' id='word_1_131' title='bbox 913 1829 952 1866; x_wconf 88' lang='lat' dir='ltr'>p.</span> <span class='ocrx_word' id='word_1_132' title='bbox 967 1817 1018 1855; x_wconf 89' lang='lat'>71</span> 
     </span>
     <span class='ocr_line' id='line_1_27' title="bbox 362 1870 1025 1923; baseline 0.005 -18"><span class='ocrx_word' id='word_1_133' title='bbox 362 1882 442 1921; x_wconf 89' lang='lat' dir='ltr'>seq.</span> <span class='ocrx_word' id='word_1_134' title='bbox 477 1870 569 1906; x_wconf 91' lang='lat' dir='ltr'>Dor.</span> <span class='ocrx_word' id='word_1_135' title='bbox 597 1871 634 1906; x_wconf 90' lang='grc' dir='ltr'>Π</span> <span class='ocrx_word' id='word_1_136' title='bbox 652 1884 690 1920; x_wconf 91' lang='lat' dir='ltr'>p.</span> <span class='ocrx_word' id='word_1_137' title='bbox 712 1873 793 1912; x_wconf 72' lang='grc'>263</span> <span class='ocrx_word' id='word_1_138' title='bbox 813 1884 918 1923; x_wconf 88' lang='lat' dir='ltr'>seqq.</span> <span class='ocrx_word' id='word_1_139' title='bbox 951 1872 1025 1908; x_wconf 88' lang='lat' dir='ltr'>At-</span> 
     </span>
     <span class='ocr_line' id='line_1_28' title="bbox 362 1927 1025 1978; baseline 0.006 -17"><span class='ocrx_word' id='word_1_140' title='bbox 362 1927 448 1976; x_wconf 84' lang='lat' dir='ltr'>tigit</span> <span class='ocrx_word' id='word_1_141' title='bbox 474 1938 627 1978; x_wconf 86' lang='lat' dir='ltr'>quoque</span> <span class='ocrx_word' id='word_1_142' title='bbox 656 1928 840 1978; x_wconf 80' lang='lat' dir='ltr'>Bottiger.</span> <span class='ocrx_word' id='word_1_143' title='bbox 869 1929 909 1964; x_wconf 91' lang='lat' dir='ltr'>in</span> <span class='ocrx_word' id='word_1_144' title='bbox 939 1929 1025 1964; x_wconf 88' lang='lat' dir='ltr'>An-</span> 
     </span>
     <span class='ocr_line' id='line_1_29' title="bbox 363 1983 1025 2033; baseline 0.003 -15"><span class='ocrx_word' id='word_1_145' title='bbox 363 1983 440 2020; x_wconf 85' lang='lat' dir='ltr'>nal.</span> <span class='ocrx_word' id='word_1_146' title='bbox 473 1984 696 2020; x_wconf 82' lang='lat' dir='ltr'>Viennenss.</span> <span class='ocrx_word' id='word_1_147' title='bbox 727 1984 873 2033; x_wconf 84' lang='lat'>(1830)</span> <span class='ocrx_word' id='word_1_148' title='bbox 907 1985 1025 2022; x_wconf 89' lang='lat' dir='ltr'>Tom.</span> 
     </span>
     <span class='ocr_line' id='line_1_30' title="bbox 364 2039 1026 2093; baseline 0.005 -18"><span class='ocrx_word' id='word_1_149' title='bbox 364 2040 494 2075; x_wconf 86' lang='lat' dir='ltr'><strong>XLIX</strong></span> <span class='ocrx_word' id='word_1_150' title='bbox 514 2053 552 2090; x_wconf 92' lang='lat' dir='ltr'>p.</span> <span class='ocrx_word' id='word_1_151' title='bbox 574 2039 598 2080; x_wconf 84' lang='lat'><strong>4</strong></span> <span class='ocrx_word' id='word_1_152' title='bbox 612 2041 835 2090; x_wconf 86' lang='lat' dir='ltr'>Anzeigebl.</span> <span class='ocrx_word' id='word_1_153' title='bbox 855 2043 1026 2093; x_wconf 85' lang='lat' dir='ltr'>itemque</span> 
     </span>
     <span class='ocr_line' id='line_1_31' title="bbox 364 2095 1026 2148; baseline 0.006 -17"><span class='ocrx_word' id='word_1_154' title='bbox 364 2095 614 2133; x_wconf 86' lang='lat' dir='ltr'>Broendsted.</span> <span class='ocrx_word' id='word_1_155' title='bbox 636 2098 677 2132; x_wconf 90' lang='lat' dir='ltr'>in</span> <span class='ocrx_word' id='word_1_156' title='bbox 696 2098 824 2134; x_wconf 89' lang='lat' dir='ltr'>Itiner.</span> <span class='ocrx_word' id='word_1_157' title='bbox 856 2099 907 2134; x_wconf 91' lang='lat' dir='ltr'>T.</span> <span class='ocrx_word' id='word_1_158' title='bbox 929 2099 967 2133; x_wconf 83' lang='grc' dir='ltr'>ΙΙ</span> <span class='ocrx_word' id='word_1_159' title='bbox 986 2111 1026 2148; x_wconf 90' lang='lat' dir='ltr'>p.</span> 
     </span>
     <span class='ocr_line' id='line_1_32' title="bbox 365 2152 1026 2204; baseline 0.003 -16"><span class='ocrx_word' id='word_1_160' title='bbox 365 2154 448 2192; x_wconf 81' lang='grc'>263</span> <span class='ocrx_word' id='word_1_161' title='bbox 480 2159 537 2199; x_wconf 88' lang='lat' dir='ltr'>et,</span> <span class='ocrx_word' id='word_1_162' title='bbox 590 2155 656 2204; x_wconf 89' lang='lat' dir='ltr'>qui</span> <span class='ocrx_word' id='word_1_163' title='bbox 687 2165 708 2189; x_wconf 87' lang='lat' dir='ltr'>a</span> <span class='ocrx_word' id='word_1_164' title='bbox 747 2152 814 2193; x_wconf 88' lang='lat' dir='ltr'>Cr.</span> <span class='ocrx_word' id='word_1_165' title='bbox 850 2153 1026 2191; x_wconf 84' lang='lat' dir='ltr'>laudatur</span> 
     </span>
     <span class='ocr_line' id='line_1_33' title="bbox 366 2208 1026 2247; baseline 0.005 -3"><span class='ocrx_word' id='word_1_166' title='bbox 366 2208 697 2246; x_wconf 84' lang='lat' dir='ltr'>Raoul-Rochette</span> <span class='ocrx_word' id='word_1_167' title='bbox 728 2211 768 2245; x_wconf 87' lang='lat' dir='ltr'>in</span> <span class='ocrx_word' id='word_1_168' title='bbox 812 2209 1026 2247; x_wconf 75' lang='lat' dir='ltr'>Achilleide</span> 
     </span>
     <span class='ocr_line' id='line_1_34' title="bbox 368 2265 1026 2315; baseline 0.003 -14"><span class='ocrx_word' id='word_1_169' title='bbox 368 2277 458 2315; x_wconf 88' lang='lat' dir='ltr'>pag.</span> <span class='ocrx_word' id='word_1_170' title='bbox 480 2268 532 2306; x_wconf 82' lang='lat'>83</span> <span class='ocrx_word' id='word_1_171' title='bbox 554 2272 631 2302; x_wconf 85' lang='lat' dir='ltr'>not.</span> <span class='ocrx_word' id='word_1_172' title='bbox 665 2268 701 2305; x_wconf 87' lang='lat'>6.</span> <span class='ocrx_word' id='word_1_173' title='bbox 767 2267 825 2302; x_wconf 90' lang='lat' dir='ltr'>De</span> <span class='ocrx_word' id='word_1_174' title='bbox 846 2265 1026 2303; x_wconf 86' lang='lat' dir='ltr'>Stackel-</span> 
     </span>
     <span class='ocr_line' id='line_1_35' title="bbox 368 2322 1026 2374; baseline 0.003 -17"><span class='ocrx_word' id='word_1_175' title='bbox 368 2322 463 2371; x_wconf 88' lang='lat' dir='ltr'>berg</span> <span class='ocrx_word' id='word_1_176' title='bbox 481 2332 490 2357; x_wconf 92' lang='lat'>:</span> <span class='ocrx_word' id='word_1_177' title='bbox 538 2322 617 2358; x_wconf 88' lang='lat' dir='ltr'>Der</span> <span class='ocrx_word' id='word_1_178' title='bbox 652 2322 937 2374; x_wconf 84' lang='lat' dir='ltr'>Apollotempel</span> <span class='ocrx_word' id='word_1_179' title='bbox 977 2335 1026 2359; x_wconf 89' lang='lat' dir='ltr'>zu</span> 
     </span>
     <span class='ocr_line' id='line_1_36' title="bbox 368 2378 704 2428; baseline 0 -14"><span class='ocrx_word' id='word_1_180' title='bbox 368 2378 507 2414; x_wconf 86' lang='lat' dir='ltr'>Bassae</span> <span class='ocrx_word' id='word_1_181' title='bbox 526 2390 614 2428; x_wconf 88' lang='lat' dir='ltr'>pag.</span> <span class='ocrx_word' id='word_1_182' title='bbox 636 2380 704 2417; x_wconf 89' lang='grc'>77.</span> 
     </span>
    </p>
   </div>
   <div class='ocr_carea' id='block_1_5' title="bbox 368 2489 1029 2867">
    <p class='ocr_par' dir='ltr' id='par_1_5' title="bbox 368 2489 1029 2867">
     <span class='ocr_line' id='line_1_37' title="bbox 426 2489 1028 2544; baseline 0 -16"><span class='ocrx_word' id='word_1_183' title='bbox 426 2491 478 2544; x_wconf 82' lang='grc' dir='ltr'>τῇ</span> <span class='ocrx_word' id='word_1_184' title='bbox 508 2489 712 2543; x_wconf 78' lang='grc' dir='ltr'><strong><em>Κορινθίῃ</em></strong></span> <span class='ocrx_word' id='word_1_185' title='bbox 742 2492 1028 2540; x_wconf 81' lang='grc' dir='ltr'><strong><em>παραπλησιω-</em></strong></span> 
     </span>
     <span class='ocr_line' id='line_1_38' title="bbox 369 2541 1028 2596; baseline -0.002 -12"><span class='ocrx_word' id='word_1_186' title='bbox 369 2541 521 2596; x_wconf 80' lang='grc' dir='ltr'><strong><em>τάτην]</em></strong></span> <span class='ocrx_word' id='word_1_187' title='bbox 554 2544 663 2583; x_wconf 86' lang='lat' dir='ltr'>Unde</span> <span class='ocrx_word' id='word_1_188' title='bbox 685 2545 757 2582; x_wconf 89' lang='lat' dir='ltr'>hoc</span> <span class='ocrx_word' id='word_1_189' title='bbox 778 2553 880 2582; x_wconf 87' lang='lat' dir='ltr'>certe</span> <span class='ocrx_word' id='word_1_190' title='bbox 900 2547 1028 2596; x_wconf 88' lang='lat' dir='ltr'>colligi</span> 
     </span>
     <span class='ocr_line' id='line_1_39' title="bbox 370 2600 1029 2654; baseline -0.003 -14"><span class='ocrx_word' id='word_1_191' title='bbox 370 2609 515 2654; x_wconf 86' lang='lat' dir='ltr'>potest,</span> <span class='ocrx_word' id='word_1_192' title='bbox 580 2600 683 2654; x_wconf 90' lang='lat' dir='ltr'>quod</span> <span class='ocrx_word' id='word_1_193' title='bbox 721 2602 837 2639; x_wconf 86' lang='lat' dir='ltr'>etiam</span> <span class='ocrx_word' id='word_1_194' title='bbox 876 2602 1029 2639; x_wconf 85' lang='lat' dir='ltr'>aliunde</span> 
     </span>
     <span class='ocr_line' id='line_1_40' title="bbox 371 2656 1029 2710; baseline 0 -14"><span class='ocrx_word' id='word_1_195' title='bbox 371 2660 573 2710; x_wconf 84' lang='lat' dir='ltr'>probatur,</span> <span class='ocrx_word' id='word_1_196' title='bbox 605 2656 888 2696; x_wconf 83' lang='lat' dir='ltr'>Corinthiorum</span> <span class='ocrx_word' id='word_1_197' title='bbox 915 2660 1029 2696; x_wconf 86' lang='lat' dir='ltr'>vesti—</span> 
     </span>
     <span class='ocr_line' id='line_1_41' title="bbox 371 2716 1028 2768; baseline 0 -16"><span class='ocrx_word' id='word_1_198' title='bbox 371 2722 570 2764; x_wconf 89' lang='lat' dir='ltr'>mentum,</span> <span class='ocrx_word' id='word_1_199' title='bbox 620 2716 792 2768; x_wconf 83' lang='lat' dir='ltr'>quamvis</span> <span class='ocrx_word' id='word_1_200' title='bbox 827 2722 864 2752; x_wconf 90' lang='lat' dir='ltr'>et</span> <span class='ocrx_word' id='word_1_201' title='bbox 901 2716 1028 2765; x_wconf 88' lang='lat' dir='ltr'>ipsum</span> 
     </span>
     <span class='ocr_line' id='line_1_42' title="bbox 369 2772 1026 2823; baseline 0 -15"><span class='ocrx_word' id='word_1_202' title='bbox 369 2773 552 2809; x_wconf 85' lang='lat' dir='ltr'>Doricum</span> <span class='ocrx_word' id='word_1_203' title='bbox 579 2786 601 2810; x_wconf 90' lang='lat' dir='ltr'>a</span> <span class='ocrx_word' id='word_1_204' title='bbox 626 2772 859 2823; x_wconf 84' lang='lat' dir='ltr'>reliquorum</span> <span class='ocrx_word' id='word_1_205' title='bbox 880 2773 1026 2808; x_wconf 88' lang='lat' dir='ltr'>Dorum</span> 
     </span>
     <span class='ocr_line' id='line_1_43' title="bbox 368 2827 1024 2867; baseline -0.002 -1"><span class='ocrx_word' id='word_1_206' title='bbox 368 2831 593 2867; x_wconf 83' lang='lat' dir='ltr'>vestimento</span> <span class='ocrx_word' id='word_1_207' title='bbox 624 2827 798 2866; x_wconf 85' lang='lat' dir='ltr'>nonnihil</span> <span class='ocrx_word' id='word_1_208' title='bbox 826 2828 936 2865; x_wconf 77' lang='lat' dir='ltr'>fuisse</span> <span class='ocrx_word' id='word_1_209' title='bbox 968 2829 1024 2866; x_wconf 82' lang='lat' dir='ltr'>di-</span> 
     </span>
    </p>
   </div>
   <div class='ocr_carea' id='block_1_6' title="bbox 1074 627 1739 1244">
    <p class='ocr_par' dir='ltr' id='par_1_6' title="bbox 1074 627 1739 1244">
     <span class='ocr_line' id='line_1_44' title="bbox 1075 627 1736 678; baseline 0.005 -17"><span class='ocrx_word' id='word_1_210' title='bbox 1075 639 1253 672; x_wconf 80' lang='lat' dir='ltr'>versum3</span> <span class='ocrx_word' id='word_1_211' title='bbox 1303 638 1541 678; x_wconf 87' lang='lat' dir='ltr'>quamquam</span> <span class='ocrx_word' id='word_1_212' title='bbox 1577 627 1618 662; x_wconf 87' lang='lat' dir='ltr'>in</span> <span class='ocrx_word' id='word_1_213' title='bbox 1659 639 1736 678; x_wconf 87' lang='lat' dir='ltr'>quo</span> 
     </span>
     <span class='ocr_line' id='line_1_45' title="bbox 1075 682 1738 732; baseline 0.003 -14"><span class='ocrx_word' id='word_1_214' title='bbox 1075 683 1155 732; x_wconf 86' lang='lat' dir='ltr'>ipso</span> <span class='ocrx_word' id='word_1_215' title='bbox 1176 682 1289 718; x_wconf 83' lang='lat' dir='ltr'>fuerit</span> <span class='ocrx_word' id='word_1_216' title='bbox 1310 682 1564 730; x_wconf 78' lang='lat' dir='ltr'>diversum‚id</span> <span class='ocrx_word' id='word_1_217' title='bbox 1583 683 1738 720; x_wconf 85' lang='lat' dir='ltr'>intanta</span> 
     </span>
     <span class='ocr_line' id='line_1_46' title="bbox 1074 739 1735 791; baseline 0.003 -16"><span class='ocrx_word' id='word_1_218' title='bbox 1074 740 1380 776; x_wconf 82' lang='lat' dir='ltr'>testimoniorum</span> <span class='ocrx_word' id='word_1_219' title='bbox 1401 739 1531 791; x_wconf 54' lang='lat' dir='ltr'>inopia</span> <span class='ocrx_word' id='word_1_220' title='bbox 1549 741 1615 777; x_wconf 83' lang='lat' dir='ltr'>vix</span> <span class='ocrx_word' id='word_1_221' title='bbox 1633 746 1735 777; x_wconf 87' lang='lat' dir='ltr'>certo</span> 
     </span>
     <span class='ocr_line' id='line_1_47' title="bbox 1076 794 1736 833; baseline 0.002 -1"><span class='ocrx_word' id='word_1_222' title='bbox 1076 794 1230 832; x_wconf 84' lang='lat' dir='ltr'>dixeris.</span> <span class='ocrx_word' id='word_1_223' title='bbox 1288 796 1397 833; x_wconf 88' lang='lat' dir='ltr'>Conf.</span> <span class='ocrx_word' id='word_1_224' title='bbox 1429 797 1472 833; x_wconf 86' lang='lat' dir='ltr'>C.</span> <span class='ocrx_word' id='word_1_225' title='bbox 1508 796 1553 833; x_wconf 92' lang='grc' dir='ltr'>Ο.</span> <span class='ocrx_word' id='word_1_226' title='bbox 1587 797 1736 833; x_wconf 82' lang='lat' dir='ltr'>Miiller.</span> 
     </span>
     <span class='ocr_line' id='line_1_48' title="bbox 1075 852 1739 903; baseline 0.002 -15"><span class='ocrx_word' id='word_1_227' title='bbox 1075 853 1167 889; x_wconf 86' lang='lat' dir='ltr'>Dor.</span> <span class='ocrx_word' id='word_1_228' title='bbox 1187 853 1224 888; x_wconf 93' lang='lat'>11</span> <span class='ocrx_word' id='word_1_229' title='bbox 1243 865 1330 903; x_wconf 84' lang='lat' dir='ltr'>pag.</span> <span class='ocrx_word' id='word_1_230' title='bbox 1359 852 1455 892; x_wconf 82' lang='lat'>265.</span> <span class='ocrx_word' id='word_1_231' title='bbox 1518 855 1598 890; x_wconf 90' lang='lat' dir='ltr'>Nec</span> <span class='ocrx_word' id='word_1_232' title='bbox 1620 855 1739 889; x_wconf 88' lang='lat' dir='ltr'>miror</span> 
     </span>
     <span class='ocr_line' id='line_1_49' title="bbox 1080 908 1738 961; baseline 0.005 -17"><span class='ocrx_word' id='word_1_233' title='bbox 1080 908 1262 960; x_wconf 87' lang='lat' dir='ltr'>equidem</span> <span class='ocrx_word' id='word_1_234' title='bbox 1282 922 1325 945; x_wconf 90' lang='lat' dir='ltr'>ea</span> <span class='ocrx_word' id='word_1_235' title='bbox 1354 911 1393 944; x_wconf 88' lang='lat' dir='ltr'>iu</span> <span class='ocrx_word' id='word_1_236' title='bbox 1414 910 1528 958; x_wconf 82' lang='lat' dir='ltr'>urbe,</span> <span class='ocrx_word' id='word_1_237' title='bbox 1558 922 1656 961; x_wconf 87' lang='lat' dir='ltr'>quae</span> <span class='ocrx_word' id='word_1_238' title='bbox 1675 911 1738 946; x_wconf 86' lang='lat' dir='ltr'>in-</span> 
     </span>
     <span class='ocr_line' id='line_1_50' title="bbox 1078 964 1739 1017; baseline 0.003 -16"><span class='ocrx_word' id='word_1_239' title='bbox 1078 972 1136 1001; x_wconf 91' lang='lat' dir='ltr'>ter</span> <span class='ocrx_word' id='word_1_240' title='bbox 1169 966 1332 1017; x_wconf 83' lang='lat' dir='ltr'>reliquas</span> <span class='ocrx_word' id='word_1_241' title='bbox 1363 964 1500 1002; x_wconf 80' lang='lat' dir='ltr'>divitiis</span> <span class='ocrx_word' id='word_1_242' title='bbox 1537 973 1575 1002; x_wconf 91' lang='lat' dir='ltr'>et</span> <span class='ocrx_word' id='word_1_243' title='bbox 1604 967 1739 1017; x_wconf 87' lang='lat' dir='ltr'>opibus</span> 
     </span>
     <span class='ocr_line' id='line_1_51' title="bbox 1077 1024 1739 1074; baseline 0.002 -16"><span class='ocrx_word' id='word_1_244' title='bbox 1077 1029 1293 1059; x_wconf 81' lang='lat' dir='ltr'>mercatura</span> <span class='ocrx_word' id='word_1_245' title='bbox 1309 1024 1497 1074; x_wconf 84' lang='lat' dir='ltr'>acquisitis</span> <span class='ocrx_word' id='word_1_246' title='bbox 1507 1029 1655 1059; x_wconf 87' lang='lat' dir='ltr'>mature</span> <span class='ocrx_word' id='word_1_247' title='bbox 1669 1036 1739 1059; x_wconf 86' lang='lat' dir='ltr'>ex-</span> 
     </span>
     <span class='ocr_line' id='line_1_52' title="bbox 1077 1078 1739 1130; baseline 0.002 -16"><span class='ocrx_word' id='word_1_248' title='bbox 1077 1079 1226 1126; x_wconf 89' lang='lat' dir='ltr'>celluit,</span> <span class='ocrx_word' id='word_1_249' title='bbox 1256 1078 1441 1116; x_wconf 80' lang='lat' dir='ltr'>vestiendi</span> <span class='ocrx_word' id='word_1_250' title='bbox 1469 1092 1590 1130; x_wconf 88' lang='lat' dir='ltr'>genus</span> <span class='ocrx_word' id='word_1_251' title='bbox 1609 1086 1739 1117; x_wconf 88' lang='lat' dir='ltr'>muta-</span> 
     </span>
     <span class='ocr_line' id='line_1_53' title="bbox 1077 1136 1739 1188; baseline 0.002 -17"><span class='ocrx_word' id='word_1_252' title='bbox 1077 1142 1160 1171; x_wconf 88' lang='lat' dir='ltr'>tum</span> <span class='ocrx_word' id='word_1_253' title='bbox 1175 1142 1211 1171; x_wconf 89' lang='lat' dir='ltr'>et</span> <span class='ocrx_word' id='word_1_254' title='bbox 1221 1148 1240 1171; x_wconf 87' lang='lat' dir='ltr'>a</span> <span class='ocrx_word' id='word_1_255' title='bbox 1252 1136 1471 1186; x_wconf 87' lang='lat' dir='ltr'>simpliciori</span> <span class='ocrx_word' id='word_1_256' title='bbox 1484 1136 1618 1183; x_wconf 86' lang='lat' dir='ltr'>forma,</span> <span class='ocrx_word' id='word_1_257' title='bbox 1641 1149 1739 1188; x_wconf 86' lang='lat' dir='ltr'>quae</span> 
     </span>
     <span class='ocr_line' id='line_1_54' title="bbox 1076 1193 1738 1244; baseline 0.003 -17"><span class='ocrx_word' id='word_1_258' title='bbox 1076 1193 1240 1229; x_wconf 89' lang='lat' dir='ltr'>Doribus</span> <span class='ocrx_word' id='word_1_259' title='bbox 1280 1193 1434 1244; x_wconf 87' lang='lat' dir='ltr'>reliquis</span> <span class='ocrx_word' id='word_1_260' title='bbox 1474 1194 1626 1243; x_wconf 86' lang='lat' dir='ltr'>propria</span> <span class='ocrx_word' id='word_1_261' title='bbox 1654 1193 1738 1237; x_wconf 80' lang='lat' dir='ltr'>fuit,</span> 
     </span>
    </p>
   </div>
   <div class='ocr_carea' id='block_1_7' title="bbox 1077 1248 1802 1300">
    <p class='ocr_par' dir='ltr' id='par_1_7' title="bbox 1077 1248 1802 1300">
     <span class='ocr_line' id='line_1_55' title="bbox 1077 1248 1802 1300; baseline 0 -16"><span class='ocrx_word' id='word_1_262' title='bbox 1077 1249 1316 1300; x_wconf 88' lang='lat' dir='ltr'>aliquantum</span> <span class='ocrx_word' id='word_1_263' title='bbox 1336 1250 1527 1286; x_wconf 82' lang='lat' dir='ltr'>recessisse</span> <span class='ocrx_word' id='word_1_264' title='bbox 1553 1248 1603 1285; x_wconf 91' lang='lat' dir='ltr'>ad</span> <span class='ocrx_word' id='word_1_265' title='bbox 1623 1250 1740 1285; x_wconf 87' lang='lat' dir='ltr'>ratio·</span> <span class='ocrx_word' id='word_1_266' title='bbox 1794 1279 1802 1283; x_wconf 78' lang='grc'><em>.</em></span> 
     </span>
    </p>
   </div>
   <div class='ocr_carea' id='block_1_8' title="bbox 1076 1306 1740 1399">
    <p class='ocr_par' dir='ltr' id='par_1_8' title="bbox 1076 1306 1740 1399">
     <span class='ocr_line' id='line_1_56' title="bbox 1076 1306 1740 1358; baseline 0.002 -17"><span class='ocrx_word' id='word_1_267' title='bbox 1076 1318 1169 1341; x_wconf 88' lang='lat' dir='ltr'>nem</span> <span class='ocrx_word' id='word_1_268' title='bbox 1220 1306 1421 1342; x_wconf 87' lang='lat' dir='ltr'>cultiorem</span> <span class='ocrx_word' id='word_1_269' title='bbox 1472 1312 1509 1342; x_wconf 90' lang='lat' dir='ltr'>et</span> <span class='ocrx_word' id='word_1_270' title='bbox 1570 1306 1740 1358; x_wconf 84' lang='lat' dir='ltr'>exquisi-</span> 
     </span>
     <span class='ocr_line' id='line_1_57' title="bbox 1076 1363 1227 1399; baseline -0.013 0"><span class='ocrx_word' id='word_1_271' title='bbox 1076 1363 1227 1399; x_wconf 90' lang='lat' dir='ltr'>tiorem.</span> 
     </span>
    </p>
   </div>
   <div class='ocr_carea' id='block_1_9' title="bbox 1077 1469 1742 2825">
    <p class='ocr_par' dir='ltr' id='par_1_9' title="bbox 1077 1469 1742 2825">
     <span class='ocr_line' id='line_1_58' title="bbox 1136 1469 1740 1528; baseline 0 -16"><span class='ocrx_word' id='word_1_272' title='bbox 1136 1473 1205 1512; x_wconf 77' lang='grc' dir='ltr'><strong><em>ἵνα</em></strong></span> <span class='ocrx_word' id='word_1_273' title='bbox 1228 1470 1278 1524; x_wconf 69' lang='grc' dir='ltr'>δή</span> <span class='ocrx_word' id='word_1_274' title='bbox 1300 1469 1496 1528; x_wconf 73' lang='grc' dir='ltr'><strong><em>περόνῃσι</em></strong></span> <span class='ocrx_word' id='word_1_275' title='bbox 1512 1470 1566 1525; x_wconf 74' lang='grc' dir='ltr'>μή</span> <span class='ocrx_word' id='word_1_276' title='bbox 1590 1471 1740 1525; x_wconf 79' lang='grc' dir='ltr'><strong><em>χρέων-</em></strong></span> 
     </span>
     <span class='ocr_line' id='line_1_59' title="bbox 1079 1527 1738 1582; baseline -0.003 -14"><span class='ocrx_word' id='word_1_277' title='bbox 1079 1531 1160 1578; x_wconf 83' lang='grc' dir='ltr'><strong><em>ται]</em></strong></span> <span class='ocrx_word' id='word_1_278' title='bbox 1206 1531 1348 1567; x_wconf 89' lang='lat' dir='ltr'>Fibulis</span> <span class='ocrx_word' id='word_1_279' title='bbox 1382 1543 1412 1567; x_wconf 83' lang='lat' dir='ltr'>S.</span> <span class='ocrx_word' id='word_1_280' title='bbox 1442 1527 1632 1582; x_wconf 81' lang='grc' dir='ltr'><strong><em>περόναις</em></strong></span> <span class='ocrx_word' id='word_1_281' title='bbox 1651 1537 1738 1567; x_wconf 90' lang='lat' dir='ltr'>ute—</span> 
     </span>
     <span class='ocr_line' id='line_1_60' title="bbox 1080 1589 1742 1639; baseline 0.002 -17"><span class='ocrx_word' id='word_1_282' title='bbox 1080 1594 1212 1623; x_wconf 85' lang='lat' dir='ltr'>rentur</span> <span class='ocrx_word' id='word_1_283' title='bbox 1230 1600 1386 1623; x_wconf 88' lang='lat' dir='ltr'>necesse</span> <span class='ocrx_word' id='word_1_284' title='bbox 1407 1595 1497 1634; x_wconf 86' lang='lat' dir='ltr'>erat,</span> <span class='ocrx_word' id='word_1_285' title='bbox 1510 1589 1742 1639; x_wconf 87' lang='lat' dir='ltr'>quicumque</span> 
     </span>
     <span class='ocr_line' id='line_1_61' title="bbox 1078 1644 1739 1694; baseline 0.002 -15"><span class='ocrx_word' id='word_1_286' title='bbox 1078 1644 1216 1680; x_wconf 85' lang='lat' dir='ltr'>Dorica</span> <span class='ocrx_word' id='word_1_287' title='bbox 1225 1650 1415 1694; x_wconf 83' lang='lat' dir='ltr'>gestarent</span> <span class='ocrx_word' id='word_1_288' title='bbox 1424 1645 1648 1681; x_wconf 85' lang='lat' dir='ltr'>vestimenta</span> <span class='ocrx_word' id='word_1_289' title='bbox 1657 1645 1739 1680; x_wconf 88' lang='lat' dir='ltr'>nul-</span> 
     </span>
     <span class='ocr_line' id='line_1_62' title="bbox 1077 1700 1741 1737; baseline 0.002 -1"><span class='ocrx_word' id='word_1_290' title='bbox 1077 1700 1122 1736; x_wconf 89' lang='lat' dir='ltr'>lis</span> <span class='ocrx_word' id='word_1_291' title='bbox 1142 1701 1300 1737; x_wconf 89' lang='lat' dir='ltr'>manicis</span> <span class='ocrx_word' id='word_1_292' title='bbox 1330 1701 1511 1737; x_wconf 86' lang='lat' dir='ltr'>instructa</span> <span class='ocrx_word' id='word_1_293' title='bbox 1539 1714 1611 1737; x_wconf 87' lang='lat' dir='ltr'>nec</span> <span class='ocrx_word' id='word_1_294' title='bbox 1645 1713 1741 1737; x_wconf 87' lang='lat' dir='ltr'>con-</span> 
     </span>
     <span class='ocr_line' id='line_1_63' title="bbox 1077 1758 1740 1808; baseline 0.002 -15"><span class='ocrx_word' id='word_1_295' title='bbox 1077 1763 1182 1801; x_wconf 79' lang='lat' dir='ltr'>suta3</span> <span class='ocrx_word' id='word_1_296' title='bbox 1212 1758 1351 1794; x_wconf 90' lang='lat' dir='ltr'>Ionum</span> <span class='ocrx_word' id='word_1_297' title='bbox 1381 1758 1562 1804; x_wconf 81' lang='lat' dir='ltr'>amictus,</span> <span class='ocrx_word' id='word_1_298' title='bbox 1591 1759 1632 1793; x_wconf 88' lang='lat' dir='ltr'>in</span> <span class='ocrx_word' id='word_1_299' title='bbox 1663 1769 1740 1808; x_wconf 88' lang='lat' dir='ltr'>quo</span> 
     </span>
     <span class='ocr_line' id='line_1_64' title="bbox 1080 1814 1742 1862; baseline 0.002 -13"><span class='ocrx_word' id='word_1_300' title='bbox 1080 1814 1210 1850; x_wconf 82' lang='lat' dir='ltr'>omnia</span> <span class='ocrx_word' id='word_1_301' title='bbox 1245 1820 1402 1850; x_wconf 87' lang='lat' dir='ltr'>consuta</span> <span class='ocrx_word' id='word_1_302' title='bbox 1443 1820 1571 1862; x_wconf 89' lang='lat' dir='ltr'>erant,</span> <span class='ocrx_word' id='word_1_303' title='bbox 1618 1815 1742 1850; x_wconf 87' lang='lat' dir='ltr'>nullas</span> 
     </span>
     <span class='ocr_line' id='line_1_65' title="bbox 1080 1870 1741 1921; baseline 0.002 -15"><span class='ocrx_word' id='word_1_304' title='bbox 1080 1871 1296 1921; x_wconf 87' lang='lat' dir='ltr'>requirebat</span> <span class='ocrx_word' id='word_1_305' title='bbox 1336 1870 1483 1907; x_wconf 83' lang='lat' dir='ltr'>fibulas.</span> <span class='ocrx_word' id='word_1_306' title='bbox 1567 1870 1741 1908; x_wconf 83' lang='lat' dir='ltr'>Subinde</span> 
     </span>
     <span class='ocr_line' id='line_1_66' title="bbox 1080 1927 1742 1964; baseline 0.002 -2"><span class='ocrx_word' id='word_1_307' title='bbox 1080 1933 1210 1963; x_wconf 86' lang='lat' dir='ltr'>tamen</span> <span class='ocrx_word' id='word_1_308' title='bbox 1240 1928 1356 1963; x_wconf 88' lang='lat' dir='ltr'>etiam</span> <span class='ocrx_word' id='word_1_309' title='bbox 1381 1928 1421 1963; x_wconf 89' lang='lat' dir='ltr'>in</span> <span class='ocrx_word' id='word_1_310' title='bbox 1440 1928 1581 1964; x_wconf 87' lang='lat' dir='ltr'>Ionum</span> <span class='ocrx_word' id='word_1_311' title='bbox 1599 1927 1742 1964; x_wconf 63' lang='lat' dir='ltr'>mulie-⁸</span> 
     </span>
     <span class='ocr_line' id='line_1_67' title="bbox 1081 1981 1742 2036; baseline 0 -17"><span class='ocrx_word' id='word_1_312' title='bbox 1081 1997 1169 2020; x_wconf 90' lang='lat' dir='ltr'>rum</span> <span class='ocrx_word' id='word_1_313' title='bbox 1197 1985 1340 2020; x_wconf 88' lang='lat' dir='ltr'>amictu</span> <span class='ocrx_word' id='word_1_314' title='bbox 1375 1981 1546 2036; x_wconf 80' lang='grc' dir='ltr'><strong><em>περόνας</em></strong></span> <span class='ocrx_word' id='word_1_315' title='bbox 1579 1984 1742 2020; x_wconf 85' lang='lat' dir='ltr'>inveniri</span> 
     </span>
     <span class='ocr_line' id='line_1_68' title="bbox 1082 2040 1742 2090; baseline 0 -14"><span class='ocrx_word' id='word_1_316' title='bbox 1082 2040 1131 2077; x_wconf 86' lang='lat' dir='ltr'>ad</span> <span class='ocrx_word' id='word_1_317' title='bbox 1149 2041 1318 2077; x_wconf 88' lang='lat' dir='ltr'>manicas</span> <span class='ocrx_word' id='word_1_318' title='bbox 1337 2041 1464 2078; x_wconf 87' lang='lat' dir='ltr'>scissas</span> <span class='ocrx_word' id='word_1_319' title='bbox 1476 2041 1742 2090; x_wconf 85' lang='lat' dir='ltr'>constringen-</span> 
     </span>
     <span class='ocr_line' id='line_1_69' title="bbox 1082 2096 1739 2134; baseline 0 -1"><span class='ocrx_word' id='word_1_320' title='bbox 1082 2096 1148 2133; x_wconf 90' lang='lat' dir='ltr'>das</span> <span class='ocrx_word' id='word_1_321' title='bbox 1176 2104 1311 2134; x_wconf 86' lang='lat' dir='ltr'>monet</span> <span class='ocrx_word' id='word_1_322' title='bbox 1340 2097 1383 2134; x_wconf 87' lang='lat' dir='ltr'>C.</span> <span class='ocrx_word' id='word_1_323' title='bbox 1412 2098 1456 2134; x_wconf 93' lang='grc' dir='ltr'>Ο.</span> <span class='ocrx_word' id='word_1_324' title='bbox 1492 2098 1629 2133; x_wconf 78' lang='lat' dir='ltr'>Miiller</span> <span class='ocrx_word' id='word_1_325' title='bbox 1646 2098 1739 2134; x_wconf 85' lang='lat' dir='ltr'>Dor.</span> 
     </span>
     <span class='ocr_line' id='line_1_70' title="bbox 1079 2151 1740 2204; baseline -0.002 -14"><span class='ocrx_word' id='word_1_326' title='bbox 1079 2154 1116 2190; x_wconf 87' lang='lat'>11</span> <span class='ocrx_word' id='word_1_327' title='bbox 1135 2165 1223 2203; x_wconf 86' lang='lat' dir='ltr'>pag.</span> <span class='ocrx_word' id='word_1_328' title='bbox 1245 2151 1338 2200; x_wconf 76' lang='lat'><strong>264,</strong></span> <span class='ocrx_word' id='word_1_329' title='bbox 1367 2155 1432 2204; x_wconf 90' lang='lat' dir='ltr'>qui</span> <span class='ocrx_word' id='word_1_330' title='bbox 1461 2152 1565 2189; x_wconf 90' lang='lat' dir='ltr'>idem</span> <span class='ocrx_word' id='word_1_331' title='bbox 1592 2154 1630 2189; x_wconf 88' lang='lat' dir='ltr'>in</span> <span class='ocrx_word' id='word_1_332' title='bbox 1659 2154 1740 2189; x_wconf 87' lang='lat' dir='ltr'>Ae-</span> 
     </span>
     <span class='ocr_line' id='line_1_71' title="bbox 1081 2207 1739 2259; baseline 0.003 -15"><span class='ocrx_word' id='word_1_333' title='bbox 1081 2210 1215 2259; x_wconf 87' lang='lat' dir='ltr'>ginett.</span> <span class='ocrx_word' id='word_1_334' title='bbox 1246 2222 1333 2259; x_wconf 87' lang='lat' dir='ltr'>pag.</span> <span class='ocrx_word' id='word_1_335' title='bbox 1356 2212 1408 2249; x_wconf 74' lang='lat'>72</span> <span class='ocrx_word' id='word_1_336' title='bbox 1437 2207 1538 2246; x_wconf 86' lang='lat' dir='ltr'>hanc</span> <span class='ocrx_word' id='word_1_337' title='bbox 1559 2209 1739 2257; x_wconf 88' lang='lat' dir='ltr'>fabulam,</span> 
     </span>
     <span class='ocr_line' id='line_1_72' title="bbox 1082 2265 1741 2316; baseline 0.005 -16"><span class='ocrx_word' id='word_1_338' title='bbox 1082 2277 1201 2316; x_wconf 88' lang='lat' dir='ltr'>quam</span> <span class='ocrx_word' id='word_1_339' title='bbox 1238 2265 1285 2301; x_wconf 88' lang='lat' dir='ltr'>de</span> <span class='ocrx_word' id='word_1_340' title='bbox 1327 2267 1491 2302; x_wconf 87' lang='lat' dir='ltr'>vestium</span> <span class='ocrx_word' id='word_1_341' title='bbox 1521 2273 1741 2303; x_wconf 87' lang='lat' dir='ltr'>commuta-</span> 
     </span>
     <span class='ocr_line' id='line_1_73' title="bbox 1081 2320 1740 2373; baseline 0.002 -16"><span class='ocrx_word' id='word_1_342' title='bbox 1081 2323 1185 2358; x_wconf 89' lang='lat' dir='ltr'>tione</span> <span class='ocrx_word' id='word_1_343' title='bbox 1214 2320 1429 2359; x_wconf 84' lang='lat' dir='ltr'>Herodotus</span> <span class='ocrx_word' id='word_1_344' title='bbox 1459 2321 1591 2370; x_wconf 86' lang='lat' dir='ltr'>tradit,</span> <span class='ocrx_word' id='word_1_345' title='bbox 1610 2323 1740 2373; x_wconf 87' lang='lat' dir='ltr'>profe-</span> 
     </span>
     <span class='ocr_line' id='line_1_74' title="bbox 1082 2377 1741 2416; baseline 0.002 -1"><span class='ocrx_word' id='word_1_346' title='bbox 1082 2384 1184 2415; x_wconf 81' lang='lat' dir='ltr'>ctam</span> <span class='ocrx_word' id='word_1_347' title='bbox 1217 2377 1337 2415; x_wconf 89' lang='lat' dir='ltr'>videri</span> <span class='ocrx_word' id='word_1_348' title='bbox 1369 2379 1450 2415; x_wconf 81' lang='lat' dir='ltr'>vult</span> <span class='ocrx_word' id='word_1_349' title='bbox 1489 2392 1509 2415; x_wconf 90' lang='lat' dir='ltr'>e</span> <span class='ocrx_word' id='word_1_350' title='bbox 1547 2379 1670 2416; x_wconf 87' lang='lat' dir='ltr'>studio</span> <span class='ocrx_word' id='word_1_351' title='bbox 1704 2386 1741 2416; x_wconf 89' lang='lat' dir='ltr'>et</span> 
     </span>
     <span class='ocr_line' id='line_1_75' title="bbox 1083 2434 1740 2486; baseline 0.002 -15"><span class='ocrx_word' id='word_1_352' title='bbox 1083 2435 1239 2471; x_wconf 70' lang='lat' dir='ltr'>consino</span> <span class='ocrx_word' id='word_1_353' title='bbox 1260 2436 1609 2486; x_wconf 73' lang='lat' dir='ltr'>antiquissimortun</span> <span class='ocrx_word' id='word_1_354' title='bbox 1619 2434 1740 2472; x_wconf 85' lang='lat' dir='ltr'>histo-</span> 
     </span>
     <span class='ocr_line' id='line_1_76' title="bbox 1083 2490 1740 2543; baseline 0.003 -16"><span class='ocrx_word' id='word_1_355' title='bbox 1083 2492 1251 2528; x_wconf 86' lang='lat' dir='ltr'>ricorum</span> <span class='ocrx_word' id='word_1_356' title='bbox 1261 2498 1299 2528; x_wconf 84' lang='lat' dir='ltr'>et</span> <span class='ocrx_word' id='word_1_357' title='bbox 1308 2490 1636 2543; x_wconf 86' lang='lat' dir='ltr'>philosophorum,</span> <span class='ocrx_word' id='word_1_358' title='bbox 1655 2493 1740 2528; x_wconf 89' lang='lat' dir='ltr'>cui-</span> 
     </span>
     <span class='ocr_line' id='line_1_77' title="bbox 1083 2549 1739 2599; baseline 0.003 -16"><span class='ocrx_word' id='word_1_359' title='bbox 1083 2560 1249 2599; x_wconf 88' lang='lat' dir='ltr'>cumque</span> <span class='ocrx_word' id='word_1_360' title='bbox 1275 2549 1540 2586; x_wconf 81' lang='lat' dir='ltr'>consuetudini</span> <span class='ocrx_word' id='word_1_361' title='bbox 1573 2556 1610 2585; x_wconf 91' lang='lat' dir='ltr'>et</span> <span class='ocrx_word' id='word_1_362' title='bbox 1628 2549 1739 2585; x_wconf 85' lang='lat' dir='ltr'>insti-</span> 
     </span>
     <span class='ocr_line' id='line_1_78' title="bbox 1083 2604 1739 2656; baseline 0.003 -16"><span class='ocrx_word' id='word_1_363' title='bbox 1083 2611 1164 2641; x_wconf 83' lang='lat' dir='ltr'>tuto</span> <span class='ocrx_word' id='word_1_364' title='bbox 1187 2604 1319 2643; x_wconf 82' lang='grc' dir='ltr'><strong><em>αἰτίαν</em></strong></span> <span class='ocrx_word' id='word_1_365' title='bbox 1339 2611 1376 2642; x_wconf 79' lang='lat' dir='ltr'>et</span> <span class='ocrx_word' id='word_1_366' title='bbox 1395 2605 1524 2644; x_wconf 80' lang='grc' dir='ltr'><strong><em>κτίσιν</em></strong></span> <span class='ocrx_word' id='word_1_367' title='bbox 1544 2604 1739 2656; x_wconf 82' lang='lat' dir='ltr'>quandam</span> 
     </span>
     <span class='ocr_line' id='line_1_79' title="bbox 1085 2660 1738 2712; baseline 0.003 -16"><span class='ocrx_word' id='word_1_368' title='bbox 1085 2660 1305 2712; x_wconf 85' lang='lat' dir='ltr'>quaerendi.</span> <span class='ocrx_word' id='word_1_369' title='bbox 1354 2663 1431 2698; x_wconf 88' lang='lat' dir='ltr'>Nec</span> <span class='ocrx_word' id='word_1_370' title='bbox 1453 2662 1559 2698; x_wconf 88' lang='lat' dir='ltr'>aliter</span> <span class='ocrx_word' id='word_1_371' title='bbox 1578 2662 1656 2698; x_wconf 88' lang='lat' dir='ltr'>fere</span> <span class='ocrx_word' id='word_1_372' title='bbox 1676 2662 1738 2697; x_wconf 90' lang='lat' dir='ltr'>iu-</span> 
     </span>
     <span class='ocr_line' id='line_1_80' title="bbox 1083 2716 1738 2755; baseline 0.002 -2"><span class='ocrx_word' id='word_1_373' title='bbox 1083 2717 1224 2754; x_wconf 83' lang='lat' dir='ltr'>dicasse</span> <span class='ocrx_word' id='word_1_374' title='bbox 1246 2717 1356 2754; x_wconf 75' lang='lat' dir='ltr'>video</span> <span class='ocrx_word' id='word_1_375' title='bbox 1378 2716 1576 2755; x_wconf 84' lang='lat' dir='ltr'>Welcker.</span> <span class='ocrx_word' id='word_1_376' title='bbox 1598 2718 1738 2754; x_wconf 90' lang='lat' dir='ltr'>iuMu-</span> 
     </span>
     <span class='ocr_line' id='line_1_81' title="bbox 1080 2772 1737 2825; baseline 0 -15"><span class='ocrx_word' id='word_1_377' title='bbox 1080 2786 1144 2810; x_wconf 87' lang='lat' dir='ltr'>seo</span> <span class='ocrx_word' id='word_1_378' title='bbox 1158 2774 1505 2825; x_wconf 79' lang='lat' dir='ltr'>Rhenan.1,2pag.</span> <span class='ocrx_word' id='word_1_379' title='bbox 1525 2774 1621 2815; x_wconf 83' lang='grc'><strong>252.</strong></span> <span class='ocrx_word' id='word_1_380' title='bbox 1642 2772 1737 2810; x_wconf 85' lang='lat' dir='ltr'>Mihi</span> 
     </span>
    </p>
   </div>
   <div class='ocr_carea' id='block_1_10' title="bbox 1079 2829 1364 2868">
    <p class='ocr_par' dir='ltr' id='par_1_10' title="bbox 1079 2829 1364 2868">
     <span class='ocr_line' id='line_1_82' title="bbox 1079 2829 1364 2868; baseline 0 -1"><span class='ocrx_word' id='word_1_381' title='bbox 1079 2843 1185 2867; x_wconf 88' lang='lat' dir='ltr'>secus</span> <span class='ocrx_word' id='word_1_382' title='bbox 1205 2829 1364 2868; x_wconf 85' lang='lat' dir='ltr'>videtur.</span> 
     </span>
    </p>
   </div>
  </div>
 </body>
</html>
