1806 3181
66 434 205 462 Anthela.
224 435 311 462 Fana

66 469 188 496 Cereris
222 467 342 503 Amphi-

66 501 216 536 ctyonidis
233 507 263 529 et
275 506 341 529 Am·

65 535 234 572 phictyonis
253 535 306 563 he-

65 570 138 597 rois.
167 569 261 596 Sedes
273 571 340 597 Am-

66 603 276 639 phictyonum.

393 159 478 200 750

791 155 1258 194 HERODOTI

395 265 665 324 μεσαμβρίην
679 268 902 321 Τρηχῖνος·
934 264 1005 307 διὰ
1035 263 1081 308 δὲ
1110 266 1186 320 τῆς
1202 262 1444 320 διασφάγος
1464 260 1654 315 Ἀσωπός

237 336 337 381 200
394 335 586 390 ποταμὸς
603 333 690 389 ῥέει
704 332 823 388 παρά
845 332 924 389 τήν
945 331 1148 388 ὑπωρέην
1176 336 1255 375 τοῦ
1286 332 1453 386 οὔρεος.
1473 330 1593 374 ’Ἐστι
1609 331 1654 374 δὲ
1664 335 1708 371 65

66 400 202 429 Phoenix
219 400 340 429 fluvius.

398 401 526 452 ἄλλος
559 402 711 452 Φοίνιξ
750 400 958 456 ποταμός,
980 398 1034 443 οὐ
1065 399 1217 455 μέγας,
1247 399 1355 454 πρὸς
1385 399 1655 456 μεσαμβρίην

368 536 476 580 Ξτὸν
504 535 698 580 Ἀσωπὸν
731 536 907 580 ἐκδιδοῖ.

397 474 476 513 τοῦ
511 469 708 513 Ἀσωποῦ
719 486 728 496 ·
772 469 820 520 ὃς
860 469 907 512 ἐκ
933 472 1022 511 τῶν
1059 465 1229 523 οὐρέων
1257 468 1425 511 τούτων
1455 466 1578 521 ῥέων,
1610 465 1654 517 ἐς

966 535 1090 579 Κατοὶ
1122 536 1167 580 δὲ
1195 536 1273 579 τόν
1309 538 1495 578 Φοίνικα
1523 550 1654 577 ποτα-

395 605 481 662 μὸν
511 604 784 649 στεινότατόν
805 605 913 648 ἐστι·
946 603 1148 659 ἁμαξιτὸς
1175 603 1260 659 γὰρ
1289 606 1366 659 μία
1394 601 1538 659 μούνη
1565 602 1656 645 δέδ·

394 689 537 729 μηται.
594 673 679 717 ἀπὸ
711 674 756 717 δὲ
785 675 867 716 τοῦ
899 674 1107 724 Φοίνικος
1134 675 1335 727 ποταμοῦ
1354 671 1713 715 πεντεκαίδεκαΊο

369 739 553 785 sandow?
582 741 670 784 ἐστι
699 741 741 793 ές
774 739 1070 796 Θερμοπύλας.
1129 740 1176 783 έν
1206 741 1251 784 δὲ
1272 743 1332 799 τῷ
1361 738 1518 796 μεταξὺ
1554 738 1657 780 Φοί-

388 825 512 860 νικος
547 813 744 865 ποταμοῦ
772 810 845 853 καὶ
880 808 1194 864 Θερμοπυλέων
1224 808 1355 864 ’κώμη
1387 808 1431 850 τέ
1460 807 1562 859 ἐστι,
1604 807 1658 862 τῇ

398 875 571 932 οὔνομα
607 875 791 932 Ἀνθήλη
831 880 989 927 κεῖται,
1028 875 1128 932 παρ’
1169 875 1226 932 ἢν
1259 876 1311 932 δὴ
1342 873 1601 929 παραῤῥέων
1630 870 1656 916 ὁ

390 944 585 996 Ἀσωπὸς
622 945 664 996 ές
696 944 924 989 θάλασσαν
951 944 1137 996 ἐκδιδοῖ,
1179 943 1254 987 καὶ
1291 945 1429 999 χῶρος
1457 941 1554 997 περὶ
1584 939 1659 985 αὖ·

342 1130 619 1229 (2Reg10mont.
663 1130 805 1181 1833)
842 1142 930 1181 pag.
962 1132 1000 1171 1·

385 1201 466 1240 seq.

582 1276 673 1327 Cap.
696 1275 772 1313 CC.

401 1351 514 1394 Κατιὶ
528 1351 569 1393 δὲ
594 1351 664 1393 τόν
689 1353 859 1392 Φοίνικα
876 1367 1000 1392 ποτα-

341 1407 419 1462 μόν
439 1426 476 1449 κ.
497 1426 529 1449 τ.
552 1411 615 1458 λ.]
657 1410 860 1447 Phoenicem
887 1411 1002 1445 Man-

339 1473 439 1504 nert.
476 1468 502 1505 1.
541 1467 568 1503 l.
622 1466 819 1503 contendit
866 1466 1002 1516 viginti

340 1525 513 1576 quinque
543 1522 663 1560 stadia
691 1522 893 1560 meridiem
912 1535 1002 1560 ver-

341 1594 404 1618 sus
424 1581 471 1617 ab
493 1581 587 1616 urbe
608 1579 792 1616 Heracle&
829 1580 870 1615 in
900 1580 1003 1615 Aso-

338 1649 435 1688 pum
454 1636 652 1674 influxisse
672 1636 802 1688 ibique
823 1648 913 1672 sane
933 1636 1002 1671 fu-

334 1695 406 1731 isse
415 1694 545 1731 locum
554 1694 665 1729 illum
674 1693 997 1743 angustissimum,

335 1751 530 1788 montibus
544 1751 723 1801 utrinque
733 1750 925 1786 inclusum
945 1749 1003 1785 al-

340 1809 401 1855 tis,
432 1820 453 1844 a
491 1807 608 1844 fluvio
638 1808 767 1858 Asopo
788 1807 1001 1856 irrigatum.

343 1865 404 1901 Ab
439 1865 521 1915 ipsa
542 1862 750 1901 Trachinia
778 1876 846 1900 sex
873 1861 1000 1900 stadiis

342 1928 535 1958 remotum
547 1921 660 1957 fuisse
678 1920 914 1956 Phoenicem
928 1932 1002 1970 po-

344 1978 401 2014 nit
429 1979 551 2014 Kruse
579 1978 707 2014 Hellas
738 1978 784 2024 ΙΙ,
805 1980 884 2027 2p.
909 1978 1001 2024 128,

343 2032 447 2071 hunc
456 2035 586 2071 locum
595 2034 902 2084 angustissimum
915 2034 1005 2068 uni-

344 2104 453 2127 versa
472 2093 628 2141 regione
650 2091 822 2142 quamvis
838 2091 886 2126 ob
900 2089 1005 2125 mul-

345 2153 426 2183 tam
478 2154 619 2183 terram
659 2146 856 2197 adgestam
893 2144 1004 2184 valde

344 2209 504 2250 mutata,
543 2204 698 2253 agnosci
735 2211 864 2239 tamen
896 2215 1005 2254 posse

345 2266 448 2296 ratus
486 2260 626 2309 Alpeui
664 2272 685 2295 a
714 2258 887 2295 meridie.
946 2259 1004 2300 Cf,

346 2329 460 2367 supra
488 2323 584 2352 nott.
616 2314 664 2351 ad
694 2316 775 2362 VII,
808 2318 901 2355 176.
959 2316 1003 2350 In

345 2386 454 2424 seqq.
492 2373 653 2411 verbum
692 2371 877 2422 δέδμηται
901 2371 1003 2407 viam

346 2430 489 2466 indicat
517 2430 707 2466 munitam
738 2434 850 2480 atque
874 2425 1003 2463 homi-

345 2499 442 2522 num
463 2499 577 2536 opera
597 2492 790 2531 structam,
811 2482 1001 2531 ut11,124

345 2550 383 2580 et
403 2543 506 2594 apud
524 2545 670 2581 Lucan.
691 2544 739 2591 II,
762 2544 814 2582 67
819 2544 842 2582 3
864 2543 1004 2578 exstru-

344 2603 439 2637 :cisse
482 2602 590 2637 viam.
664 2601 709 2635 In
746 2598 901 2636 vocibus
931 2594 1002 2647 μίη

346 2653 477 2707 μούνη
500 2656 515 2699 (
519 2658 583 2694 ubi
597 2657 698 2692 male
719 2654 876 2708 quidam
889 2654 1004 2690 omit—

346 2719 433 2749 tunt
454 2714 543 2764 μὶη)
575 2714 654 2751 vim
675 2712 870 2765 quandam
884 2712 1003 2747 inesse

349 2781 463 2807 nemo
473 2783 552 2807 nou
567 2771 690 2808 sentit.
714 2770 864 2808 slmilia
883 2779 1005 2821 quae-

1057 1127 1148 1166 dam
1167 1128 1290 1164 attulit
1311 1124 1506 1164 Schaefer.
1519 1125 1561 1161 in
1570 1124 1714 1164 Melett.

1057 1199 1096 1236 p.
1120 1188 1173 1224 20
1196 1197 1218 1220 a
1240 1184 1270 1222 C
1277 1197 1306 1224 r.
1329 1184 1525 1219 excitatus.

1110 1236 1309 1292 Ἀνθήλη]
1323 1239 1408 1277 Vid.
1420 1237 1604 1289 Stephan.
1617 1239 1714 1290 Byz.

1057 1310 1088 1335 S.
1107 1311 1146 1335 v.
1166 1311 1206 1348 p.
1229 1300 1321 1344 133,
1342 1297 1409 1332 ubi
1429 1293 1534 1347 quod
1565 1293 1716 1332 Berke-

1057 1355 1129 1390 lius
1158 1352 1260 1404 apud
1281 1351 1521 1389 Herodotum
1547 1352 1610 1390 vel
1637 1349 1716 1390 ἔστι

1058 1411 1120 1448 vel
1140 1414 1265 1449 κεῖται
1284 1410 1367 1446 tolli
1376 1410 1469 1457 vult,
1490 1410 1626 1446 merito
1635 1420 1716 1445 non

1057 1468 1225 1504 obsecuti
1245 1473 1334 1504 sunt
1355 1465 1527 1505 editores.
1585 1466 1651 1502 Tu
1666 1463 1717 1502 cf.

1056 1524 1138 1570 VII,
1154 1526 1242 1565 ,198
1277 1530 1314 1560 et
1332 1524 1522 1560 Mannert.
1542 1523 1612 1560 VII
1625 1533 1715 1574 pag.

1112 1633 1182 1674 καὶ
1211 1636 1339 1686 χοῖρος
1370 1632 1462 1685 περὶ
1495 1628 1624 1684 αὕτήν
1648 1628 1717 1673 εὕ-

1058 1688 1159 1743 ρύς]
1191 1692 1274 1728 Huc
1295 1691 1409 1727 refert
1431 1691 1620 1726 Mannert.
1642 1690 1668 1726 l.
1687 1689 1715 1727 l.

1056 1760 1144 1799 pag.
1168 1750 1250 1788 622
1280 1748 1379 1784 Livii
1398 1747 1515 1784 verba
1533 1747 1715 1794 XXXVI,

1061 1806 1132 1844 16:
1174 1804 1456 1852 „Consul—in
1483 1804 1572 1854 ipsis
1598 1803 1717 1840 fauci-

1057 1861 1127 1898 bus
1147 1873 1265 1911 prope
1296 1860 1420 1898 fontes
1449 1859 1658 1897 calidarum
1672 1872 1717 1896 a·-

1058 1930 1222 1970 quarum
1242 1915 1418 1955 adversus
1447 1929 1579 1967 regem
1598 1923 1718 1954 castra

1058 1975 1224 2025 posuit.“
1236 1995 1293 2001 —-
1315 1974 1467 2011 Cererem
1487 1973 1716 2024 Amphictyo-

1059 2031 1174 2068 m‘dem
1210 2043 1291 2068 non
1331 2032 1445 2067 aliam
1485 2043 1563 2067 esse
1602 2037 1717 2082 atque

1062 2087 1235 2138 Pylaeam
1254 2094 1508 2124 memoratam
1538 2087 1719 2123 Callima-

1060 2143 1134 2181 cho
1153 2145 1284 2195 Epigr.
1305 2143 1356 2184 41
1380 2150 1480 2180 recte
1489 2155 1646 2180 monere
1657 2142 1718 2179 vi-

1062 2200 1200 2238 dentur
1214 2198 1647 2251 interpretes‚laudantes
1659 2205 1718 2235 et-

1060 2259 1138 2294 iam
1150 2258 1329 2295 Strabon.
1347 2257 1404 2292 IX
1415 2269 1452 2306 p.
1469 2255 1550 2296 656
1571 2255 1614 2293 C.
1635 2268 1664 2293 s,
1676 2267 1717 2306 p.

1059 2313 1154 2361 429‚
1194 2314 1279 2350 alia.
1335 2313 1435 2348 Hinc
1467 2324 1559 2349 vero
1594 2312 1717 2362 ipsam

1058 2371 1099 2407 in
1129 2382 1248 2406 numo
1276 2367 1463 2420 Delphico
1494 2380 1718 2419 repraesen-

1057 2427 1128 2463 tari
1143 2427 1343 2462 arbitratur
1353 2423 1718 2462 Br0e11dsted.Reise

1057 2489 1130 2520 etc.
1150 2483 1167 2518 1
1188 2496 1272 2532 pag.
1297 2485 1375 2523 113
1403 2482 1489 2521 coll.
1519 2483 1556 2518 Π
1574 2495 1613 2532 p.
1635 2477 1716 2522 244

1058 2552 1138 2591 seq.
1158 2546 1238 2575 not.
1264 2541 1303 2581 9,
1340 2540 1399 2575 De
1419 2537 1716 2591 Amphictyone‚

1059 2597 1316 2644 Deucalionis,
1338 2603 1379 2633 ut
1408 2595 1592 2643 ferebant,
1636 2593 1716 2630 filio

1060 2654 1161 2692 conf.
1193 2654 1357 2690 Pausan.
1391 2653 1421 2700 Ι,
1443 2655 1469 2692 2
1490 2653 1529 2698 ξ.
1549 2649 1587 2693 4.
1616 2651 1667 2697 X,
1689 2651 1715 2690 8

1061 2710 1098 2755 §.
1124 2713 1159 2749 1.
1188 2708 1369 2760 Apollod.
1395 2709 1424 2756 I,
1446 2711 1471 2749 7
1493 2709 1530 2754 ξ.
1553 2711 1593 2748 2.
1620 2706 1716 2742 Dio-

1059 2779 1143 2819 nys.
1169 2767 1293 2805 Halic.
1321 2767 1370 2804 A.
1401 2767 1445 2803 R.
1475 2764 1540 2813 IV,
1561 2762 1627 2811 25,
1649 2761 1716 2814 qui
