1851 3181
470 281 555 321 436
877 279 1342 318 H'ERODOTI

471 404 545 431 ναι
583 386 712 443 χρεόν
750 388 815 444 εἰἠ
853 386 926 430 ὑπ’
964 386 1128 444 ἀνδρὸς
1159 389 1358 443 Πέρσεω,
1408 388 1489 446 τήν
1518 405 1561 433 τε
1591 390 1740 433 ἔλασιν

443 455 764 510 δέξηγεὸμενος.
826 449 957 506 οὗτός
1005 473 1048 499 τε
1090 456 1142 512 δὴ
1190 457 1481 514 χρησμῳδέων
1530 457 1742 512 προσεφέ-

470 539 568 578 ρετο
611 523 684 566 καὶ
734 524 781 566 οῖ’
813 540 857 566 τε
899 527 1254 577 Πεισιστρατίδαι
1302 526 1375 568 καὶ
1423 527 1466 568 οἷ
1506 524 1769 568 Ἀλευάδαι5

379 597 410 641 ἵ
472 589 647 646 γνώμας
677 590 1053 647 ἀποδεικνύμενοι.
1107 591 1183 643 Ὡς
1214 593 1259 636 δὲ
1290 593 1546 649 ἀνεγνώσθη
1581 593 1742 649 Ξέρξης

472 658 786 713 στρατεύεσθαι
824 659 893 701 ἐπὶ
929 659 1007 715 την
1043 659 1248 712 Ἑλλάδα,
1314 660 1509 703 ἐνθαῦτα
1558 662 1740 718 δευτέρῳ

467 727 546 783 μὲν
593 727 674 770 ἔτεϊ
707 726 812 782 μετοὶ
861 726 939 769 τόν
983 726 1180 770 θάνατον
1217 729 1302 787 τὸνἱ
1331 730 1546 782 Δαρείου,
1587 733 1740 783 πρῶτα

445 797 714 851 Ξστρατηΐην
754 795 942 837 ποιέεται
973 795 1041 838 ἐπὶ
1079 795 1185 846 τούς
1217 795 1498 846 ἀπεστεῶτας.
1555 796 1742 849 τούτους

468 863 546 919 μέν
566 880 649 906 νυν
666 861 1086 926 καταστρεψάμενος,
1119 864 1194 906 καὶ
1206 866 1432 918 Αἴγυπτον
1461 868 1606 907 πᾶσαν
1635 869 1739 907 πολ-

468 931 546 976 λὸν
567 931 834 986 δουλοτέρην
863 930 1048 986 ποιήσας
1088 931 1116 987 ἦ
1145 932 1214 975 ἐπὶ
1247 935 1441 984 Δαρείου
1462 927 1539 988 ἦν,
1580 931 1740 986 ἐπιτρέ-

137 661 273 692 Primum
284 663 368 697 Aegy

137 701 207 733 ptus
225 700 350 732 recepta
367 696 410 736 [ξι.

135 733 231 766 484.].
253 732 410 765 Aegyptus

158 765 315 794 raeficitur

163 800 356 833 ehaemenes‚

137 834 222 864 Darii
238 833 317 861 filius

137 853 393 932 efflei&

138 937 180 973 [3,
201 934 275 972 12.].

1797 726 1851 768 50

469 1016 539 1044 πει
577 998 832 1055 Ἀχαιμένεϊ,
870 997 1067 1055 ἀδελφεῷ
1106 1000 1185 1054 μὲν
1225 999 1422 1050 ἑωυτοῦ,
1460 1001 1655 1054 Δαρείου
1694 999 1792 1043 δὲῐῐ

442 1069 607 1112 3παιδί.

414 1298 550 1337 Matth.
588 1300 741 1336 retinuit
780 1312 822 1334 ac
863 1297 1075 1345 Bekkerus,

415 1370 505 1394 cum
540 1355 728 1393 Gaisford.
751 1354 838 1391 dedi
861 1354 991 1406 χρεὸν,
1029 1354 1076 1391 de

416 1427 492 1466 quo
514 1413 588 1450 vid.
612 1420 707 1449 nott.
731 1411 780 1447 ad
803 1412 844 1458 V,
867 1414 932 1451 49.
966 1411 1077 1457 Quod

416 1469 567 1507 additur
595 1465 668 1518 τήν
698 1483 737 1506 τε
771 1467 902 1506 ἔλασιν
922 1465 1078 1519 ἐξηγεό-

415 1541 547 1577 μενος,
578 1527 700 1574 attigit
729 1524 912 1560 Matthiae
930 1526 994 1563 Gr.
1011 1526 1076 1561 Gr.

414 1584 452 1630 ξ.
476 1582 568 1630 556,
599 1589 678 1618 not.
705 1585 722 1621 1
756 1595 793 1631 p·
828 1583 945 1621 1093.
982 1583 1078 1618 Lar-

415 1638 550 1677 cherus
572 1639 671 1674 male
684 1650 704 1673 a
720 1639 855 1674 Latino
872 1639 1077 1688 interprete

414 1698 466 1734 sic
487 1694 595 1732 reddi
623 1694 785 1731 iudicat:
817 1698 849 1730 et
881 1695 1076 1745 expeditio-

415 1765 491 1790 nem
515 1765 700 1789 enarrans.
731 1752 810 1787 Nec
834 1763 923 1786 vero
941 1752 1077 1787 melius

416 1811 495 1861 ipse
517 1807 749 1845 Larcherus:
782 1820 824 1843 en
845 1807 994 1856 parlzznt
1028 1807 1078 1844 ἀιι

416 1878 570 1917 passage
596 1865 638 1901 de
657 1877 717 1901 son
745 1865 859 1900 arme'e
884 1877 925 1900 en
946 1865 1078 1911 Grec-<23

418 1935 544 1974 neque
574 1923 669 1958 Miot
687 1950 696 1967 ‚
740 1921 805 1972 qui
827 1919 920 1957 haec
948 1922 1077 1957 omnia

415 1981 541 2016 minus
572 1984 746 2014 accurate
781 1977 933 2014 Gallicis
953 1978 1077 2014 verbis

418 2036 614 2086 expressit.
691 2035 865 2082 Rectius,
928 2035 1076 2084 opinor,

419 2089 828 2141 Schweighaeuserus:
860 2092 922 2137 „in
945 2092 998 2127 his
1024 2091 1080 2127 il-

419 2148 502 2186 lud
530 2149 726 2184 maxime
758 2143 948 2198 (recitaret
967 2147 1079 2196 scil),

417 2205 457 2242 de
475 2204 701 2254 Hellesponto
717 2216 779 2253 per
800 2206 914 2239 virum
935 2203 1080 2240 Persam

417 2260 596 2309 iungendo
635 2263 667 2296 et
707 2260 748 2296 de
787 2261 1005 2308 expeditione
1040 2263 1080 2297 in

419 2317 608 2355 Graeciam
629 2316 896 2365 suscipienda.“

474 2425 763 2480 χρησμῳδέων]
805 2427 880 2463 Vix
913 2428 1080 2464 multum

418 2484 513 2522 illud
532 2483 656 2521 differt
677 2496 698 2519 a
719 2485 875 2520 nomine
904 2496 1077 2534 χρησμο-

420 2536 559 2593 λόγος,
591 2539 638 2576 de
668 2553 745 2591 qno
768 2539 842 2576 vid.
864 2547 959 2577 nott.
981 2539 1028 2576 ad
1048 2541 1077 2587 Ι,

421 2600 488 2639 62.
517 2598 768 2634 Locutionem
789 2593 952 2647 γνώμην
977 2591 1078 2636 (ἰπο-

422 2655 661 2693 δείκνυσθαι
689 2654 796 2703 attigi
827 2652 875 2689 ad
905 2653 996 2698 Vll,
1039 2655 1078 2693 3.

422 2711 546 2748 Verba
581 2709 646 2748 καὶ
668 2709 709 2749 οἱ
729 2705 935 2748 Ἀλευάδαι
953 2722 973 2746 a
992 2710 1079 2746 Me-

422 2766 543 2814 diceo,
575 2766 809 2809 Florentino,
831 2767 909 2802 aliis
931 2767 1078 2812 absunt,

420 2831 573 2875 propter
622 2821 979 2869 homoeoteleuton,
1037 2829 1080 2859 ut

420 2880 676 2929 Wesselingio
708 2879 867 2919 videtur.
926 2880 970 2915 In
1001 2891 1079 2915 uuo

677 1064 927 1122 Ἀχαιμένεα
964 1067 1045 1123 μέν
1083 1084 1166 1111 νυν
1207 1066 1550 1122 ἐπιτροπεύοντα
1606 1066 1738 1123 Αἰγύ-

1132 1298 1263 1336 codice
1283 1299 1497 1336 invenitur:
1532 1296 1612 1336 Καὶ
1631 1294 1739 1336 ἄλλοι
1757 1297 1798 1337 οἱ

1130 1352 1349 1395 Ἀλευάδαι.

1371 1478 1463 1528 cap.
1486 1477 1568 1515 vn.

1193 1576 1287 1631 μετα
1309 1575 1378 1618 τόν
1402 1575 1586 1618 θάνατον
1617 1576 1687 1618 τὸν
1710 1583 1795 1618 Δα-

1135 1638 1271 1688 ρείου]
1304 1637 1480 1672 Alterum
1500 1632 1569 1675 τόν
1588 1637 1705 1686 vulgo
1727 1636 1796 1673 ab-

1135 1701 1208 1739 est3
1240 1707 1259 1729 e
1294 1694 1512 1729 Florentino
1538 1705 1606 1729 nos
1627 1706 1718 1730 cum
1733 1706 1796 1729 re-

1136 1758 1248 1788 ceutt.
1272 1749 1358 1787 edd.
1382 1750 1608 1799 recepimus.
1648 1750 1796 1800 Vulga-

1134 1814 1213 1844 tam
1242 1808 1413 1857 sequitur
1433 1804 1628 1842 Matthiae.
1701 1808 1796 1844 Mox

1135 1877 1204 1915 pro
1237 1863 1450 1913 στρατηίην
1483 1861 1673 1899 Sancrofti
1701 1863 1796 1900 liber

1137 1915 1335 1970 στρατιὴν,
1359 1917 1688 1970 quemadmodum
1702 1921 1796 1957 olim

1136 1984 1223 2013 ante
1245 1976 1547 2025 Wesselingium
1566 1976 1606 2011 in
1634 1977 1796 2027 impres-

1136 2035 1183 2070 sis
1205 2033 1396 2078 emtabat,
1428 2033 1492 2084 qni
1513 2032 1661 2069 confert
1680 2035 1709 2080 Ι,
1726 2036 1794 2074 71.

1141 2093 1232 2130 171.
1254 2089 1346 2130 205.
1372 2089 1414 2136 V,
1427 2092 1494 2129 77.
1516 2089 1596 2137 V11,
1612 2091 1679 2129 38.
1703 2087 1794 2130 174.

1186 2145 1392 2196 Αἴγυπτον
1406 2148 1539 2184 πᾶσαν
1550 2142 1694 2184 πολλὸν
1706 2146 1795 2184 δου-

1135 2201 1299 2252 λοτέρην
1326 2198 1523 2250 ποιήσας]
1562 2202 1595 2237 Ε
1625 2202 1795 2251 pluribus

1136 2257 1249 2295 codd.
1286 2259 1462 2294 revocavi
1492 2256 1674 2308 equidem
1705 2271 1794 2296 cum

1135 2320 1293 2351 recentt.
1319 2312 1406 2350 edd.
1434 2311 1579 2352 πολλὸν
1600 2327 1668 2364 pro
1687 2315 1794 2366 vulg.

1135 2373 1282 2421 πολλῷ,
1314 2383 1429 2420 quam
1451 2369 1677 2407 Schaeferus
1705 2384 1795 2408 mu·-

1134 2433 1278 2463 taverat
1307 2427 1347 2462 in
1373 2423 1540 2478 πολλήν.
1597 2428 1662 2464 Tu
1692 2428 1793 2465 conf.

1132 2484 1162 2529 I,
1186 2486 1253 2524 77.
1276 2484 1340 2530 111,
1371 2486 1462 2524 103.
1515 2485 1573 2519 De
1593 2496 1793 2534 compara-

1134 2542 1212 2576 tivo
1243 2540 1482 2588 δουλοτέρην
1515 2539 1616 2577 conf.
1656 2538 1792 2578 Matth.

1135 2597 1201 2635 Gr.
1232 2597 1298 2633 Gr.
1330 2597 1366 2641 ς.
1391 2597 1481 2636 133.
1502 2594 1528 2634 4
1553 2609 1589 2646 p.
1611 2596 1705 2644 257,
1726 2597 1792 2648 qui

1133 2652 1238 2690 idem
1259 2653 1295 2698 ᾧ.
1319 2653 1398 2693 359
1421 2651 1468 2688 de
1487 2658 1671 2689 structura
1686 2653 1792 2690 verbi
1847 2659 1848 2662 ’

1134 2706 1406 2761 ἐπιτροπεύειν
1416 2709 1454 2744 in
1467 2721 1574 2760 seqq.
1587 2709 1790 2746 consulen-
1845 2704 1847 2738 ἶ

1136 2765 1220 2806 dus.
1250 2764 1312 2802 Ad
1332 2765 1565 2802 locutionem
1583 2761 1707 2817 χρόνῳ
1722 2779 1789 2816 με·
1844 2782 1845 2789 ¹

1133 2821 1287 2862 τέπειτα
1318 2821 1419 2858 conf.
1449 2827 1544 2858 nott.
1573 2819 1621 2857 ad
1635 2822 1700 2869 111,
1723 2823 1790 2862 36.
1842 2830 1845 2874 j,

1136 2879 1217 2926 v11,
1237 2880 1304 2918 33.
