1851 3181
400 209 486 251 504

797 208 1261 246 HERODOTI

372 316 585 374 Ξφάσμα,
614 315 823 371 ἐπαρθείς
855 333 900 360 τε
929 321 1043 360 τοῖσι
1072 315 1328 374 δωρήμασι,
1371 313 1518 360 ἐλθών
1545 314 1666 369 παρὰ

400 384 579 440 Ξέρξεα,
610 383 725 439 ἔλεγε
752 382 879 427 τάδε·
910 380 995 437 ,,Ὦ,
1019 384 1218 435 δέσποτα,
1247 383 1426 442 χρήσαις
1456 382 1511 426 ἄν
1532 399 1573 426 τι
1592 386 1669 427 τεῦ
1678 391 1723 425 50

400 451 674 508 ,,βουλοίμην
703 456 859 508 τυχεῖν,
889 452 938 496 τό
961 453 1029 496 σοὶ
1049 453 1129 508 μὲν
1148 452 1341 509 ἐλαφρὸν
1362 450 1565 508 τυγχάνει
1595 451 1671 495 έὸν

400 517 732 575 ,,ὑπουργῆσαι,
770 519 868 575 ἐμοὶ
908 520 955 563 δὲ
998 519 1107 576 μέγα
1155 518 1456 576 γενόμενον,·“
1510 520 1672 575 Ξέρξης

403 587 450 630 δὲ
485 589 577 630 πᾶν
617 590 785 642 μᾶλλον
821 587 987 631 δοκέων
1026 604 1102 644 μιν
1140 587 1318 644 χρήσειν
1353 588 1381 643 ἢ
1410 587 1459 630 τό
1501 587 1672 643 ἐδεήθη,

403 654 487 710 ἔφη
518 669 562 697 τε
591 653 912 712 ὑπουργήσειν,
944 655 1018 699 καὶ
1049 655 1102 711 δή
1124 653 1352 710 ἀγορεύειν
1381 655 1547 699 ἐκέλευε
1577 653 1728 698 ὅτευῗό

376 723 562 768 3δέοιτο.
621 721 646 766 ὁ
679 724 743 772 δὲ,
775 723 866 766 ἐπεί
893 738 938 765 τε
967 727 1105 766 ταῦτα
1132 721 1313 778 ἤκουσε,
1354 723 1468 778 ἔλεγε
1506 722 1674 778 θαρσή-

405 802 484 842 σας
512 790 635 834 τάδε·
669 784 751 841 ,,Ὦ,
781 790 980 844 δέσποτα,
1010 788 1274 845 τυγχάνουσί
1294 807 1369 846 μοι
1395 793 1547 842 παῖδες
1577 790 1675 834 ἐόν-

406 874 501 911 ,,τες
529 859 668 910 πέντε,
698 859 773 901 καί
802 869 938 914 σφεας
957 857 1277 914 καταλαμβάνει
1296 857 1462 909 πάντας
1492 858 1580 913 ἅμα
1604 858 1676 901 σοὶ

376 925 752 979 4,,στρατεύεσθαι
772 925 842 968 ἐπὶ
861 925 940 981 τὴν
964 924 1164 969 Ἑλλάδα.
1223 925 1278 969 σύ
1311 928 1380 978 δὲ,
1413 921 1448 968 ὦ
1477 929 1674 983 βασιλεῦ,

403 993 504 1048 „Eu-*3
530 992 573 1044 ἐς
601 992 700 1037 τόδε
728 992 897 1050 ἡλικίης
917 991 1082 1049 ἥκοντα
1105 993 1331 1048 οἰκτείρας,
1361 994 1451 1037 τῶν
1480 1010 1556 1048 μοι
1575 993 1673 1036 παί-
1686 1000 1730 1033 60

405 1064 522 1113 ,βων
562 1060 641 1104 ἕνα
677 1060 935 1116 παράλυσον
965 1064 1040 1117 τῆς
1070 1064 1327 1119 στρατηίης,
1370 1060 1451 1105 τὸν
1479 1058 1674 1116 πρεσβύ-
1733 1062 1814 1104 529

351 1230 705 1283 Schweighaeuser.
719 1245 730 1271 :
751 1233 911 1283 Domine,
926 1247 1015 1283 gra-

350 1291 598 1340 tificaturusne
633 1304 685 1341 es,
727 1291 816 1340 quod
841 1292 928 1329 milei
951 1304 1015 1328 ve-

351 1347 413 1383 lim
434 1344 665 1395 contingere?
695 1346 919 1396 Bekkerus,
942 1360 1014 1384 au-

351 1410 454 1440 ctore
476 1404 677 1451 Siivernio,
695 1403 887 1441 exhibuit:
915 1400 1014 1458 χρῇ-

352 1470 424 1505 σας
444 1457 496 1498 ἅν
517 1474 583 1498 τευ
618 1461 839 1511 βουλοίμην
868 1464 1013 1511 τυχεῖν.

354 1515 635 1564 Schneiderus,
663 1523 706 1553 ut
724 1524 831 1554 notat
855 1517 939 1563 Cr„
974 1518 1015 1553 in

350 1575 449 1610 Lex.
479 1574 546 1610 Gr.
566 1587 597 1612 s,
619 1587 656 1612 v.
677 1570 786 1625 χράω
806 1573 1017 1624 legendum

352 1636 482 1667 censet
520 1625 680 1681 χρήσας.
739 1631 921 1681 Stegerus
954 1643 1018 1666 re-

353 1687 465 1724 scribi
475 1686 581 1723 iubet
595 1681 747 1740 χρῄσας
759 1686 882 1738 (quod
892 1689 1019 1737 ipsum

354 1742 466 1780 affert
488 1743 679 1780 Sancroffi
689 1744 801 1794 liber)
825 1741 876 1783 ἅν
897 1759 933 1782 τι
951 1745 1020 1782 τεῦ

355 1799 578 1851 βουλοίμην
607 1803 759 1850 τυχεῖν,
797 1813 930 1849 rogans
958 1800 1020 1837 vel

355 1855 514 1904 rogando
536 1856 675 1906 aliquid
700 1870 724 1893 a
745 1860 778 1894 te
796 1857 898 1894 velim
915 1859 1021 1907 impe-

355 1917 463 1960 trare,
475 1911 600 1949 deleto
611 1913 690 1950 scil.
714 1914 1020 1964 interrogationis

357 1971 480 2019 signo.
495 1970 547 2005 At
566 1970 665 2006 bene
673 1977 805 2006 monet
817 1971 1020 2022 Lipsiensis

359 2038 493 2063 censor
520 2025 704 2076 (Erganz.
725 2027 786 2065 Bl.
804 2029 909 2067 1833
932 2039 1020 2078 pag·

360 2080 446 2132 44),
474 2084 544 2120 τεῦ
577 2083 761 2119 Doricum
780 2096 850 2135 pro
882 2087 954 2122 σοῦ
976 2084 1023 2119 ab

358 2137 546 2175 Herodoti
595 2138 756 2177 dialecto
805 2138 1022 2176 abhorrere.

361 2194 446 2240 Quo
468 2194 606 2231 eodem
634 2203 818 2233 monente
843 2210 938 2233 mox
960 2210 1023 2232 re-

360 2252 491 2301 scripsi
527 2248 688 2305 χρῄσειν
724 2266 794 2303 pro
833 2254 1022 2304 χρηίσειν,

363 2306 468 2360 quod
488 2306 715 2344 Schaeferus
736 2308 892 2346 dederat
912 2322 1025 2345 eum-

363 2377 439 2416 que
466 2370 616 2401 secutus
640 2364 894 2413 Gaisfordius,
934 2375 1024 2401 cum

363 2421 479 2470 vulgo
501 2427 664 2456 exstaret
683 2417 857 2471 χρήσειν.
914 2420 1024 2458 Idem

365 2476 599 2514 Gaisfordius
618 2478 687 2524 IX,
702 2480 792 2525 110,
806 2484 842 2514 et
862 2480 935 2517 111
960 2491 1016 2513 re-

365 2540 425 2570 cte
456 2532 561 2570 dedit
586 2531 718 2586 χρῄζει
750 2541 786 2570 et
815 2532 1021 2587 χρῄζοντα,

366 2590 433 2626 ubi
454 2588 606 2627 Sohaef.
630 2590 775 2639 χρηίζει
793 2597 829 2626 et
841 2590 1024 2641 χρηίζον-

366 2661 427 2685 τα.
494 2645 572 2683 Sed
611 2647 709 2694 vm,
752 2649 831 2687 132
879 2659 1024 2694 omnes,

368 2710 556 2754 quantum
594 2704 683 2750 scio,
705 2698 953 2752 χρηϊζὸντων.
993 2705 1025 2740 Ε

368 2759 470 2795 libris
509 2760 653 2810 scriptis
684 2757 779 2795 nihil
810 2766 1026 2801 annotatur.

369 2815 431 2852 Ad
452 2816 565 2853 verba
585 2828 691 2868 seqq.
712 2812 757 2856 τό
781 2814 844 2855 σοὶ
855 2813 927 2867 μὲν
938 2815 1028 2857 ἐλα-

1071 1231 1180 1285 φρόν
1208 1248 1245 1273 κ.
1275 1248 1308 1272 τ.
1342 1237 1375 1272 λ.
1434 1232 1618 1272 Valcken.
1638 1246 1734 1270 con-

1069 1292 1143 1327 fert
1191 1288 1433 1340 Theognidis
1467 1292 1584 1329 verba
1625 1291 1734 1327 initio

1071 1348 1248 1384 carminis
1278 1354 1314 1384 et
1337 1346 1530 1386 Andocid.
1559 1348 1662 1386 Orat.
1686 1346 1734 1384 de

1069 1411 1245 1456 mysterr.
1273 1405 1357 1441 init.

1126 1460 1196 1500 καὶ
1230 1457 1290 1511 δή
1326 1456 1518 1513 οἷγορεύ
1536 1459 1643 1508 ειν]
1672 1461 1737 1497 Ex

1072 1531 1151 1554 uno
1186 1518 1360 1554 Parisino
1388 1519 1486 1554 libro
1515 1515 1737 1567 Schweigh-

1074 1582 1111 1611 et
1132 1574 1248 1611 Gaisf.
1269 1581 1495 1625 receperunt
1528 1569 1738 1625 διαγορεύ-

1076 1646 1148 1670 ειν.
1205 1631 1399 1682 Equidem
1434 1644 1525 1668 cum
1553 1629 1738 1667 Matthiae

1075 1695 1113 1724 et
1132 1686 1300 1724 Bekker.
1322 1701 1343 1723 a
1364 1688 1600 1739 reliquorum
1618 1688 1739 1724 libro-

1073 1758 1162 1781 rum
1195 1745 1359 1781 lectione
1398 1743 1590 1781 discedere
1618 1744 1739 1780 nolui.

1075 1802 1140 1838 Sic
1180 1800 1248 1840 καὶ
1277 1799 1326 1851 δή
1356 1802 1547 1837 invenitur
1571 1801 1640 1847 IX,
1660 1799 1738 1841 348.

1076 1860 1129 1899 88
1162 1858 1248 1894 coll.
1283 1860 1348 1897 11.
1378 1860 1404 1898 7
1431 1859 1468 1903 ξ.
1499 1860 1539 1898 2.
1558 1855 1738 1908 Aeschyl.

1077 1913 1295 1965 Choephor.
1312 1914 1406 1962 557,
1440 1914 1508 1950 ubi
1528 1913 1577 1951 cf.
1596 1913 1740 1951 Blomf.

1078 1993 1134 1999 —
1153 1970 1215 2008 Ad
1235 1984 1347 2007 nsum
1361 1971 1467 2008 verbi
1485 1965 1742 2022 καταλαμβά-

1078 2043 1143 2068 νει
1168 2028 1269 2064 conf.
1286 2034 1382 2064 nott.
1404 2027 1452 2064 ad
1479 2029 1545 2075 ΙΙΙ,
1569 2026 1638 2068 42.

1136 2086 1216 2123 τῶν
1237 2099 1304 2135 μοι
1316 2081 1474 2123 παίδων
1495 2082 1564 2123 ἕνα
1584 2079 1742 2136 παρά*

1080 2143 1242 2180 λυσον
1298 2143 1390 2190 τῆς
1440 2141 1744 2193 στρατηίης,

1080 2194 1150 2236 τόν
1190 2194 1490 2248 πρεσβύτατον]
1533 2198 1743 2247 στρατηίης

1080 2255 1178 2290 bene
1216 2252 1403 2290 dederunt
1439 2254 1671 2304 Wesseling.
1707 2260 1746 2290 et

1079 2308 1329 2347 Valckenaer.
1358 2322 1427 2360 pro
1457 2312 1660 2362 στρατιῆς,
1681 2311 1743 2347 cui

1078 2367 1205 2402 nullus
1226 2367 1330 2402 locus
1350 2379 1476 2418 neque
1497 2366 1599 2416 apud
1617 2368 1743 2404 Hero-

1080 2422 1215 2459 dotum
1245 2422 1301 2472 (et
1322 2421 1361 2463 h,
1382 2425 1409 2463 11
1431 2430 1467 2460 et
1484 2424 1554 2468 lv,
1570 2422 1649 2474 84)
1670 2437 1742 2460 ne—

1080 2492 1156 2530 que
1187 2479 1290 2529 apud
1320 2478 1514 2518 Plutarch.
1542 2481 1578 2516 Π
1597 2493 1636 2530 p.
1659 2482 1741 2521 263

1078 2537 1124 2574 E.
1149 2533 1231 2587 (ubi
1255 2535 1358 2573 idem
1369 2537 1507 2587 legitur
1525 2532 1743 2588 παραλύειν

1080 2594 1153 2642 τῆς
1177 2591 1402 2645 στρατείας)
1422 2606 1432 2639 ς
1476 2591 1526 2629 ad
1547 2605 1662 2644 quem
1681 2593 1741 2629 lo-

1081 2662 1171 2686 cum
1202 2648 1494 2700 VVyttenbachii
1521 2657 1641 2686 exstat
1669 2660 1740 2684 an-

1082 2706 1226 2742 notatio
1252 2707 1336 2743 Vol.
1357 2708 1392 2742 11
1411 2707 1581 2756 P.1pag.
1599 2707 1660 2751 18,
1681 2703 1743 2740 cui

1083 2761 1172 2798 add.
1204 2775 1302 2814 quae
1330 2762 1379 2800 ad
1415 2760 1608 2799 Plutarch.
1637 2759 1743 2796 Alci-

1082 2818 1184 2855 biad.
1223 2831 1313 2870 pag.
1356 2821 1432 2860 161
1466 2817 1742 2856 annotavimus.
