1851 3181
453 235 537 277 374
849 234 1310 271 HERODOTI

455 342 534 386 τὸν
567 345 718 394 Πᾶνα,
757 340 1022 399 Ἀθηναίοισι
1053 345 1252 386 κελεῦσαι
1291 341 1566 398 ἀπαγγεῖλαι,
1607 341 1717 386 διότι

457 411 625 454 ἑωυτοῦ
657 408 864 465 οὐδεμίαν
883 410 1128 466 ἐπιμέλειαν
1156 414 1394 463 ποιεῦνται,
1421 409 1568 460 ἐόντος
1587 410 1775 453 εὔνουὲο

453 477 734 533 Ἀθηναίοισι,
767 477 841 520 καὶ
869 483 1061 535 πολλαχῆ
1087 479 1327 534 γενομένου
1356 480 1439 535 ἠδη
1469 479 1593 534 σφίσι
1619 493 1719 533 χρη-

428 548 613 601 4σίμου,
653 543 706 588 τὰ
747 544 790 588 δ’
830 545 892 589 ἔτι
931 547 1005 590 καὶ
1049 547 1274 602 ἐσομένου.
1341 547 1430 590 Καὶ
1469 550 1604 590 ταῦτα
1641 545 1721 600 μὲν

450 612 700 669 Ἀθηναῖοι,
729 613 1036 659 καταστάντων
1066 616 1190 670 σφίσι
1219 609 1267 658 εὖ
1297 614 1381 671 ἤδη
1411 618 1499 658 τῶν
1527 612 1718 670 πρηγμά·

455 698 568 734 των,
597 679 901 734 πιστεύσαντες
929 681 1044 727 εἶναι
1072 681 1251 740 ἀληθέα,
1282 681 1519 739 ἱδρύσαντο
1549 681 1638 726 ὑπὸ
1667 685 1721 739 τῇ

454 748 668 804 ἀκροπόλι
704 748 858 801 Πανός
898 751 1020 806 ἱρὸν,
1065 751 1138 795 καὶ
1177 749 1314 794 αὐτόν
1343 748 1431 793 οἷπὸ
1460 749 1618 807 ταύτης
1646 753 1721 805 τῆς
1734 755 1774 789 Ξ5

453 817 647 873 ἀγγελίης
674 819 856 875 θυσίῃσι
886 819 1096 877 ἐπετείῃσι
1124 819 1196 862 καὶ
1225 819 1420 874 λαμπάδι
1451 818 1715 862 ἱλάσκονται.
1775 817 1851 859 487

293 881 392 928 106
457 889 562 930 Τότε
595 886 640 930 δὲ
669 886 882 942 πεμφθεὶς
910 887 999 930 ὑπὸ
1030 891 1117 930 τῶν
1148 891 1401 943 στρατηγῶν
1432 886 1455 930 ὁ
1492 887 1718 930 Φειδιππί-

123 945 399 1017 ᾙΡρᾶᾗῖἷέξῇθῆἷὴῖξ
457 957 534 1011 δης
575 950 726 1007 οὗτος,
775 954 844 998 ὅτε
875 953 953 1008 πέρ
985 957 1027 999 οἵ
1057 956 1138 1012 ἔφη
1158 955 1231 999 καὶ
1261 953 1338 998 τόν
1365 958 1495 998 Πᾶνα
1515 958 1720 1011 φανῆναι,

400 1211 560 1260 Gregor.
592 1209 680 1245 Cor.
708 1209 766 1244 De
798 1207 886 1246 dial.
913 1209 997 1245 Ion.
1019 1208 1057 1253 ξ.

399 1270 447 1306 71
472 1279 510 1316 Ρ.
541 1264 623 1307 480
653 1263 829 1312 Schaef„
873 1266 1058 1316 probante

398 1321 603 1369 Larchero,
633 1322 778 1359 restitui
796 1322 878 1359 vult
899 1317 1058 1361 εὐνόου.

398 1380 474 1416 Pro
495 1390 567 1429 σφι
579 1377 667 1415 dedi
682 1391 772 1415 cum
784 1376 1005 1429 Schweigh.
1021 1384 1059 1414 et

400 1435 518 1472 Gaisf.
554 1436 680 1484 σφίσι.
741 1434 853 1481 Quod
891 1436 1060 1487 sequitur

399 1489 447 1530 τὰ
470 1487 516 1539 δ’,
546 1492 611 1528 ubi
653 1505 733 1528 non
770 1493 973 1544 praecessit
1011 1487 1058 1530 τοὶ

402 1546 486 1599 μὲν,
508 1550 631 1598 attigit
648 1547 832 1586 Matthiae
852 1551 918 1586 Gr.
940 1550 1007 1586 Gr.
1020 1562 1058 1599 p.

402 1606 484 1645 579
507 1606 544 1650 ξ.
566 1607 646 1646 288
673 1612 753 1643 not.
775 1606 814 1645 4.

458 1679 739 1723 καταστάντων
763 1685 877 1733 σφίσι
905 1677 951 1723 εὖ
981 1680 1060 1733 ἤδη

401 1743 480 1779 τῶν
520 1737 789 1792 πρηγμάτων]
839 1742 866 1778 i.
896 1754 929 1779 e.
961 1741 1061 1777 rebus

402 1799 484 1834 Irene
505 1799 716 1835 constitutis.
774 1796 925 1834 Eodem
944 1795 1061 1833 modo

401 1856 536 1891 Noster
554 1855 636 1902 VH,
662 1857 740 1895 132
759 1855 846 1893 coll.
872 1854 962 1895 158.

460 1939 675 1994 ἱδρύσαντο
693 1941 773 1983 ὐπὸ
793 1958 838 1998 τῃ
861 1938 1062 1995 οἷκροπόλι

407 1998 546 2046 Πανός
582 1997 698 2051 ἱρὸν]
737 2002 822 2038 Hoc
850 2001 964 2037 Panis
1004 2000 1062 2035 fa-

404 2070 501 2093 num
529 2055 720 2108 hodieque
751 2063 965 2094 monstrant
993 2056 1062 2093 sub

403 2115 483 2163 ipsa
514 2126 599 2150 arce
628 2115 742 2150 situm
762 2113 866 2151 haud
885 2115 1000 2164 longe
1017 2113 1063 2150 ab

406 2170 572 2219 angustis
592 2169 782 2220 gradibus,
805 2171 940 2222 quibus
962 2183 982 2206 a
1003 2183 1066 2207 se-

401 2227 620 2291 ‘ptentrione
642 2225 690 2263 ad
703 2239 829 2264 arcem
844 2225 1065 2264 escendunt.

399 2283 537 2327 'Quin'
527 2285 614 2333 lpsis
633 2283 673 2318 in
693 2284 821 2320 munis
837 2283 911 2319 hoc
930 2283 1066 2318 sanum

407 2346 622 2389 comparet,
653 2337 701 2375 de
723 2352 798 2390 quo
817 2340 924 2390 plura
946 2340 1066 2375 Kruse

401 2396 534 2432 ‘Hellas
553 2397 601 2443 Π,
626 2398 643 2434 1
668 2408 757 2446 pag.
781 2397 858 2435 119
869 2408 975 2446 seqq.
998 2395 1066 2434 Cr.

409 2451 457 2488 de
490 2450 564 2489 hoc
603 2453 764 2488 sacrario
805 2452 950 2488 consuli
986 2451 1067 2489 vult

400 2509 554 2546 stum-t.
588 2509 626 2544 in
657 2508 815 2560 Antiqq.
846 2506 986 2545 Athen.
1021 2509 1066 2547 P.

410 2567 443 2602 11
464 2579 503 2616 p.
519 2565 599 2606 248
614 2578 710 2605 vers.
723 2577 894 2615 german.
911 2565 1070 2614 (Darin-

411 2620 507 2659 stad.
530 2621 668 2671 1828).
717 2623 802 2658 Huc
824 2634 977 2673 quoque
987 2635 1071 2672 per-

411 2680 506 2716 tinet
535 2678 694 2715 scolium
721 2679 759 2714 in
788 2676 849 2714 dei
885 2677 1071 2715 honorem

412 2742 495 2786 post
505 2747 675 2785 pugnam
685 2733 964 2772 Marathoniam
978 2748 1071 2771 can-

413 2799 535 2827 tatum
564 2790 666 2841 apud
683 2790 824 2829 Athen.
853 2792 936 2839 XV,
961 2790 1008 2831 14
1031 2806 1069 2842 p.

415 2846 494 2887 694
514 2849 556 2886 D.
583 2845 800 2899 (Analectt.
830 2854 920 2886 vett.
950 2855 1066 2899 poett.

1115 1209 1132 1243 I
1153 1221 1192 1258 p.
1215 1207 1307 1248 156.
1328 1207 1414 1243 vm
1434 1206 1486 1243 T.
1507 1208 1526 1243 Ι
1542 1218 1583 1258 p.
1607 1207 1660 1246 89
1681 1206 1776 1256 Iac.)

1116 1271 1154 1300 et
1191 1264 1385 1314 inscriptio
1424 1265 1538 1300 Panis
1577 1269 1722 1300 statuae
1756 1276 1779 1299 a

1118 1319 1319 1358 Simonide
1337 1320 1437 1357 facta
1458 1317 1567 1368 (ibid.
1586 1321 1605 1356 I
1623 1333 1661 1370 p.
1685 1322 1780 1360 131.

1117 1377 1283 1413 XXVIII
1313 1378 1364 1413 T.
1393 1377 1412 1412 I
1442 1389 1481 1427 p.
1513 1378 1566 1417 63
1595 1377 1670 1413 Iac.
1691 1376 1779 1413 coll.

1116 1435 1170 1470 ΙΠ
1189 1447 1226 1484 p.
1256 1433 1338 1474 205
1369 1432 1555 1470 CCLXIV
1583 1435 1662 1471 sive
1694 1433 1780 1469 An-

1115 1489 1262 1541 tholog.
1275 1491 1357 1526 Lib.
1371 1489 1423 1526 IV
1441 1504 1481 1541 p.
1494 1492 1573 1531 172
1583 1489 1692 1538 Iam).
1719 1489 1781 1526 Ad

1118 1543 1350 1587 ἱλάσκονται
1370 1547 1473 1584 conf.
1493 1547 1539 1595 V,
1561 1546 1627 1588 47.
1647 1546 1713 1595 IV,
1740 1549 1780 1587 7.

1121 1605 1208 1641 coll.
1249 1604 1314 1650 VI,
1355 1606 1423 1644 69.
1471 1604 1576 1641 Voce
1602 1599 1781 1654 λαμπάδι

1117 1659 1308 1697 indicatur
1328 1659 1357 1710 ἦ
1375 1660 1690 1712 λαμπαδηφορία
1711 1658 1782 1700 ε.ό

1119 1717 1399 1768 λαμπαδοῦχος
1419 1712 1540 1770 oiyo'v,
1570 1718 1676 1754 cuius
1697 1730 1782 1754 cre-

1119 1774 1186 1811 bro
1224 1773 1267 1810 fit
1295 1774 1441 1810 mentio
1470 1774 1511 1809 in
1548 1774 1780 1810 solemnibus

1120 1828 1349 1882 quibusdam
1386 1828 1700 1878 Atheniensium,
1739 1831 1781 1866 in

1119 1886 1308 1924 honorem
1327 1886 1511 1936 Vulcani,
1545 1884 1782 1934 Promethei,

1119 1944 1259 1991 Panis,
1290 1944 1486 1980 Minervae
1518 1950 1634 1995 atque
1665 1944 1782 1980 etiam

1115 2001 1278 2047 Dianae,
1290 2001 1426 2052 quibus
1437 2001 1658 2037 nmninibus
1669 2001 1783 2051 igne-

1122 2071 1186 2094 am
1209 2055 1404 2109 quandam
1432 2058 1514 2094 vim
1534 2070 1577 2094 ac
1595 2056 1783 2095 sideream

1122 2114 1402 2166 coelestemque
1422 2114 1497 2150 coli
1514 2127 1631 2151 nemo
1650 2115 1783 2152 nescit.

1122 2173 1179 2208 Ac
1207 2171 1363 2207 iuvenes
1388 2171 1430 2206 in
1457 2171 1524 2206 tali
1547 2170 1643 2207 festo
1671 2183 1783 2208 cursu

1123 2227 1318 2263 certabant
1354 2239 1474 2262 manu
1512 2233 1700 2276 gestantes
1729 2227 1784 2264 fa-

1123 2296 1207 2320 cem
1229 2295 1440 2331 accensam,
1463 2292 1560 2334 quae
1578 2297 1629 2319 ne
1647 2284 1689 2320 in
1701 2284 1784 2335 ipso

1124 2352 1236 2377 cursu
1268 2340 1592 2389 exstingueretur,
1612 2341 1783 2377 maxima

1124 2396 1350 2433 certantium
1370 2396 1441 2432 fuit
1461 2409 1563 2433 cura.
1621 2398 1686 2434 Tu
1706 2396 1784 2435 vid.

1125 2452 1364 2503 potissimum
1402 2452 1653 2490 Broendsted.
1676 2454 1781 2492 ‘Reis.

1126 2523 1164 2546 u.
1179 2507 1513 2560 Untersuchungg.
1525 2511 1565 2546 -Π
1585 2522 1672 2560 pag.
1689 2513 1782 2557 290,

1127 2567 1191 2603 ubi
1212 2565 1418 2603 Herodotei
1435 2579 1589 2619 quoque
1604 2567 1678 2604 loci
1697 2579 1783 2603 me-

1129 2624 1253 2662 minit.
1299 2623 1372 2660 Cr.
1393 2630 1586 2673 praeterea
1621 2623 1782 2660 conferri

1128 2681 1221 2726 vult,
1243 2693 1341 2732 quae
1360 2680 1399 2716 in
1419 2680 1598 2732 Praepar.
1623 2678 1672 2717 ad
1689 2679 1783 2716 Plo—

1127 2737 1195 2774 tin.
1215 2739 1274 2774 De
1293 2738 1443 2788 pulerit.
1470 2751 1508 2789 p.
1538 2733 1684 2774 XXVII
1703 2749 1782 2787 seq.

1127 2800 1164 2830 et
1194 2792 1295 2844 apud
1326 2793 1467 2831 Herod.
1501 2793 1605 2840 Vm,
1637 2794 1689 2834 98
1712 2805 1783 2829 ex-

1125 2857 1236 2887 stant.
