1851 3181
448 231 534 271 456

854 231 1313 268 HERODOTI

394 335 551 392 18,,μέν
579 336 659 380 εἶσι
691 337 735 380 οἱ
764 334 1031 389 ἀδικέοντες,
1063 337 1123 390 εἷς
1147 340 1192 383 δὲ
1214 338 1238 383 ὁ
1270 338 1559 397 ἀδικεόμενος.
1591 341 1614 386 ὁ
1632 343 1766 398 μὲν95

448 405 558 460 ,.γάρ
585 404 832 458 διαβάλλων
861 404 1034 458 ἀδικέει,
1069 405 1122 450 οὐ
1153 407 1391 462 παρεόντος
1421 409 1709 466 κατηγορέων·

395 471 501 523 19,,ὁ
541 471 586 514 δὲ
614 470 796 524 ἀδικέει,
836 470 1182 529 ἀναπειθόμενος
1209 476 1314 530 πρὶν
1343 476 1374 532 ἤ
1407 476 1616 530 ἀτρεκέως
1646 479 1710 522 ἐκ-

446 538 605 595 ,,μάθῃ.

668 537 691 582 ὁ
723 540 768 583 δὲ
800 539 853 595 δή
884 539 1031 584 ἀπεών
1059 545 1139 585 τοῦ
1167 541 1302 599 λόγου
1331 542 1434 587 τάδε
1464 545 1511 588 ἐν
1541 545 1711 590 αὐτοῖσι

448 606 710 658 ,,ἀδικεέται,
753 609 1005 664 διαβληθείς
1033 625 1077 652 τε
1097 607 1186 653 ὑπὸ
1213 615 1292 654 τοῦ
1323 611 1495 667 ἑτέρου,
1525 614 1598 656 καὶ
1633 630 1711 656 νο-

392 675 649 730 20,,μισθεὶς
679 676 792 729 πρός
821 678 899 720 τοῦ
936 677 1087 730 έτέρου
1117 677 1251 729 κακὸς
1280 676 1402 723 εἶναι.
1457 679 1563 724 Ἀλλ’
1586 683 1623 724 εἰ
1654 680 1735 738 δή1

448 745 544 794 ,,δεῖ
570 759 617 798 γε
643 743 817 795 πάντως
850 744 917 788 ἐπὶ
945 745 1048 796 τοὺς
1078 743 1239 800 ἄνδρας
1268 746 1454 797 τούτους
1489 748 1712 803 στρατεύε-

447 816 605 863 ,,σθαι,
650 811 779 867 φέρε,
819 813 1023 868 βασιλεὺς
1052 813 1131 869 μὲν
1172 812 1305 865 αὐτὸς
1345 815 1391 858 έν
1429 814 1556 871 ἤθεσι
1600 821 1714 859 τοῖσι

449 879 683 933 ,,Περσε’ων
712 880 898 934 μενέτω·
931 880 1074 938 ἡμέων
1104 882 1150 925 δὲ
1180 880 1445 937 ἀμφοτέρων
1484 887 1713 940 παραβαλ-

449 948 673 1002 ,,λομένων
691 949 743 990 τὰ
774 951 915 1001 τέκνα,
941 950 1224 1006 στρατηλάτεε
1243 948 1374 1001 αὐτὸς
1405 950 1482 1001 σύ,
1527 951 1740 1004 {managni-5

448 1015 606 1067 ,,μενός
626 1032 670 1059 τε
699 1014 863 1070 ἄνδρας
891 1018 997 1069 τούς
1026 1018 1209 1072 ἐθέλεις,
1239 1019 1314 1061 καὶ
1333 1019 1482 1075 λαβών
1511 1019 1714 1075 στρατιήν

390 1082 640 1139 21,,ὁκόσην
668 1084 766 1127 τινὰ
793 1084 981 1141 βούλεαι.
1040 1086 1112 1128 καὶ
1141 1084 1196 1141 ἢν
1226 1086 1304 1141 μὲν
1333 1091 1386 1142 τῇ
1417 1087 1471 1130 σύ
1502 1088 1638 1143 λέγεις
1667 1086 1712 1131 ἀ-

449 1154 664 1209 ,,ναβαίνῃ
696 1153 865 1208 βασιλέι·
891 1153 944 1197 τά
972 1152 1224 1209 πρήγματα,
1256 1155 1516 1197 κτεινέσθων
1546 1157 1590 1198 οἱ
1617 1155 1712 1210 ἐμοὶ

447 1222 646 1272 ,,παῖδες,
687 1220 797 1275 πρὸς
839 1222 886 1265 δὲ
924 1219 1095 1264 αὐτοῖσι
1131 1222 1204 1264 καὶ
1242 1221 1347 1276 ἐγώ·
1386 1220 1441 1278 ἢν
1471 1222 1517 1265 δὲ
1545 1227 1599 1280 τῇ
1629 1222 1709 1278 ἐγώ

440 1288 689 1344 „wool-eya),
731 1291 774 1332 οἱ
811 1289 880 1332 σοὶ
922 1293 1060 1333 ταῦτα
1098 1288 1380 1345 πασχόντων,
1429 1289 1512 1334 σύν
1552 1291 1599 1334 δέ
1631 1303 1708 1345 σφι
1722 1297 1765 1329 10

390 1416 495 1452 Tom
522 1418 609 1453 VIII
639 1417 698 1455 ed.
719 1419 873 1468 Bipont.
906 1441 957 1446 —
1005 1420 1050 1455 In

389 1486 497 1525 seqq.
517 1475 634 1511 verba
663 1469 712 1513 ου’
741 1471 961 1525 παρεόντος
978 1491 1051 1513 κα-

390 1529 592 1581 τηγορέων
610 1532 739 1568 valent
769 1531 852 1569 dum
879 1532 1051 1569 absentem

391 1591 556 1634 accusat,
599 1590 816 1625 criminatur.
894 1590 1052 1641 Aliquot

391 1641 503 1679 codd.
524 1643 727 1695 παρέοντι.

446 1698 470 1738 ό
496 1697 538 1739 δὲ
569 1698 619 1751 δή
653 1696 787 1739 ἀπεών
804 1703 878 1739 τοῦ
898 1698 1045 1752 λόγου]

387 1756 413 1791 i.
435 1769 469 1792 e.
501 1759 553 1804 ei,
586 1760 649 1807 qui
673 1771 695 1794 a
729 1770 878 1794 sermone
895 1757 1047 1806 (crimi—

388 1813 580 1860 natione)
621 1815 741 1851 absens
780 1818 852 1861 est,
883 1816 922 1851 in
954 1815 1046 1852 hisce

387 1870 527 1906 iniuria
541 1871 592 1920 fit
623 1869 822 1921 (duplici)
860 1871 922 1907 hoc
949 1872 1046 1908 modo

389 1921 512 1973 (τάδε
524 1925 552 1977 ),
583 1930 623 1963 ut
643 1931 676 1964 et
697 1928 741 1964 ab
762 1927 872 1964 altero
900 1941 1046 1964 accuse-

388 1985 447 2018 tur
467 1987 500 2020 et
522 1984 566 2020 ab
583 1983 694 2020 altero
715 1983 829 2021 mulus
849 1997 918 2021 esse
942 1989 1047 2035 pute-

389 2042 461 2076 tur.
502 2040 686 2092 Sequitur
706 2042 959 2091 participium,
980 2043 1047 2078 ubi

389 2095 438 2131 ob
458 2109 722 2146 praegressum
741 2093 815 2136 τάδ
819 2112 834 2136 ε
847 2105 1046 2149 exspecta-

386 2151 452 2188 bas
474 2148 571 2191 ὥστε
601 2154 661 2190 vel
689 2155 810 2190 simile
832 2154 935 2206 quid.
987 2155 1045 2192 Cf.

386 2207 523 2246 Matth.
545 2210 609 2247 Gr.
632 2210 697 2249 Gr.
718 2223 808 2262 pag.
832 2213 949 2252 1093.

664 2301 700 2344 ξ.
732 2302 771 2340 8,

447 2375 490 2414 ἐν
507 2373 627 2425 ἤθεσι
649 2381 750 2416 τοῖσι
771 2375 987 2428 Περσέων]
1020 2378 1045 2415 i.

391 2445 424 2468 e.
445 2434 482 2469 in
514 2431 706 2471 Persarum
737 2434 888 2471 sedibus.
949 2433 1047 2470 Satis

388 2495 549 2536 notum,
581 2489 682 2540 apud
711 2491 859 2527 Ionicos
886 2492 1047 2542 scripto-

391 2558 450 2581 res
471 2542 577 2594 ἤθεα
600 2549 713 2583 certas
726 2545 800 2583 dici
823 2546 936 2593 sedes,
957 2548 1045 2597 fixa

393 2601 586 2639 domim'lz'a.
619 2603 735 2639 Plura
756 2604 804 2640 G.
823 2605 852 2640 Ι.
874 2602 1044 2641 Bekker.

391 2658 430 2693 in
453 2658 621 2709 Specim.
643 2658 858 2696 Philostrat.
884 2673 967 2709 pag.
991 2664 1044 2701 30

394 2727 500 2766 seqq.
570 2715 675 2761 Quae
715 2718 896 2753 continuo
925 2717 1043 2753 subii—

389 2772 563 2808 ciuntur:
586 2770 721 2822 ἡμέων
742 2770 785 2812 δὲ
807 2768 1045 2823 ἀμφοτέρων

388 2826 753 2879 παραβαλλομένων
765 2826 812 2868 τά
824 2828 1045 2876 τέκνα,ιῐιει-

1104 1418 1174 1454 lim
1193 1419 1370 1467 accipere3
1399 1418 1557 1455 nostrum
1576 1430 1653 1455 vero
1663 1421 1763 1454 utro-

1107 1487 1170 1524 que
1216 1475 1339 1511 liberos
1373 1489 1452 1512 suos
1481 1475 1703 1525 periclitante
1729 1487 1760 1512 s.

1107 1532 1198 1568 belli
1222 1532 1366 1568 vicibus
1394 1533 1645 1583 periculisque
1666 1531 1764 1568 obii-

1109 1589 1244 1635 ciente,
1267 1596 1497 1638 exponente.
1545 1589 1666 1639 Attigi
1676 1601 1764 1624 ver-

1108 1645 1204 1680 bum
1234 1642 1559 1696 παραβάλλεσθαι
1589 1644 1638 1681 ad
1668 1645 1765 1680 Plu-

1103 1700 1223 1740 tarch.
1254 1700 1495 1752 Philopoem.
1516 1716 1555 1752 p.
1577 1702 1640 1742 52.
1662 1699 1766 1738 Add.

1102 1757 1379 1808 VVyttenbach.
1395 1758 1442 1795 ad
1463 1758 1618 1796 Selectt.
1631 1758 1760 1794 Histo-

1100 1815 1190 1854 ricc.
1213 1827 1299 1864 pag.
1322 1815 1415 1855 351.

1158 1869 1226 1909 καὶ
1267 1867 1320 1921 ἢν
1357 1868 1428 1921 μὲν
1467 1873 1517 1925 τῇ
1559 1866 1606 1909 σῦ
1629 1868 1764 1922 λέγεις,

1105 1922 1306 1982 ἀναβαίνῃ
1334 1925 1490 1978 βασιλέϊ
1513 1923 1561 1966 wi
1580 1923 1766 1978 πρήγμα-

1104 1985 1169 2031 τα]
1200 1985 1225 2020 i.
1249 1997 1280 2022 e.
1304 1986 1338 2021 si
1356 1997 1409 2021 res
1435 1986 1500 2031 ita,
1530 1987 1571 2020 ut
1595 1985 1662 2032 ais,
1688 1985 1768 2032 regi

1103 2042 1315 2079 successerit.
1373 2041 1449 2077 Ubi
1477 2039 1627 2077 videtur
1667 2036 1768 2078 ἀνα-

1103 2097 1258 2147 βαίνειν
1278 2096 1382 2133 idem
1401 2097 1479 2134 fere
1499 2110 1633 2134 sonare
1653 2103 1767 2148 atque

1104 2149 1463 2206 ἀποβαίνειν,ᾳοοά
1485 2152 1532 2190 de
1548 2154 1765 2203 rebus‚quae

1103 2213 1268 2247 eveniunt
1277 2215 1501 2260 eventumque
1513 2211 1765 2256 habent‚usur-

1103 2267 1186 2316 pari
1214 2268 1403 2303 novimus.
1460 2268 1539 2303 Nec
1573 2265 1684 2303 valde
1703 2278 1767 2302 re-

1104 2322 1204 2359 cedit
1236 2318 1479 2374 ἀναχωρεῖν,
1511 2322 1558 2359 de
1587 2335 1664 2375 quo
1686 2320 1765 2358 dixi

1105 2377 1153 2414 ad
1180 2379 1259 2426 VII,
1290 2378 1330 2419 4.
1361 2401 1413 2407 ——
1459 2381 1517 2416 De
1551 2379 1766 2430 imperativi

1103 2435 1227 2471 forma
1248 2434 1501 2483 κτεινέσθων,
1522 2437 1655 2473 Atticis
1669 2437 1765 2473 scri-

1103 2492 1272 2541 ptoribus
1293 2492 1408 2542 vulgo
1419 2494 1572 2540 tributa,
1595 2506 1644 2529 ex
1662 2493 1764 2529 Ioni-

1103 2549 1155 2584 cis
1191 2555 1304 2600 atque
1337 2550 1482 2587 Doricis
1501 2566 1504 2571 ·
1522 2550 1763 2600 scriptoribus

1101 2605 1211 2654 plura
1240 2604 1288 2642 ad
1313 2603 1390 2643 h.l.
1411 2607 1565 2656 collegit
1584 2605 1761 2656 exempla

1102 2660 1351 2699 Valckenaer.
1409 2663 1475 2699 Tu
1512 2661 1590 2703 vid.
1626 2659 1761 2701 Matth.

1105 2719 1170 2754 Gr.
1193 2719 1259 2755 Gr.
1281 2731 1369 2769 pag.
1391 2719 1488 2759 375.

1161 2774 1202 2813 οἰ
1212 2773 1275 2813 σοὶ
1297 2778 1420 2813 ταῦτα
1440 2770 1688 2825 πασχόντων]
1715 2774 1758 2809 ln

1103 2837 1273 2868 mentem
1292 2832 1396 2869 veuit
1423 2826 1568 2870 ταῦτάτ
1602 2842 1619 2867 e
1632 2842 1654 2866 a
1668 2829 1759 2866 dem
