1870 3249
360 218 1022 256 TOERPSIGHORE.
1083 218 1126 254 V.
1296 219 1379 259 115

0 334 56 379 67
115 345 220 373 τονα
247 328 321 370 καὶ
339 326 581 383 σύμμαχον,
595 328 738 378 ξεῖνον
757 325 899 376 ἐόντα,
931 326 1184 380 προσέθετο.
1229 331 1379 370 Ταῦτα
1436 338 1657 367 Avummater-

1436 380 1507 398 num
1522 371 1642 400 imitans

116 397 185 450 δὲ,
218 394 386 438 δοκέειν
416 395 532 450 ἐμοὶ,
564 394 756 451 ἐμιμέετο
789 394 811 437 ὁ
847 396 1109 450 Κλεισθένης
1141 390 1272 446 οὗτος
1301 393 1379 438 τὸν
1438 405 1628 434 Clisthenem
1644 396 1693 436 ὲῑ-

1435 438 1611 474 cyoniorum
1625 446 1677 484 ty-

113 464 279 508 ἑωυτοῦ
324 462 656 519 μητροπάτορα,
704 462 966 506 Κλεισθένεα
1011 462 1091 506 τόν
1141 466 1377 514 Σικυῶνος
1435 477 1641 512 rannum‚[‹›‚

1443 508 1514 543 131]
1535 511 1665 543 quicum

84 529 348 586 2t259avvov.
418 530 685 586 Κλεισθένης
733 530 814 587 γὰρ
850 527 1079 585 Ἀργείοισι
1118 530 1379 587 πολεμήσας,
1439 541 1502 569 ana
1515 543 1644 579 Sinone
1657 553 1711 572 no-

54 680 326 721 Wachsmuth.
391 682 542 719 Hellen.
584 682 715 719 Alter-

50 738 220 778 thumsk.
249 740 298 787 Π,
324 742 343 779 1
362 751 451 789 pag.
483 737 533 778 14
563 746 644 776 not.
675 742 713 780 3.

53 796 95 833 C.
116 797 159 833 F.
179 798 391 836 Hermann.
411 797 437 832 l.
458 796 483 832 l.
503 819 551 824 -
586 797 715 832 Dere-

51 854 163 905 liquis
189 853 268 891 vid.
296 854 458 889 Excurs.
479 852 526 889 ad
549 851 590 889 h.
609 854 634 890 l.
656 874 713 881 -—-

52 910 211 946 Aiacem
232 909 281 946 ad
291 910 529 947 Salaminem
548 911 712 946 insulam

51 969 202 1018 proprie
223 967 458 1017 pertinuisse,
479 968 713 1003 mouerevix

51 1036 158 1074 opus.
215 1025 400 1060 Extrema
435 1024 574 1060 verba:
624 1026 715 1062 τοῦ-

48 1094 119 1119 τον
140 1077 194 1127 δὲ,
225 1076 292 1118 ἅτε
312 1075 569 1131 ἀστυγείτονα
578 1095 613 1118 κ.
627 1095 657 1117 τ.
672 1083 709 1118 λ.

50 1143 150 1174 recte
160 1137 212 1173 sic
225 1138 416 1187 accipiunt
428 1148 438 1172 :
473 1136 609 1184 „Hunc
618 1149 709 1184 vem,

49 1195 116 1231 etsi
135 1191 327 1244 (quamvis)
345 1195 580 1243 peregrinum,
595 1197 711 1231 tamen

35 1253 90 1288 „ut
107 1252 260 1287 vicinum
280 1253 312 1286 et
327 1252 456 1287 socium
468 1279 480 1298 ,
498 1250 674 1290 adtem’tf‘

237 1307 329 1357 Cap.
349 1307 506 1344 LXVII.

104 1365 226 1402 ταῦτα
238 1361 529 1415 (δὲ-ἐμιμέετο
554 1362 577 1404 ὁ
591 1367 709 1404 Κλει-

52 1418 199 1470 σθένης
216 1435 251 1459 κ.
270 1435 304 1458 τ.
323 1421 376 1469 L]
409 1420 586 1472 ἐμιμέετο
618 1434 707 1458 ma-

51 1477 120 1513 lim
146 1475 303 1514 reddere
331 1479 471 1515 imitari
499 1478 640 1515 studuit
675 1492 706 1516 s.

51 1537 195 1570 conatus
221 1538 290 1580 est3
331 1533 379 1571 de
401 1548 476 1586 qua
494 1536 709 1587 imperfecti

48 1590 321 1640 significatione
342 1591 422 1628 dixi
441 1591 490 1629 ad
509 1594 538 1637 I,
563 1595 630 1634 68.
650 1594 710 1629 De

50 1646 192 1698 duplici
211 1650 425 1686 accusativo
437 1679 446 1697 ,
468 1651 535 1701 qui
555 1649 709 1686 additur

48 1705 164 1741 verbo
175 1709 395 1756 μιμεῖσθαι,
416 1707 560 1743 consul.
572 1706 709 1744 Matth.

50 1761 117 1798 Gr.
137 1762 204 1798 Gr.
223 1775 312 1812 pag.
327 1761 423 1803 774.

113 1818 360 1857 Κλεισθένεα
389 1816 461 1858 τόν
499 1822 709 1867 Σικυῶνος

50 1870 269 1922 τύραννον]
295 1875 534 1927 „Aequalem
555 1874 617 1913 hic
638 1875 709 1913 ha-

50 1929 133 1966 buit
164 1931 348 1967 Solonem
387 1933 467 1968 eius
497 1932 587 1968 belli
616 1932 708 1980 dux,

52 1998 128 2037 quo
151 1985 452 2038 Amphictyones
477 1989 605 2036 [auno
628 1991 708 2029 600

50 2054 85 2079 a.
107 2040 195 2079 Chr.
207 2057 258 2090 n.,
279 2051 322 2080 ut
349 2046 457 2095 ponit
475 2044 707 2093 Larcherus]

48 2099 119 2135 ulti
139 2099 337 2137 Cirrhaeos
356 2108 444 2138 sunt
457 2131 466 2148 ,
496 2102 537 2138 in
557 2103 709 2153 Apolli-

46 2167 139 2191 nem
160 2155 344 2207 Pythium
365 2158 532 2208 ingratos
554 2165 591 2195 et
612 2172 707 2196 cou-

47 2213 266 2250 tumeliosos
304 2214 407 2264 apud
449 2216 613 2252 Pausan.
654 2217 705 2263 X,

47 2271 100 2309 37
123 2270 188 2317 [§.
211 2269 254 2318 4]
287 2278 323 2307 et
343 2272 389 2317 II,
409 2273 434 2311 8
469 2272 525 2319 [§.
553 2273 610 2321 1],
640 2273 706 2309 ubi

45 2332 152 2375 pater
167 2327 265 2363 illius
294 2328 580 2379 Aristonymus,
614 2342 706 2376 avus

46 2380 195 2432 Pyrrho
206 2412 215 2430 ,
248 2386 375 2421 cuncti
394 2385 551 2422 fortasse
568 2399 617 2423 ex
631 2388 706 2424 Or-

45 2437 228 2489 tlzagorae
247 2440 409 2488 familia,
430 2455 529 2493 quae
549 2451 707 2480 centum

47 2497 154 2532 annis
173 2496 380 2547 Sicyonem
392 2499 593 2549 tyrannide
606 2514 706 2551 pres-

45 2554 112 2599 sit,
134 2553 333 2590 Aristotele
361 2555 475 2591 Polit.
495 2557 540 2603 V,
565 2560 617 2597 12
639 2558 703 2606 [V,

46 2609 90 2656 9]
131 2611 265 2646 teste.“
309 2609 584 2662 Wesscling.
642 2615 702 2651 Ab

45 2662 120 2701 hoc
138 2666 253 2717 igitur
271 2665 445 2704 Clz'stltene
466 2668 643 2719 Sicyonio,
655 2670 704 2707 de

49 2733 124 2773 quo
138 2724 252 2759 etiam
262 2724 371 2774 plura
389 2725 524 2761 Noster
533 2727 596 2772 VI,
611 2729 702 2774 126,

47 2776 239 2816 Clisthenes
248 2780 470 2818 Atheniensis
477 2794 621 2818 nomen
638 2796 704 2819 ac-

47 2835 146 2885 cepit
166 2831 235 2887 pro
255 2837 320 2873 illo
342 2838 576 2875 Graecorum
596 2851 704 2877 more

1432 579 1712 650 il'ss“‹i{³‘i22{32{‘⁰¹

1554 622 1569 640 r
1665 630 1677 634 -

770 681 855 718 filiis
877 693 1037 718 avorum
1055 683 1214 719 nomina
1228 684 1435 734 imponen-

771 738 822 776 di.
862 739 1039 775 Refertur
1060 738 1269 777 Clisthenes
1296 741 1435 793 Sicyo—

771 797 858 832 nius
879 808 900 831 a
913 794 1085 833 Schultz.
1099 797 1243 847 Appar.
1257 799 1374 834 critic.
1395 812 1434 848 p.

772 855 796 892 6
816 865 922 903 seqq.
946 852 994 889 ad
1016 865 1163 889 aunum
1183 854 1264 894 576
1286 867 1320 890 a.
1343 854 1433 892 Chr.

768 922 822 957 n.,
852 911 918 946 ubi
949 909 1141 961 quadrigis
1176 911 1266 947 vicit
1297 912 1434 962 Olym-

769 968 868 1017 piae.
928 966 1044 1004 Cuins
1065 966 1142 1002 filia
1161 967 1193 1003 A
1199 968 1338 1016 gai-ista
1357 982 1434 1004 nu—

769 1024 843 1073 psit
872 1024 1057 1073 Megacli,
1099 1024 1167 1074 qui
1205 1025 1284 1074 ipse
1314 1024 1436 1062 filiam

769 1078 860 1117 hinc
869 1087 1083 1131 susceptam
1093 1081 1298 1128 Pisistrato,
1309 1081 1433 1118 Athe-

768 1137 960 1173 niensium
979 1143 1157 1188 tyranno,
1180 1135 1336 1175 dederat
1355 1152 1433 1175 nu-

766 1200 897 1244 ptum,
933 1200 1029 1230 teste
1066 1193 1262 1231 Herodoto
1302 1196 1340 1244 Ι,
1363 1198 1433 1244 60,

768 1249 874 1302 quod
901 1251 1030 1302 ipsum
1058 1250 1159 1288 cadit
1187 1252 1249 1289 vel
1277 1252 1318 1288 in
1339 1265 1432 1290 ann.

767 1307 848 1349 558
861 1337 872 1355 ‚
900 1315 944 1344 ut
963 1306 1136 1345 Schultz.
1157 1309 1284 1359 ponit,
1314 1310 1376 1346 vel
1390 1310 1431 1346 in

765 1376 912 1400 annum
932 1364 1014 1406 553
1035 1377 1070 1401 a.
1091 1363 1249 1413 Chr.n.‚*
1268 1373 1432 1417 quaeest

765 1421 953 1458 Voemelii
970 1423 1157 1459 sententia
1176 1423 1431 1474 inscriptione

766 1477 814 1515 de
836 1479 973 1516 Solon.
1005 1491 1094 1530 pag.
1111 1481 1189 1527 223
1220 1481 1350 1530 prouti
1369 1481 1432 1516 ni-

764 1536 908 1572 mirum
937 1536 999 1572 vel
1030 1534 1102 1572 hoc
1133 1537 1195 1573 vel
1224 1537 1291 1573 illo
1328 1550 1430 1574 anno

766 1593 1007 1629 Pisistratum
1023 1591 1186 1629 Athenis
1210 1594 1328 1630 altera
1347 1595 1432 1631 vice

765 1651 932 1700 potitum
953 1663 1035 1686 esse
1051 1651 1229 1687 sumseris
1242 1662 1255 1687 z<
1285 1649 1334 1686 de
1353 1664 1430 1702 quo

766 1707 868 1745 conf.
900 1713 998 1743 nott.
1020 1706 1068 1743 ad
1086 1708 1117 1754 I,
1140 1707 1206 1748 59.
1265 1708 1323 1743 De
1351 1709 1432 1744 Cli-

767 1761 909 1800 sthenis
941 1764 1115 1815 Sicyonii
1133 1764 1245 1800 rebus
1266 1763 1431 1815 disputat

766 1820 810 1856 C.
835 1820 880 1857 O.
901 1821 1051 1857 Miiller.
1071 1821 1165 1857 Dor.
1195 1822 1211 1856 1
1237 1833 1325 1871 pag.
1352 1824 1431 1862 162

765 1889 872 1928 seqq.
929 1878 1028 1912 Nam
1047 1878 1188 1912 Dorica
1215 1878 1330 1927 stirpe
1349 1879 1430 1928 ipse

765 1946 843 1968 non
859 1932 1062 1980 oriundus,
1102 1931 1270 1984 indeque
1290 1934 1430 1986 Sicyo-

765 1990 824 2025 nis
852 1989 1008 2036 incolis,
1060 1990 1128 2040 qui
1154 1990 1274 2026 Dores
1307 1998 1427 2039 erant,

766 2046 924 2097 aliisque
943 2047 1108 2082 Doribus
1128 2047 1342 2085 civitatibus
1363 2049 1428 2084 in-

764 2103 864 2139 visus
877 2132 887 2150 ,
918 2100 992 2139 hoc
1013 2102 1131 2139 modo
1154 2115 1218 2140 eos
1237 2105 1337 2141 ultus
1359 2112 1426 2152 est,

763 2165 807 2196 ut
825 2160 943 2196 tribus
963 2166 1143 2208 mutaret,
1169 2160 1426 2212 quemadmo-

763 2215 859 2253 dum
896 2218 1031 2253 Noster
1071 2224 1220 2254 enarrat
1256 2219 1301 2265 V,
1344 2221 1397 2260 68
1414 2231 1425 2264 ς

763 2275 857 2325 quin
897 2285 984 2309 eam
1020 2274 1144 2324 ipsam
1177 2275 1232 2313 ,οὺ
1270 2288 1424 2312 causam

763 2343 855 2367 cum
892 2331 1042 2380 Argivis
1080 2331 1199 2378 (nam
1228 2332 1424 2382 Argornm

761 2387 850 2423 urbs
885 2393 977 2424 tunc
1008 2388 1190 2437 temporis
1219 2390 1422 2439 praecipua

762 2445 911 2480 Dorum
929 2442 1036 2480 sedes
1067 2446 1105 2480 in
1137 2445 1421 2495 Peloponneso)

762 2501 907 2538 bellum
929 2501 1084 2551 gessisse
1102 2500 1254 2537 videtur
1281 2509 1317 2539 et
1336 2501 1422 2538 Ad-

764 2558 852 2594 rasti
891 2558 1025 2607 Argivi
1072 2558 1217 2594 cultum
1257 2560 1420 2605 eiecisse,

760 2614 859 2663 (eius
878 2616 917 2650 in
942 2615 1072 2651 locum
1090 2613 1234 2651 Bacchi
1252 2616 1376 2661 sacris,
1398 2627 1420 2651 a

761 2671 1028 2722 quibusDores
1049 2672 1162 2722 plane
1182 2672 1291 2707 alieni
1313 2678 1419 2707 erant

759 2726 1009 2778 introductis)
1059 2726 1268 2778 Rhapsodis
1308 2726 1418 2764 deni-

760 2796 837 2836 que
892 2785 1103 2820 Homericis
1169 2782 1418 2833 interdixisse,

761 2852 882 2892 qutun
903 2841 1026 2891 Argos
1046 2842 1234 2877 Homerus
1257 2841 1419 2879 celebret

1063 2892 1138 2936 8*
