1870 3249
340 196 1000 236 TERPSICHORE.
1059 195 1104 232 V.
1279 194 1361 234 195

90 306 273 364 μάχῃσι·
319 306 366 350 ἐν
405 305 452 349 δὲ
493 306 545 361 δὴ
586 305 659 348 καὶ
688 303 883 354 Ἀλκαῖος
914 302 938 347 ὁ
967 304 1168 359 ποιητὴς,
1201 305 1360 357 συμβο-
1419 313 1621 357 ῥιψάσπιδος

90 378 168 430 λῆς
205 374 460 429 γενομένης,
512 374 586 417 καὶ
627 372 853 417 νικώντων
897 369 1167 426 Ἀθηναίων,
1226 359 1678 422 αὐτὸςόὃῖζξὲἳᾘιξᾞοωη

89 442 170 498 μὲν
199 439 377 497 φεύγων
407 438 630 496 ἐκφεύγει,
660 439 713 483 τὰ
744 440 791 484 δέ
822 441 866 483 οἱ
895 437 1007 482 ὅπλα
1038 441 1208 494 ἴσχουσι
1239 437 1363 493 Ἀθη-

89 514 230 563 ναῖοι,
279 511 354 553 καί
391 522 504 565 σφεα
543 508 847 562 ἀνεκρέμασαν
887 507 997 561 πρὸς
1038 507 1087 549 τό
1126 504 1362 563 Ἀθήναιον

60 575 142 621 Qvo*
174 576 222 620 ἐν
252 579 425 634 Σιγείῳ.
470 581 609 620 ταῦτα
639 577 685 620 δὲ
713 575 909 626 Ἀλκαῖος
939 576 986 619 ἐν
1016 575 1134 630 μέλει·
1161 573 1361 630 ποιήσας,

88 644 277 690 ἐπιτιθεῖ
302 643 346 695 ἐς
375 643 660 700 Μυτιλήνην,
700 642 1063 701 ἐξαγγελλόμενος
1101 643 1150 687 τό
1195 642 1365 687 ἑωυτοῦ
1376 650 1420 683 60

33 855 76 879 το
90 870 100 888 ,
131 839 235 892 quod
255 838 391 878 Matth.
412 840 587 887 retinuit,
625 852 697 876 ex-

32 895 240 934 hibuimus.

90 949 364 1005 οἷνεκρέμασαν
381 949 482 1004 πρὸς
503 948 547 991 τό
571 946 698 1002 ’Affli-

33 1025 150 1050 ναιον
172 1007 216 1050 τὸ
243 1011 284 1050 ἐν
305 1011 474 1062 Σιγείῳ]
535 1010 618 1045 Hoc
638 1010 699 1045 lo-

34 1080 79 1104 co
101 1068 227 1117 posuit
247 1064 348 1118 πρός
361 1095 371 1113 ,
409 1079 499 1102 cum
518 1078 632 1116 supra
652 1066 698 1113 V,

32 1127 87 1165 77
107 1125 291 1174 posuisset
313 1122 380 1170 εἰς,
413 1124 480 1160 ubi
500 1122 577 1160 vid.
597 1129 696 1159 nott.

31 1181 163 1232 Ipsum
182 1193 273 1218 vero
293 1178 367 1216 hoc
379 1181 574 1216 Minervae
593 1186 696 1216 tem-

32 1239 142 1288 plum
161 1242 399 1274 memoratur
417 1238 458 1272 in
477 1236 696 1287 inscriptio-

32 1308 82 1331 ne
113 1293 241 1344 Sigea,
272 1294 379 1330 cuius
399 1294 440 1329 in
460 1300 557 1333 nott.
579 1292 629 1329 ad
650 1293 695 1340 V,

24 1350 88 1394 „64
107 1351 267 1388 fecimus
282 1352 533 1388 mentionem.
564 1350 698 1386 Alcaei

32 1408 161 1455 verba,
185 1408 320 1460 quibus
341 1420 380 1443 se
400 1408 527 1458 ipsum
540 1405 698 1459 quidem

32 1465 183 1501 salvum
213 1478 291 1501 esse
320 1463 467 1500 factum
496 1465 697 1510 cecinerat,

31 1520 99 1559 sed
133 1522 246 1558 armis
281 1522 450 1568 amissis,
491 1522 626 1572 clypeo
657 1521 699 1556 in

32 1579 231 1615 Minervae
273 1578 428 1614 Caesiae
464 1578 610 1628 templo
651 1577 697 1613 ab

31 1633 331 1672 Atheniensibus
352 1647 546 1685 suspenso,
568 1646 699 1671 serva-

31 1693 87 1730 vit
126 1692 252 1729 Strab.
282 1692 376 1728 XIII
404 1705 443 1742 p.
472 1693 554 1731 600
588 1691 638 1726 Α.
668 1704 698 1727 s.

35 1747 116 1789 895
139 1749 196 1796 C„
227 1749 268 1784 in
289 1749 426 1800 quibus
445 1748 570 1784 verbis
598 1754 700 1784 recte

34 1803 308 1842 constituendis
336 1812 422 1855 post
450 1803 639 1841 Valcken.
663 1811 702 1840 et

33 1861 268 1911 Wesseling.
318 1862 561 1898 elaborarunt
598 1862 702 1896 Mat-

34 1915 137 1954 thiae
170 1918 211 1953 in
240 1918 372 1953 Alcaei
400 1918 579 1967 fragmm.
610 1929 701 1967 pag.

37 1975 89 2013 18
110 1987 191 2025 seq.
223 1981 262 2010 et
293 1972 495 2011 Welcker.
526 1974 567 2009 in
591 1972 701 2009 Iahn.

36 2031 191 2067 Annali.
222 2030 463 2081 paedagogg.
498 2037 534 2066 et
553 2028 701 2080 philoll.

39 2089 147 2127 1830
178 2086 285 2135 (XII,
320 2088 362 2136 1)
383 2099 472 2137 pag.
499 2088 566 2127 36.
629 2086 704 2122 At-

37 2156 112 2195 que
141 2156 185 2180 eo
206 2145 333 2180 Nostri
361 2149 534 2194 spectant
560 2144 700 2179 verba:

36 2198 78 2239 ἒν
103 2199 213 2250 μέλεϊ
239 2196 412 2249 ποιήσας
446 2206 483 2237 et
512 2212 611 2251 (luae
641 2213 704 2236 se-

36 2264 219 2308 quuntur.
285 2258 472 2294 Alcaeum
507 2257 610 2292 enim
642 2257 704 2293 vi-

36 2326 124 2349 rum
143 2314 286 2365 alioqui
305 2321 504 2351 strenuum
525 2313 638 2349 fuisse
659 2325 703 2349 ac

36 2371 176 2406 fortem
197 2377 381 2407 testantur
399 2377 558 2416 veteres,
579 2368 704 2408 Athe-

38 2439 156 2463 naeus
177 2427 280 2475 XIV,
297 2430 349 2468 23
370 2441 408 2478 p.
431 2429 510 2468 627
531 2428 594 2473 Α.,
617 2428 702 2462 Ho-

37 2485 152 2520 ratius
184 2482 255 2520 0d.
295 2485 324 2530 I,
366 2486 432 2529 32,
472 2486 498 2523 6
538 2483 703 2535 (ferocem

38 2539 126 2577 bello
145 2552 286 2577 vocans
316 2539 535 2588 Alcaeum),
569 2541 702 2576 Cicero

35 2597 212 2634 Tusculi.
233 2597 295 2644 IV,
318 2598 384 2642 33,
414 2596 479 2632 ubi
505 2598 559 2633 vir
589 2597 703 2647 fortis

39 2654 263 2704 appellatur.
322 2652 433 2688 Conf.
454 2651 590 2690 Plehn.
611 2655 706 2690 Les-

40 2710 160 2747 biaco.
190 2723 278 2761 pag.
304 2711 382 2749 170
407 2721 528 2760 seqq„
559 2711 625 2760 qui
655 2722 704 2745 ex

42 2779 107 2815 eo,
149 2766 253 2819 quod
283 2764 534 2802 Athenienses
573 2766 705 2802 Alcaei

43 2835 147 2860 arma
173 2825 215 2860 in
242 2823 386 2874 templo
424 2821 703 2872 suspenderint,

755 853 819 877 eos
867 843 965 892 ipsos
1010 840 1278 890 comprobasse
1324 838 1419 884 vult,

755 896 858 934 haud
879 898 986 949 parvi
1016 910 1037 932 a
1068 910 1107 933 se
1138 897 1271 933 Alcaei
1301 897 1424 931 virtu-

755 962 834 991 tem
857 954 1071 991 aestimari:
1095 953 1201 1005 quod
1222 952 1317 989 mihi
1334 953 1422 1004 qui-

756 1010 847 1048 dem
867 1024 945 1047 non
973 1012 1177 1060 persuasit,
1210 1023 1280 1045 nec
1301 1011 1424 1059 magis

755 1069 910 1118 probari
950 1066 1063 1105 video
1094 1065 1306 1104 VVelckero
1338 1066 1364 1101 l.
1395 1067 1423 1102 l.

753 1138 843 1175 pag.
874 1126 942 1164 36.
1000 1125 1178 1175 Namque
1211 1123 1275 1160 vix
1308 1123 1423 1158 aliam

755 1182 804 1218 ob
825 1193 982 1218 causam
1010 1179 1106 1217 haec
1140 1192 1246 1216 arma
1277 1179 1423 1230 (prouti

753 1251 838 1275 mos
870 1238 1034 1287 ferebat)
1065 1237 1221 1273 fuerunt
1241 1249 1423 1287 suspensa

755 1296 802 1333 ab
823 1293 1143 1342 Atheniensibus,
1166 1306 1284 1346 quam
1306 1301 1349 1329 ut
1363 1294 1423 1329 vi-

755 1353 896 1390 ctoriae
912 1350 960 1388 de
980 1352 1136 1399 Alcaeo,
1167 1352 1248 1388 viro
1269 1362 1422 1387 summo

757 1422 801 1446 ac
858 1409 1064 1445 fortissimo
1108 1414 1321 1459 reportatae
1359 1408 1423 1442 in-

754 1467 862 1516 signe
884 1463 1110 1502 exhiberent
1123 1464 1424 1511 documentum,

754 1521 859 1559 unde
891 1535 982 1558 sane
1006 1523 1135 1558 nullus
1165 1523 1205 1558 in
1235 1522 1423 1558 Alcaeum

754 1578 995 1616 redundabat
1014 1578 1149 1615 honos.
1211 1577 1323 1623 Quod
1352 1578 1426 1613 Al-

756 1649 860 1682 caeo,
898 1634 1003 1672 idem
1027 1634 1261 1672 Archilocho
1289 1641 1426 1685 poetae

756 1692 937 1730 accidisse
954 1693 1172 1743 accepimus
1190 1700 1231 1729 ut
1243 1692 1425 1743 clypeum

758 1751 971 1796 amitteret,
1008 1749 1114 1801 quod
1143 1761 1331 1799 magnum
1352 1747 1426 1784 ha-

756 1808 920 1844 bebatur
952 1805 1120 1843 dedecus
1141 1806 1244 1856 apud
1264 1813 1426 1842 veteres.

758 1864 818 1900 Cf.
838 1863 988 1900 Aelian.
1008 1863 1055 1899 V.
1067 1864 1115 1898 H.
1128 1863 1177 1909 X,
1204 1865 1269 1902 13.
1302 1862 1428 1907 Quem

758 1926 967 1970 utrumque
988 1926 1144 1969 poetam
1156 1920 1349 1955 Imitatum
1366 1930 1429 1954 es-

758 1989 799 2012 se
829 1977 1034 2012 Horatium
1064 1975 1136 2011 Od.
1171 1977 1219 2023 11,
1253 1978 1327 2022 13,
1358 1977 1426 2020 26,

758 2033 844 2069 loco
885 2033 1199 2078 celebratissimo,
1230 2039 1319 2068 sunt
1361 2033 1428 2082 qui

760 2096 939 2126 statuant.
970 2090 1091 2138 Attigi
1109 2090 1150 2124 in
1171 2090 1311 2126 Histor.
1334 2089 1426 2125 Litt.

759 2148 916 2182 Romm.
951 2146 989 2191 ξ.
1034 2143 1114 2186 104
1152 2152 1234 2182 not.
1268 2147 1294 2186 8
1335 2143 1426 2182 edit.

758 2201 916 2240 secund.

815 2261 943 2298 ταῦτα
970 2255 1014 2297 δὲ
1037 2253 1224 2303 Ἀλκαῖος
1255 2257 1297 2296 ἐν
1317 2255 1429 2307 μέλεϊ

757 2312 931 2367 ποιήσας
951 2329 985 2353 κ.
1007 2329 1041 2351 τ.
1060 2315 1113 2362 λ.]
1154 2315 1259 2362 „Ista
1294 2314 1428 2351 lamen-

759 2376 858 2408 tatus
879 2371 929 2408 ad
948 2371 1065 2422 lyram
1085 2371 1258 2418 Alcaeus,
1290 2383 1428 2407 carmen

759 2428 964 2479 Mytilenen
997 2429 1130 2474 mittit,
1178 2429 1229 2464 ad
1272 2427 1427 2465 sodalem

759 2484 1020 2535 Melanippum,
1051 2497 1117 2534 quo
1139 2498 1241 2521 suam
1269 2484 1331 2521 ille
1356 2483 1427 2534 fu-

758 2555 844 2591 gam
891 2541 1132 2589 evulgabat.“
1209 2540 1352 2578 Valck
1365 2553 1424 2577 en.

759 2600 818 2635 De
850 2599 967 2635 verbo
989 2601 1119 2636 ποιεῖν
1140 2600 1299 2634 carmina
1325 2610 1423 2647 pan-

761 2667 862 2704 gere,
891 2655 1038 2691 scribere
1077 2653 1241 2690 vidimus
1276 2652 1325 2689 ad
1359 2653 1425 2700 III,

761 2713 839 2757 383
861 2710 909 2748 ad
929 2723 1066 2747 vocem
1087 2709 1202 2759 μέλος
1223 2709 1317 2760 (qua
1338 2709 1428 2758 lyri-

762 2780 837 2804 cam
874 2769 992 2818 poesin
1031 2767 1190 2802 indicari
1228 2767 1426 2802 neminem

759 2824 876 2874 fugit)
898 2824 1000 2865 conf.
1020 2825 1067 2870 ΙΙ,
1093 2823 1172 2862 135
1202 2829 1238 2859 et
1269 2821 1317 2859 de
1345 2822 1427 2859 for-

1046 2881 1096 2919 13
1118 2876 1143 2900 ’ὲ
