1834 3258
445 242 924 288 POLYMNIA.
982 251 1090 291 VII.

1317 260 1402 302 497

128 346 207 401 τὴν
252 348 362 400 πρός
397 354 479 393 τοῦ
515 350 731 403 Εὐξείνου
770 354 948 402 Πόντου
990 360 1201 418 ἑξήκοντά
1238 380 1284 408 τε
1324 369 1401 412 καὶ

128 416 396 469 τριηκοσίας,
437 415 523 462 ὑπὸ
555 420 602 463 δὲ
630 421 710 477 τὴν
738 421 891 481 ἑτέρην
912 433 1292 485 τεσσερεσκαίδεκα
1323 437 1398 480 καὶ

124 485 386 537 τριηκοσίας,
417 490 499 529 τοῦ
518 487 599 543 μὲν
611 487 790 534 Πόντου
825 492 1095 552 ἐπικαρσίας,
1125 503 1206 543 τοῦ
1237 501 1283 545 δὲ
1308 499 1398 548 Ἑλ-

64 635 166 690 πρὸς
206 644 280 681 τοῦ
332 641 532 694 Εὐξείνου
573 647 726 692 πόντου

64 696 186 733 valet:
218 698 368 740 Pontum
394 703 583 744 Euxinum
607 720 725 747 versus

63 764 93 788 s.
106 753 156 790 acl
175 753 326 794 Pontum
337 764 498 809 spectans
515 777 524 810 ς
557 777 632 815 quo
655 779 724 803 eo-

62 807 152 845 dem
170 812 288 850 modo
309 813 410 867 πρός
428 819 476 866 Π,
498 822 641 870 99.1V‚
655 825 721 872 37,

60 866 126 902 ubi
147 869 249 906 conf.
273 878 369 912 nott.

114 926 189 963 τοῦ
208 923 280 975 μὲν
301 924 458 969 Πόντου
477 928 721 984 ἐπικαρσίας,

57 980 131 1017 τοῦ
183 980 227 1020 δὲ
271 981 570 1036 ιἙλλησπόντου
621 989 720 1030 κατὰ

56 1031 184 1086 ῥ’όον]
217 1039 321 1084 Quae
341 1043 456 1079 verba
476 1045 528 1081 sic
549 1046 721 1096 pleniora

53 1093 327 1148 intellectuque
362 1099 533 1137 faciliora
558 1102 717 1141 reddas:

53 1146 136 1189 ’ὑπὸ
155 1148 228 1201 μὲν
253 1150 327 1204 τήν
349 1153 547 1208 (γεφύρην
565 1155 583 1210 )
623 1157 719 1212 πρὸς

52 1207 127 1244 τοῦ
146 1204 309 1248 Πόντου
345 1210 599 1264 (φέρουσαν)
629 1215 717 1256 ἐπι-

52 1264 220 1312 καρσίας
242 1262 330 1317 (τοὶς
347 1267 440 1316 νέας
461 1271 713 1321 συνθέντες),

49 1316 130 1359 ὕπὸ
146 1318 188 1360 δὲ
209 1321 283 1373 τήν
315 1322 452 1378 ἑτέρην
485 1325 713 1381 (γεφύρην)

50 1372 124 1426 τήν
170 1376 272 1429 πρός
309 1384 383 1420 τοῦ
424 1381 713 1436 Ἑλλησπόντου

49 1430 149 1471 κατοέ
185 1430 284 1485 ῥόον
315 1438 386 1485 τοὶς
420 1438 513 1487 νέας
539 1442 714 1483 συνθέν-

48 1503 122 1538 τες,
180 1492 247 1528 ubi
278 1496 518 1543 potissimum
558 1502 713 1551 quaeri-

47 1551 129 1593 tur,
157 1560 234 1600 quo
261 1563 375 1588 sensu
411 1555 546 1591 Noster
574 1570 709 1595 vocem

45 1601 278 1656 ἐπικαρσίας
289 1612 487 1659 acceperit,
509 1613 613 1651 cuius
623 1615 709 1652 loco

45 1660 208 1698 Tzetzes
243 1662 292 1700 ad
319 1666 514 1717 Lycophr.
541 1669 649 1711 1432
668 1686 707 1723 p.

50 1718 156 1758 1036
193 1720 303 1758 Mijll.
334 1721 506 1761 exhibuit
525 1729 708 1779 πλαγίας.

49 1772 286 1814 Transversas
304 1791 420 1817 naves
451 1781 620 1835 indeque
651 1793 708 1823 et-

43 1828 123 1866 iam
141 1844 303 1870 numero
317 1836 441 1884 plures
451 1840 584 1888 prioris
605 1855 707 1891 pon-

40 1886 86 1922 tis
106 1887 292 1926 intellexit
308 1892 556 1945 Wesseling.,
577 1906 707 1947 poste-

40 1943 148 1980 rioris
168 1947 293 1995 pontis
309 1960 425 1986 naves
446 1950 604 1990 directas
626 1954 706 2003 (se-

40 1998 213 2037 cundum
239 2002 419 2055 fluvium)
449 2014 486 2044 et
505 2017 705 2061 propterea

38 2058 248 2105 pauciores.
288 2061 417 2105 Quum
435 2077 526 2101 vero
546 2069 705 2105 navium

38 2118 250 2152 transverse
281 2119 556 2158 collocatarum
575 2125 703 2162 minor

37 2177 139 2207 certe
147 2184 330 2211 numerus
342 2188 419 2212 esse
431 2176 567 2216 debeat
584 2194 701 2232 quam

38 2238 182 2275 earum,
200 2242 298 2281 quae
318 2233 486 2271 secundo
506 2236 622 2274 fluvio
636 2252 700 2275 re-

36 2290 119 2320 ctae
150 2293 257 2324 erant
287 2290 444 2338 positae,
476 2293 636 2331 Rennel.
657 2309 696 2347 p.

35 2337 117 2379 430
146 2354 251 2394 seqq.
277 2346 362 2382 coll.
393 2348 513 2385 Kruse
545 2349 700 2398 (Ueber

33 2395 222 2435 Herodots
240 2401 434 2441 Ausmess.
464 2404 502 2442 d.
523 2407 636 2447 Pont.
656 2423 696 2460 p.

33 2453 87 2492 89
103 2455 201 2505 seq.)
225 2469 269 2493 eo
291 2458 378 2505 abit,
399 2467 441 2497 ut
456 2464 696 2516 priorispon-

31 2509 77 2545 tis
116 2522 232 2548 naves
266 2525 287 2549 a
317 2522 418 2552 recta
444 2518 566 2568 linea,
617 2523 694 2574 quei

30 2568 245 2615 posterioris
265 2573 389 2619 pontis
404 2586 518 2612 naves
548 2580 692 2628 positae

32 2630 158 2671 erant,
189 2626 365 2663 nonnihil
387 2628 434 2665 ad
453 2631 550 2669 latus
572 2633 692 2672 decli-

27 2682 203 2718 naverint
260 2683 414 2735 oblique
471 2689 691 2730 collocatae.

30 2733 107 2773 Nos
127 2736 287 2776 dicimus
307 2741 466 2791 scleraeg.
523 2746 575 2782 At
596 2760 692 2785 con-

31 2795 88 2828 tra
117 2795 348 2833 Rennelium
375 2799 453 2835 iam
482 2809 583 2839 recte
602 2817 691 2842 mo-

31 2849 114 2885 nuit
131 2851 307 2890 Bredow.
331 2854 441 2901 (ibid.
450 2869 539 2908 pag.
551 2858 634 2902 432
649 2862 689 2899 in

87 2906 308 2948 Hmionor.
328 2912 397 2950 111.

782 662 875 694 nota
895 659 1083 709 subiecta)
1115 660 1348 715 ἐπικαρσίας
1358 666 1451 716 νέας

781 725 860 750 non
883 716 972 752 alias
1000 716 1074 754 dici
1102 732 1211 769 posse
1232 723 1305 759 nisi
1329 727 1450 762 trans-

781 782 901 808 versae
933 786 1022 823 quae
1053 778 1212 814 steterint
1239 777 1359 829 (queer
1386 794 1450 831 ge-

778 838 847 875 gen
880 828 947 866 den
978 829 1147 882 Strom),
1179 848 1268 872 cum
1297 837 1449 876 alterius

779 886 904 933 pontis
947 899 1063 925 naves
1103 892 1254 929 secundo
1294 895 1449 944 flumine

781 937 886 989 (dem
932 941 1050 982 Strom
1080 947 1258 997 entlang)
1303 950 1447 989 fuerint

777 998 935 1046 positae.
957 1002 1036 1038 Nec
1057 1014 1149 1039 sane
1170 1004 1351 1056 equidem
1370 1006 1446 1045 ha-

778 1053 863 1099 beo,
887 1068 963 1106 quo
985 1059 1059 1095 alio
1079 1058 1197 1097 modo
1214 1075 1337 1114 eoque
1358 1077 1446 1102 me-

775 1109 861 1146 liori
889 1110 985 1149 haec
1006 1128 1220 1166 exponam3
1254 1133 1326 1157 nec
1351 1135 1443 1159 vero

775 1179 865 1202 cum
874 1168 1078 1208 Bredowio
1095 1170 1274 1212 historiae
1293 1185 1443 1227 patrem

774 1223 830 1258 rei
849 1227 993 1263 navalis
1026 1230 1155 1267 minus
1183 1233 1352 1281 peritum
1380 1234 1443 1272 di-

772 1280 910 1328 xerim,
932 1289 975 1320 ut
997 1286 1063 1335 qui
1082 1283 1122 1323 h.
1151 1287 1178 1325 l.
1200 1290 1297 1326 mira
1319 1304 1441 1344 eaque

771 1337 933 1374 minime
954 1340 1026 1377 sibi
1047 1355 1216 1382 consona
1228 1346 1441 1388 tradiderit.

769 1393 952 1432 Exoritur
972 1398 1076 1436 enim
1103 1398 1167 1437 hic
1198 1404 1440 1452 potissimum

770 1462 814 1486 ea
836 1454 1006 1502 quaestio
1019 1484 1028 1502 ,
1061 1458 1127 1508 qui
1146 1458 1292 1497 factum
1312 1463 1371 1510 sit,
1395 1470 1439 1501 ut

768 1507 809 1542 in
828 1509 946 1557 priori
963 1519 1083 1561 ponte
1107 1514 1235 1564 plures
1266 1530 1438 1556 comme-

766 1573 966 1603 morentur
1004 1581 1140 1617 naves,
1179 1573 1221 1609 in
1270 1587 1346 1626 quo
1386 1578 1436 1614 ob

766 1621 892 1671 ipsum
920 1625 1079 1663 navium
1105 1628 1222 1666 situm
1241 1637 1436 1670 transver-

765 1690 852 1714 sum
871 1681 1069 1729 pauciores
1102 1684 1217 1723 fuisse
1239 1690 1433 1728 existimes

765 1747 884 1785 quam
908 1737 950 1774 in
991 1742 1203 1789 posteriori.
1272 1745 1343 1782 Cui
1380 1748 1434 1784 ita

764 1794 914 1829 occurri
939 1807 1050 1845 posse
1080 1798 1283 1837 arbitratur
1310 1804 1432 1840 Kruse

763 1848 788 1883 l.
810 1849 836 1884 l.
866 1863 956 1900 pag.
995 1854 1047 1892 93
1073 1867 1201 1906 seqq.,
1239 1864 1283 1894 ut
1300 1867 1432 1909 poste-

762 1905 905 1942 riorem
941 1915 1101 1957 pontem
1137 1918 1428 1966 penteconteris,

764 1960 868 2011 quod
897 1965 1057 2000 navium
1085 1966 1158 2004 fuit
1189 1981 1309 2018 genus
1340 1973 1429 2010 lon-

761 2017 846 2066 gius
863 2024 977 2070 atque
988 2021 1111 2070 latius,
1122 2025 1290 2074 priorem
1300 2029 1427 2070 Ponto

762 2074 967 2112 obversum
1009 2079 1249 2130 triremibus,
1298 2087 1427 2125 minus

758 2129 882 2181 longis
903 2132 1064 2185 latisque
1084 2138 1257 2186 navibus,
1281 2145 1426 2180 consti-

757 2187 844 2223 tisse
864 2201 1067 2239 ponamus.
1122 2194 1297 2246 Accedit,
1320 2200 1424 2251 quod

755 2244 860 2293 prior
888 2259 985 2296 pons
1013 2247 1170 2288 forsitan
1199 2266 1283 2290 non
1320 2264 1423 2295 recta

755 2300 860 2337 linea
884 2303 932 2340 ab
962 2317 1041 2342 uno
1072 2305 1123 2344 ad
1152 2309 1315 2349 alterum
1335 2313 1422 2352 litus

757 2364 854 2394 esset
893 2358 1050 2409 ductus,
1099 2364 1167 2402 sed
1210 2365 1421 2408 directione

754 2416 877 2465 magis
895 2417 1061 2470 obliqua,
1074 2420 1126 2457 ita
1146 2428 1190 2459 ut
1207 2437 1420 2477 sanequam

752 2470 904 2521 longior
934 2482 1029 2512 esset
1068 2477 1188 2515 altero
1214 2489 1331 2530 ponte
1349 2496 1419 2534 per

749 2527 893 2565 lineam
915 2528 1099 2569 directam
1115 2532 1229 2573 ducto
1249 2538 1416 2592 indeque

751 2585 866 2621 etiam
884 2589 1124 2636 paucioribus
1134 2594 1295 2632 navibus
1315 2603 1416 2633 stru-

750 2647 825 2678 cto.
883 2643 995 2687 Quod
1024 2659 1045 2682 e
1063 2648 1193 2685 tabula
1214 2653 1291 2687 aeri
1315 2653 1415 2690 iuci-

748 2709 802 2744 sa,
823 2710 942 2749 quam
963 2702 1120 2740 Krusius
1141 2704 1291 2751 adiecit,
1313 2709 1414 2760 opti-

747 2766 811 2789 me
830 2755 991 2807 intelligi
1009 2766 1142 2808 potest.
1186 2763 1321 2814 Neque
1340 2766 1413 2810 ali-

747 2815 805 2846 ter
825 2812 1010 2860 placuisse
1038 2814 1151 2853 video
1172 2818 1262 2855 Viro
1290 2821 1411 2862 Prae-

745 2867 980 2907 nobilissimo
1010 2882 1054 2908 ac
1073 2872 1299 2914 Doctissimo
1311 2907 1322 2926 ,
1341 2879 1411 2916 Li-
