1834 3258
432 241 907 279 POLYMNIA.
966 240 1068 277 VII.

115 351 241 403 πόλις
280 350 352 394 καὶ
383 351 584 404 Πίλωρος
626 349 699 392 καὶ
740 349 905 404 Σίγγος
941 347 1014 391 καὶ
1055 344 1209 402 Σάρτη
1239 347 1380 402 οἴκην·

1295 239 1379 279 618

115 433 207 464 ται·
236 419 456 467 ἐνθεῦτεν,
488 416 544 468 ὦς
572 418 644 460 καὶ
674 417 721 461 ἐκ
741 416 933 460 τουτέων
950 419 1039 458 τῶν
1054 416 1223 458 πολίων
1249 427 1373 468 στρα-

115 486 211 543 τιήν
247 487 486 542 παρέλαβε,
525 486 644 529 ἔπλεε
688 482 917 539 ἀπιέμενος
954 484 997 534 ἐς
1034 483 1111 526 τὸν
1159 486 1377 564 Θερμαῖον
1433 478 1632 539 Rqecybema

86 554 294 598 Ξκόλπον.
339 552 548 610 κάμπτων
588 553 633 597 ὁὲ
651 551 894 610 Ἄμπελον,
923 550 1002 608 τήν
1037 551 1292 607 Τοοωναίην
1333 549 1373 593 ἄ-
1388 556 1432 592 75

60 749 204 802 Σίγγος
222 749 334 798 urbs,
385 748 487 787 unde
508 749 609 787 sinus
631 748 718 787 Sin-

57 808 201 855 giticus,
221 807 374 858 reliquis
395 806 541 858 oppidis
559 806 622 843 hic
631 820 718 843 me-

58 864 211 900 moratis
243 864 468 914 praestitisse
495 863 666 910 videtur,
687 863 719 900 si

58 919 216 972 quidem
262 927 412 971 praeter
449 922 717 958 Ptolemaeum

57 975 305 1028 Thucydides
325 990 491 1029 quoque,
501 978 546 1025 V,
561 981 611 1019 18
631 990 718 1013 me-

56 1040 181 1070 moret
202 1035 427 1086 Σιγγαίους.
468 1035 568 1080 Quin
589 1041 716 1071 vetere

56 1091 97 1126 in
133 1091 377 1140 inscriptione
411 1090 514 1142 apud
541 1089 713 1129 Boeckh.

56 1149 97 1183 in
115 1148 303 1197 Inscriptt.
318 1147 431 1198 Corp.
452 1149 470 1183 I
488 1161 526 1198 p.
543 1146 623 1187 304
645 1160 715 1184 oc-

45 1205 173 1254 ,currit
194 1203 333 1252 Singas
352 1205 453 1244 urbs.
476 1227 527 1232 -
567 1205 629 1240 Ex
656 1202 714 1240 his

57 1267 187 1297 autem
235 1261 445 1298 civitatibus
483 1262 632 1298 Xerxes
668 1273 713 1297 eo

57 1330 133 1369 quo
153 1330 266 1368 supra
294 1317 460 1355 diximus
479 1317 619 1366 modo,
651 1330 717 1355 co-

54 1376 135 1426 pias
155 1376 342 1412 assumsit.

112 1441 223 1482 ἔπλεε
243 1437 457 1494 ἀπιέμενος
476 1441 517 1490 ἐς
539 1437 606 1481 τὸν
620 1442 715 1493 Θερ-

56 1502 175 1550 μαῖον
192 1496 362 1548 κόλπον]
388 1500 413 1536 i.
432 1513 466 1536 e.
489 1499 614 1536 classis
623 1511 707 1548 pro-

51 1569 134 1607 pero
154 1568 260 1593 cursu
280 1557 394 1593 tendit
412 1570 442 1594 s.
462 1558 575 1593 tenuit
595 1557 711 1592 sinum

59 1612 313 1650 Thermaicum.
364 1613 487 1651 Verbo
517 1608 712 1651 ἀπίεσθαι

54 1677 142 1706 sunt
170 1671 236 1722 qui
276 1670 487 1720 properandi
514 1670 713 1706 notionem

53 1727 231 1774 tribuant,
253 1740 343 1763 cum
363 1727 426 1763 alii
435 1727 621 1777 accipiant
626 1738 712 1775 pro-

44 1783 176 1834 ficisci,
199 1784 309 1834 abire.
358 1784 572 1821 Gronovius
592 1784 713 1819 inter-

54 1847 220 1890 pretatus
241 1847 321 1877 erat
339 1841 425 1878 velis
443 1842 627 1878 immittere
642 1839 713 1875 ha-

55 1897 170 1934 benas.
208 1898 254 1932 In
275 1895 504 1948 quibusdam
525 1895 637 1933 codd.
655 1901 714 1931 et-

54 1954 133 1989 iam
163 1959 284 1989 exstat
322 1948 568 2002 ἆπικόμενος
616 1954 713 2001 (pro

57 2005 296 2059 ἀπιέμενος)
314 2039 324 2057 ,
356 2008 460 2061 quod
478 2021 558 2045 non
580 2007 715 2058 displi-

57 2072 117 2103 cet
152 2066 421 2116 Wesselingio.
491 2065 594 2101 Infra
632 2064 714 2112 VII,

60 2124 139 2163 138
170 2129 225 2159 est
244 2123 395 2162 κατίετο
413 2128 449 2158 et
467 2123 536 2168 IX,
559 2123 613 2161 78
635 2119 715 2159 ἰἐτο

57 2180 100 2227 (ἰ.
130 2192 163 2216 e.
191 2181 288 2229 ivit).
346 2177 410 2215 Ad
444 2184 715 2229 argumentum

57 2236 131 2272 loci
159 2234 253 2272 haec
284 2242 396 2272 tene:
431 2236 554 2272 classis
574 2235 714 2271 fossam

57 2305 125 2343 per
151 2291 283 2329 Athon
305 2299 480 2329 montem
500 2304 618 2357 prope
639 2291 714 2328 Sa-

58 2362 148 2386 nam
169 2348 324 2386 ductam
342 2356 574 2399 transgressa
602 2349 642 2384 in
663 2349 717 2385 si-

58 2419 153 2442 num
165 2406 395 2455 Singiticum
415 2405 580 2453 devenit,
600 2418 714 2457 quem

61 2475 214 2499 emensa
234 2469 270 2498 et
289 2463 595 2513 promontorium
616 2462 717 2498 Am-

61 2520 192 2570 pelum
217 2519 421 2570 sinumque
454 2519 716 2556 Toronaicum

61 2581 340 2626 praetervecta,
381 2575 484 2612 rectit
511 2574 633 2612 tendit
668 2574 717 2611 ad

61 2633 234 2668 Pallenes
267 2632 572 2682 promontorium
592 2632 719 2668 Cana-—

63 2696 248 2735 straeum3
269 2687 370 2724 uude
391 2689 430 2724 in
450 2689 577 2725 sinum
589 2686 719 2724 Ther-

65 2747 235 2782 maicum
263 2745 562 2795 septentrionem
590 2756 719 2781 versus

64 2802 148 2840 vela
167 2800 283 2849 dedit,
304 2802 343 2837 in
365 2802 470 2837 cuius
496 2801 630 2836 intimo
659 2814 721 2837 re-

66 2872 170 2897 cessu
198 2871 317 2910 prope
340 2859 377 2896 T
379 2856 554 2896 hermam
574 2857 722 2896 exerci-

1441 350 1522 393 559

1458 401 1681 430 romontorium.

1462 444 1564 470 orone,
1585 435 1678 463 Gale-

1455 478 1516 497 sus.
1537 456 1683 505 Sermyle.

773 755 833 786 tus
861 747 1043 800 pedestris
1091 754 1325 799 exspectaret
1363 747 1435 786 ad-

773 813 946 845 ventum.

829 945 1023 981 καμπτων
1065 927 1108 970 δὲ
1128 926 1334 981 ’Ἄμπελον
1356 944 1433 979 την

779 987 1013 1039 Τορωναίην
1075 984 1240 1040 ἅκοην]
1318 987 1344 1024 i.
1397 999 1432 1023 e.

769 1047 1118 1095 praeternavagans
1191 1046 1433 1094 praetervecta

774 1098 934 1152 (classis)
955 1101 1146 1151 Ampelum.
1193 1101 1276 1146 Quo
1298 1098 1437 1136 eodem

771 1170 885 1194 sensu
895 1154 1088 1209 κάμπτειν
1107 1157 1173 1205 IV,
1190 1156 1259 1198 42.
1274 1155 1435 1204 43.V]],

774 1216 865 1254 193.
902 1216 948 1250 In
968 1214 1107 1265 Ampeli
1126 1214 1435 1265 promontorium

774 1272 879 1307 exire
911 1270 1048 1308 dicitur
1075 1271 1276 1321 peninsula
1311 1269 1435 1307 Sitho-

771 1329 836 1365 nia
866 1341 916 1365 ex
955 1327 1114 1380 Olynthi
1144 1325 1286 1364 isthmo
1315 1327 1436 1362 meri-

773 1383 875 1421 diem
923 1398 1052 1422 versus
1090 1397 1210 1435 prope
1248 1384 1435 1420 Toronen

770 1454 1018 1492 procurrens,
1057 1442 1143 1478 sinu
1178 1441 1365 1490 Singitico
1397 1446 1434 1477 et

770 1499 977 1535 Toronaeo
1009 1499 1189 1550 utrinque
1218 1498 1365 1534 inclusa
1396 1503 1433 1533 et

769 1553 818 1592 ad
838 1554 1093 1603 Chalcidicen,
1115 1561 1158 1592 ut
1168 1553 1329 1602 videtur,
1343 1566 1432 1604 per-

768 1613 906 1649 finens.
963 1613 1065 1648 Mela
1093 1613 1142 1660 II,
1175 1614 1200 1651 3
1227 1612 1263 1656 §.
1287 1613 1307 1650 1
1331 1611 1432 1646 Am-

768 1670 845 1720 peli
873 1670 959 1706 loco
988 1681 1127 1706 vocare
1158 1666 1309 1705 videtur
1336 1666 1430 1704 Der-

768 1728 856 1774 rim,
891 1738 988 1778 quae
1009 1732 1140 1762 tamen
1159 1736 1209 1761 ne
1231 1736 1320 1760 cum
1331 1724 1431 1760 Am-

769 1783 856 1834 pelo
897 1781 1178 1828 confundatur,
1217 1781 1430 1817 Ptolemaei

770 1840 892 1876 obstat
912 1840 1114 1876 auctoritas
1127 1867 1137 1885 ,
1165 1838 1231 1889 qui
1251 1837 1431 1887 Ampelum

771 1903 857 1932 ante
887 1895 1025 1932 Derrim
1047 1902 1083 1931 et
1107 1894 1266 1931 Toronen
1287 1894 1338 1929 sic
1359 1905 1433 1944 po-

769 1953 837 1996 nit,
859 1958 902 1988 ut
931 1952 1162 2002 Singiticum
1189 1948 1360 1986 includat
1380 1950 1433 1986 si-

770 2021 880 2045 num.
939 2008 1075 2045 Strabo
1096 2008 1166 2044 VII
1194 2019 1284 2057 pag.
1306 2008 1386 2046 330
1403 2020 1432 2043 5.

773 2065 855 2105 510
887 2064 1034 2102 Derrim-
1060 2076 1279 2100 memorans
1319 2063 1434 2112 igno-

771 2128 829 2158 rat
848 2121 1040 2171 Ampelum.
1071 2122 1137 2158 Tu
1156 2118 1233 2158 vid.
1255 2117 1433 2156 Tzschu-

771 2176 844 2215 cke
864 2177 912 2215 ad
927 2179 1051 2214 Melae
1075 2179 1099 2214 1.
1120 2178 1147 2214 1.
1178 2183 1274 2213 nott.
1296 2188 1435 2226 exegg.

769 2247 858 2286 pag.
884 2237 976 2283 160,
1006 2235 1072 2286 qui
1102 2247 1124 2270 a
1163 2233 1435 2270 recentioribus

770 2304 815 2328 eo
844 2292 930 2328 loco
959 2305 1061 2328 nunc
1097 2291 1189 2341 poni
1215 2291 1266 2327 ait
1296 2289 1435 2327 Castel-

769 2348 910 2397 Rampo
926 2378 936 2396 ,
977 2347 1082 2400 quod
1101 2354 1229 2384 tamen
1249 2347 1340 2384 alios
1361 2359 1432 2382 au·

771 2412 892 2442 ctores
923 2406 954 2441 si
988 2417 1217 2457 sequamur,
1237 2404 1277 2439 in
1295 2403 1431 2440 veteris

770 2463 952 2499 Toronae
990 2463 1122 2499 locum
1169 2461 1319 2499 cessisse
1355 2472 1431 2510 pu—

769 2517 932 2555 tandum
954 2526 1020 2555 est.
1058 2519 1257 2554 Mannerto
1279 2523 1432 2553 auctore

1436 538 1596 578 Olynthus.
1607 537 1707 565 Sitho-

1434 572 1486 601 nia
1504 571 1599 608 regio.

771 2576 842 2612 Vll
869 2588 959 2625 pag.
980 2573 1060 2615 454
1081 2587 1185 2611 nunc
1221 2573 1432 2624 appellatur
1455 2579 1458 2583 ⁴

780 2632 880 2681 Capo
900 2631 1021 2669 Falso.
1056 2631 1187 2668 Torone
1215 2630 1303 2665 urbs
1334 2629 1432 2664 inter

776 2689 886 2725 urbes
915 2687 964 2725 ad
987 2700 1095 2724 oram
1123 2685 1344 2737 peninsulae
1365 2696 1433 2720 oc—

775 2744 1006 2782 cidentalem
1032 2745 1119 2780 sitas
1147 2742 1317 2778 maxime
1338 2741 1432 2776 emi-

775 2803 859 2838 nuit
885 2811 1105 2850 nomenque
1127 2797 1230 2834 dedit
1249 2797 1347 2834 sinui
1362 2795 1432 2833 ad-

775 2858 925 2906 iacenti,
946 2857 1052 2893 cuius
1070 2855 1111 2892 in
1130 2855 1229 2891 bello
1239 2854 1433 2905 Pelopon-
