1815 3181
419 244 503 284 28ss

395 354 504 408 3τῆς
544 349 726 406 ἦπείρου
763 348 838 392 καὶ
886 345 972 390 οἷπὸ
1012 349 1102 390 τῶν
1136 346 1370 403 μετάλλων.

811 237 1274 276 HERODOTI

1427 346 1475 390 ἐκ
1510 345 1590 401 μέν
1626 361 1676 402 γε

422 423 511 464 τῶν
539 418 587 461 ἐκ
615 420 821 472 Σκαπτῆς
839 415 970 470 ‘'TI-979
1004 419 1093 458 τῶν
1122 416 1316 471 χρυσέων
1344 415 1589 472 μετάλλων,
1627 413 1677 457 τὸ

424 489 582 531 ἐπίπαν
612 482 863 539 ὀγδώκοντα
891 482 1080 526 τάλαντα
1107 481 1306 540 προσήϊε’
1346 484 1392 526 ἐκ
1427 483 1473 526 δὲ
1508 485 1597 524 τῶν
1628 481 1733 524 ἐνΞο

423 554 534 610 αὐτῇ
567 551 719 609 Θάσῳ,
761 550 925 607 ἐλάσσω
954 551 1034 606 μὲν
1060 549 1252 602 τούτων,
1293 549 1438 606 συχνοὶ,
1464 550 1510 593 δὲ
1545 549 1676 601 οὕτω,

423 621 532 664 ὥστε
573 618 624 663 τὸ
663 619 820 663 ἐπίπαν
860 620 1080 672 Θασίοισι,
1132 619 1255 663 ἐοῦσι
1289 621 1470 673 καρπῶν
1501 616 1676 671 ἀτελέσι,

365 819 524 873 quidem
576 819 768 856 frumento
808 815 1023 854 abundabat

365 891 410 914 ac
430 878 517 914 vino
539 875 714 925 egregio3
735 871 902 925 indeque
923 873 1023 911 divi-

364 935 424 970 tiis
455 940 490 969 et
520 933 652 983 opibus
686 930 885 977 excelluit,
925 943 1022 982 qua-

363 1003 457 1026 rum*
486 1002 624 1040 parum
661 999 811 1023 memor
843 986 1022 1023 Archilo—

362 1045 476 1094 chus,
503 1052 546 1082 ut
576 1044 624 1082 ad
643 1042 682 1080 h.
712 1044 738 1079 l.
758 1044 909 1080 monuit
928 1044 1021 1080 Val-

361 1102 475 1139 cken.
496 1104 612 1139 citans
631 1099 772 1137 Athen.
793 1101 868 1136 XII
885 1114 924 1150 p.
938 1101 1019 1141 523

361 1157 535 1196 Eustath.
555 1160 595 1194 in
615 1158 659 1194 Il.
679 1157 767 1193 VIII
786 1170 824 1207 p.
846 1158 938 1203 616,
953 1155 1019 1195 46.

360 1214 545 1252 Plutarch
574 1216 632 1250 De
660 1214 779 1250 Exsil.
820 1225 906 1263 pag.
939 1210 1020 1252 604

360 1273 430 1320 B.‚
478 1273 518 1308 in
548 1271 775 1308 carminibus
805 1271 880 1305 suis
910 1266 1021 1305 Tha-

361 1342 448 1366 sum
469 1327 675 1379 despicatui
694 1325 839 1362 habuit.

420 1384 464 1424 ἐκ
495 1384 566 1436 μέν
594 1398 637 1436 γε
662 1398 741 1421 των
770 1381 811 1421 ἐκ
832 1382 1022 1431 Σκαπτῆς

349 1437 480 1491 ”Υλης
499 1456 581 1480 των
604 1437 778 1491 χρυσέων
801 1454 846 1489 με
832 1434 1018 1486 ετάλλων]

361 1499 599 1550 Voculamye
584 1496 785 1547 inprimis
800 1501 911 1544 urget
924 1495 954 1530 Ι
959 1506 1021 1529 ar-

362 1553 464 1593 cher.
487 1553 648 1591 reddens
677 1565 725 1589 au
757 1564 880 1589 moan.
936 1552 1021 1586 Eu-

361 1610 474 1649 stath.
502 1610 549 1647 ad
577 1612 735 1660 Dionys.
765 1609 915 1657 Perieg.
937 1607 1018 1647 517

358 1667 599 1705 Herodotum
629 1668 746 1703 citans
773 1664 927 1701 exhibet
948 1661 1017 1714 μέ-

360 1728 481 1763 ταλλα
518 1725 642 1775 χρυσοῖ
692 1723 868 1772 σκαπτῆς
904 1716 1016 1770 ὕλης.

361 1781 555 1833 Equidem
574 1779 783 1816 Florentini
798 1808 807 1826 ‚
839 1778 1017 1822 aliorum,-

359 1839 500 1874 retinui
518 1838 733 1883 lectionem,
751 1848 866 1886 quam
883 1847 930 1870 ex
939 1845 1017 1869 uno

361 1894 554 1932 Sancrofti
593 1893 688 1929 libro
729 1889 947 1940 Schweigh.
979 1895 1017 1926 et

362 1951 479 1989 Gaisf.
500 1956 698 1986 mutarunt
716 1949 757 1984 in
777 1947 820 1986 ἐν
846 1947 1017 2000 Σκαπτῇ

348 2003 467 2060 Γ’Τλῃ-
525 2007 578 2043 At
606 2005 684 2043 vid.
703 2003 838 2041 Matth.
862 2006 927 2041 Gr.
950 2004 983 2039 G

360 2077 448 2114 pag.
472 2063 566 2104 558.
601 2064 706 2102 1193
728 2062 813 2098 coll.
835 2061 930 2108 562,
951 2060 1017 2111 qui

361 2121 477 2156 etiam
506 2118 553 2155 de
579 2119 705 2154 minus
734 2118 842 2154 solito
880 2117 1020 2154 verbo-

359 2189 449 2212 rum
469 2175 600 2212 ordine
625 2173 847 2211 admonuit:
891 2174 1020 2209 Etiam

361 2231 531 2269 Bekker.
568 2232 721 2267 retinuit
752 2229 794 2269 ἐκ
828 2231 1018 2279 Σκαπτης

361 2285 472 2339 ’ν’λης.
521 2286 637 2337 Apud
658 2284 842 2337 Stephan.
863 2287 956 2336 Byz.
976 2299 1016 2335 p.

362 2348 458 2386 672.
488 2339 756 2393 Σήαπτησύλη
780 2338 894 2387 πόλις
911 2338 1018 2405 Θρά-

361 2417 435 2450 κης
466 2415 607 2452 μικρα,
663 2395 828 2449 α’ντικρῦ
866 2393 1015 2436 Θάσου.

361 2459 436 2494 Ubi
465 2456 697 2494 coniunctim
725 2455 898 2492 smibitm
926 2466 1016 2491 vox,

363 2516 429 2552 Ta
449 2515 584 2551 rectius
604 2526 693 2550 sane
704 2512 840 2549 scribes
852 2506 1016 2560 Σκαπτη

349 2569 475 2622 ”Τλη,
521 2569 638 2607 divisa
668 2567 829 2619 utraque
867 2567 1016 2613 vocula,

363 2641 480 2680 quam
500 2626 572 2664 hoc
585 2638 737 2678 quoque
751 2625 834 2661 loco
855 2624 1019 2660 coniun-

363 2693 464 2722 ctam
485 2683 675 2721 Sancrofti
694 2682 787 2718 liber
802 2680 923 2718 offert.
944 2682 1019 2716 Re-

364 2743 427 2792 gio
448 2743 527 2792 ipsa
548 2739 680 2777 Thaso
700 2739 772 2775 suit
793 2739 963 2789 opposita
978 2740 1018 2773 in

364 2798 595 2845 continenti3
633 2808 707 2849 qua
736 2795 892 2846 posthac
910 2795 1020 2845 potiti

364 2860 450 2892 sunt
470 2853 718 2891 Athenienses
739 2863 931 2904 quamque
960 2858 1020 2889 et-

1076 818 1156 855 iam
1174 817 1227 853 ita
1251 821 1476 863 tenuerunt,
1504 821 1548 852 ut
1575 814 1732 865 singulis

1077 875 1211 911 Atticis
1231 874 1374 910 civibus
1386 872 1551 921 metalla,
1567 883 1733 923 quorum

1079 932 1194 967 etiam
1215 928 1461 981 Thucydides
1491 929 1668 965 meminit
1700 928 1730 974 Ι,

1081 989 1174 1034 100,
1207 999 1393 1038 agrosque
1421 986 1645 1022 concessisse
1672 985 1730 1021 vi·-

1079 1042 1251 1080 deantur.
1310 1043 1409 1080 Satis
1429 1048 1595 1089 constat,
1615 1042 1653 1078 T
1654 1038 1732 1077 hu-

1077 1099 1256 1151 cydidem
1274 1099 1418 1136 ibidem
1430 1097 1634 1150 possedisse
1645 1110 1732 1134 me-

1075 1157 1184 1204 talla,
1219 1169 1316 1207 quae
1337 1157 1384 1193 ab
1404 1169 1523 1192 uxore
1541 1153 1632 1191 hinc
1657 1153 1733 1191 du-

1077 1219 1136 1249 cta
1147 1220 1353 1263 acceperat,
1373 1213 1501 1264 ibique
1515 1213 1629 1248 etiam
1643 1210 1732 1247 diu-

1075 1271 1149 1306 tius
1170 1283 1248 1306 esse
1280 1276 1580 1316 commoratum,
1610 1266 1732 1304 histo-

1077 1327 1155 1362 riae
1174 1326 1394 1363 scribendae
1416 1338 1572 1376 operam
1582 1336 1734 1360 navan-

1077 1389 1171 1419 tem.
1210 1382 1297 1420 Vid.
1321 1383 1530 1419 Marcellin.
1550 1381 1597 1418 V.
1617 1378 1735 1417 Thu-

1078 1438 1164 1490 cyd.
1188 1439 1224 1484 ξ.
1251 1439 1378 1479 19.25
1400 1439 1492 1490 ibiq.
1512 1439 1734 1474 nott.Man-

1076 1503 1174 1533 nert.
1195 1496 1265 1532 VII
1284 1509 1322 1546 p.
1344 1496 1440 1537 235.
1496 1494 1560 1531 Ad
1578 1490 1624 1533 τό
1647 1493 1734 1533 ἐπί-

1076 1567 1157 1591 παν
1177 1552 1278 1589 conf.
1298 1553 1362 1600 IV,
1397 1554 1449 1593 68
1469 1552 1561 1604 ibiq.
1582 1557 1678 1587 nott.
1696 1555 1735 1586 et

1077 1608 1126 1645 ad
1160 1610 1322 1646 verbum
1363 1605 1535 1659 προσήῖἐ
1572 1608 1635 1656 VI,
1668 1607 1736 1647 17.

1074 1666 1168 1702 Mox
1195 1661 1349 1704 τούτων
1385 1663 1474 1701 dedi
1517 1677 1587 1715 pro
1637 1677 1734 1703 του-

1071 1721 1183 1761 τέων.

1131 1777 1242 1817 ἐοῦσι
1260 1779 1427 1828 καρπῶν
1449 1772 1624 1824 ἀτελέσι]
1651 1776 1734 1823 „Et

1073 1835 1257 1871 frumenti
1277 1835 1385 1885 copia
1395 1832 1611 1870 abundabat
1621 1830 1733 1868 Tha-

1073 1905 1135 1928 sus
1156 1899 1193 1928 et
1220 1893 1355 1928 vinum
1377 1903 1532 1942 quoque
1559 1889 1732 1940 inprimis

1072 1949 1220 1985 celebre
1252 1946 1441 1984 Thasium
1480 1953 1570 1983 erat.
1651 1944 1731 1983 Sed

986 2016 1016 2040 r.
1072 2004 1254 2042 videntur
1283 2011 1319 2041 et
1335 2005 1475 2041 fertiles
1496 2002 1732 2040 Thasiorum

1074 2063 1155 2112 agri
1175 2068 1212 2099 et
1239 2062 1367 2098 vineta
1399 2062 1439 2097 in
1459 2060 1629 2112 opposita
1648 2072 1731 2096 con-

1075 2121 1208 2155 tinente
1249 2117 1316 2166 (ἒν
1345 2114 1520 2170 ἠπείρῳ)
1560 2117 1731 2170 11181111118

1073 2175 1208 2221 fuisse3
1239 2175 1430 2225 nempein
1451 2172 1638 2209 Thraciae
1651 2183 1728 2218 ora,

1075 2244 1171 2282 quae
1182 2229 1412 2267 Thasiortun
1422 2230 1512 2266 fuit:
1536 2229 1600 2280 qui
1610 2240 1730 2280 quum

1072 2288 1265 2323 fructuum
1293 2287 1449 2323 nomine
1470 2299 1519 2322 ex
1538 2298 1582 2321 ea
1602 2286 1730 2335 regio-

1073 2357 1123 2380 ne
1142 2349 1409 2393 perceptorum
1438 2355 1509 2379 nec
1529 2341 1728 2378 Thracum

1073 2401 1223 2450 regibus
1252 2412 1322 2436 nec
1351 2400 1473 2435 Persis
1492 2398 1646 2448 vectigal
1668 2397 1728 2434 ul-

1074 2456 1146 2493 lum
1186 2462 1250 2492 aut
1287 2457 1455 2493 tributum
1503 2454 1726 2506 penderent,

1073 2511 1183 2551 ἐοῦσι
1199 2514 1364 2564 καρπῶν
1394 2507 1562 2559 οἷτελὲσι,
1596 2509 1645 2547 ad
1664 2523 1728 2546 re-

1074 2567 1192 2616 ditus,
1224 2581 1318 2620 quos
1346 2582 1395 2605 ex
1423 2569 1584 2605 metallis
1602 2567 1728 2618 perci-

1074 2625 1239 2676 piebant,
1259 2626 1414 2676 insig'nis
1436 2625 1636 2677 quotannis
1658 2636 1730 2660 cu-

1073 2682 1199 2718 mulus
1220 2695 1268 2719 ex
1285 2695 1473 2732 ‘agrorum
1491 2682 1650 2718 istorum
1667 2679 1729 2717 vi-

1073 2745 1327 2790 netorumque
1354 2744 1542 2790 proventu
1568 2737 1641 2774 illis
1661 2748 1729 2772 ac-

1075 2794 1280 2834 cedebat.“
1330 2796 1388 2834 Sc
1404 2793 1598 2843 hweigh.
1645 2793 1727 2829 Nec

1074 2853 1180 2889 aliter
1190 2851 1229 2890 h.
1237 2853 1263 2890 l.
1275 2854 1394 2905 accipi
1402 2850 1512 2892 video
1522 2863 1544 2888 a
1552 2846 1727 2887 Boeckh.
