1870 3249
355 205 1013 245 TERPSICHORE.
1075 206 1122 242 V.

1318 205 1376 244 55

119 316 294 375 ρ’ωδέων
323 315 369 359 δὲ
407 313 576 358 τούτων
605 314 785 368 ἕκαστα,
824 312 1080 370 ἐβουλεύετο
1120 311 1369 357 ἀπόστασιν.

111 385 342 431 συνέπιπτε
389 381 473 439 γαρ
519 382 593 426 καὶ
639 382 718 426 τόν
762 381 1012 437 ἐστιγμένον
1060 380 1140 438 τήν
1177 381 1374 438 κεφαλὴν

110 453 291 508 ἀπῖχθαι
333 451 380 494 ἐκ
417 450 628 494 Σουσέων
669 450 787 506 παροέ
821 448 1049 502 Ἱστιαίου,
1097 451 1367 507 σημαίνοντα
1423 451 1503 490 389

107 520 372 564 ἀπίστασθαι
422 517 709 576 Ἀρισταγόρῃ

768 515 856 561 ἀπὸ
903 521 1116 576 βασιλέος.
1187 517 1237 562 Ὁ
1287 518 1370 575 γὰρ

77 587 326 640 3Ἱστιαῖος,
355 586 623 644 βουλόμενος
649 589 712 644 τῷ
738 584 1020 644 Ἀρισταγόρῃ
1043 590 1236 644 σημῆναι
1265 585 1427 630 ἄπο-25

106 661 282 713 στῆναι,
325 656 463 707 ἄλλως
503 657 582 712 μὲν
612 652 817 710 οὕδαμως
856 653 939 711 εἶχε
981 654 1208 711 ἀσφαλέως
1239 658 1372 712 σημῇ-

104 742 201 778 ναι,
243 725 351 770 ὥστε
389 724 759 788 φυλασσομενέων
799 727 889 766 τῶν
927 721 1062 767 ὁδῶν·
1113 722 1135 767 ὁ
1175 724 1244 774 δὲ,
1282 727 1372 767 τῶν

102 793 275 838 δούλων
304 792 384 837 τόν
421 792 687 838 πιστότατον
724 790 1003 847 ἀποξυρήσας
1039 789 1120 848 τὴν
1157 790 1369 849 κεφαλὴν,

79 861 270 914 4ἔστιξε,
308 861 383 905 καὶ
422 860 619 917 ανέμεινε
660 860 886 916 ἀναφῦναι
922 859 1000 910 τοὶς
1037 860 1197 915 τρίχας.
1236 877 1295 917 ως
1324 862 1371 904 δὲ

103 928 331 986 ἀνέφυσαν
358 928 557 985 τάχιστα,
598 928 819 985 ἀπέπεμπε
849 929 892 980 ές
921 930 1146 984 Μίλητον,
1187 927 1427 972 έντειλά-ὃο

102 1013 235 1053 μενος
266 995 386 1055 αὐτῷ
415 995 521 1040 ἄλλο
550 998 631 1052 μὲν
661 996 814 1051 οὐδὲν,
858 996 987 1041 ἐπεὰν
1018 997 1063 1040 δὲ
1093 995 1297 1052 ἀπίκηται
1324 996 1370 1048 ἐς

102 1067 315 1122 Μίλητον,
344 1063 535 1109 κελεύειν
559 1063 874 1123 Ἀρισταγόρην
904 1063 1154 1121 ξυρήσαντά
1190 1080 1266 1119 μιν
1295 1063 1370 1115 τὰς

99 1134 247 1188 τρίχας
276 1134 530 1177 κατιδέσθαι
560 1133 602 1185 ές
639 1134 719 1191 τὴν
747 1133 960 1190 σἰεφαλήν.
999 1131 1053 1176 τοὶ
1083 1131 1130 1176 δὲ
1159 1133 1370 1188 στίγματα
1390 1133 1400 1140 “

101 1201 328 1257 ἐσήμαινε,
361 1202 420 1252 ὦς
449 1202 522 1245 καὶ
550 1200 767 1257 πρότερόν
796 1219 872 1258 μοι
904 1204 1084 1258 εἴρηται,
1116 1198 1367 1244 ἀπόστασιν.

71 1277 92 1311 5
111 1269 257 1314 Ταῦτα
287 1270 335 1314 δὲ
364 1269 390 1314 ὁ
415 1268 614 1322 Ἱστιαῖος
644 1271 803 1320 ἐποίεε,
845 1269 1085 1352 συμφορην
1111 1267 1424 1325 ποιεύμενος35

100 1337 290 1394 μεγάλην
338 1338 419 1394 τὴν
459 1339 632 1382 ἑωυτοῦ
677 1355 868 1395 κατοχην
916 1336 997 1394 τὴν
1034 1337 1083 1380 έν
1119 1337 1366 1381 Σούσοισι·

101 1403 364 1457 ἀποστάσιος
400 1409 463 1450 ὠν
492 1406 746 1463 γινομένης,
786 1404 951 1457 πολλᾶς
980 1403 1063 1462 εἶχε
1094 1406 1268 1457 ελπίδας
1297 1421 1367 1460 με·

97 1472 310 1530 τήσεσθαι
339 1473 407 1517 ἐπὶ
436 1473 688 1525 θάλασσαν’
726 1475 783 1532 μὴ
814 1475 861 1519 δὲ
890 1473 1106 1530 νεώτερόν
1143 1491 1185 1518 τι
1223 1472 1367 1517 ποιεύ-

40 1661 106 1686 νοι
137 1660 171 1684 s.
210 1643 483 1701 α’πολεόμενοι.
521 1650 587 1697 ΙΠ,
621 1651 701 1690 132

41 1710 78 1740 et
104 1703 240 1741 Matth.
272 1707 338 1743 Gr.
370 1707 436 1743 Gr.
471 1719 561 1756 pag.
603 1707 699 1747 928.

38 1761 210 1798 Plurima
235 1763 444 1814 Bergman.
487 1770 523 1799 et
552 1765 700 1799 Bense-

38 1818 95 1854 ler
125 1817 173 1855 ad
202 1820 357 1857 Isocrat.
385 1821 577 1871 Areopag.
609 1831 697 1870 pag.

40 1875 135 1914 229.
156 1877 252 1915 230.

96 1973 164 2013 καὶ
182 1971 252 2014 τόν
287 1973 514 2027 ἐστιγμένον
536 1973 611 2026 τήν
631 1991 699 2016 κε-

41 2030 177 2081 φαλήν
201 2027 397 2081 α’πῖχθαι]
440 2033 607 2070 Servum
637 2035 700 2069 in-

39 2089 186 2138 telligit,
213 2090 319 2125 cuius
340 2096 454 2139 caput
476 2103 605 2126 rasum
624 2103 699 2126 no-

39 2145 84 2181 tis
113 2147 192 2182 sive
222 2147 339 2196 signis
369 2145 598 2196 quibusdam
629 2145 695 2183 de-

37 2202 242 2238 fectionem
263 2215 284 2238 a
304 2203 426 2239 Persis
443 2203 697 2240 iudicantibus

39 2257 259 2296 distinctum
274 2266 365 2295 erat.
403 2260 465 2296 Ex
485 2259 695 2308 Herodoto,

38 2322 81 2352 ut
115 2317 267 2352 monuit
299 2314 574 2364 Valckenaer.,
613 2330 696 2353 rem

38 2373 213 2422 exposuit
233 2374 367 2411 TzetZ.
390 2371 489 2410 Chii.
509 2375 575 2420 III,
598 2374 693 2415 512.

37 2430 105 2476 ΙΧ,
135 2431 216 2470 228
245 2443 324 2482 seq.
354 2430 524 2482 itemque
548 2431 698 2467 Aeneas

36 2486 215 2522 Tacticus
243 2487 282 2522 in
312 2487 475 2523 Poliorc.
507 2490 582 2534 313
624 2488 697 2524 alio

38 2555 87 2579 ex
111 2542 217 2578 fonte
243 2542 396 2580 fluxisse
415 2543 566 2580 videtur
586 2544 699 2581 Gellii

36 2600 201 2635 narratio
231 2600 357 2636 Noctt.
391 2600 470 2637 Att.
501 2600 621 2647 XVII,
655 2603 695 2640 9.

37 2656 232 2707 Polyaeno
261 2657 291 2703 I,
321 2655 385 2697 24-
406 2657 438 2694 si
466 2655 580 2702 fides,
618 2655 694 2693 hu-

36 2711 200 2750 iusmodi
228 2719 343 2749 notae
368 2713 447 2759 sive
475 2714 606 2750 literae
627 2726 695 2750 ca-

37 2770 106 2820 piti
134 2768 290 2806 fuerunt
315 2769 534 2820 inscriptae:
572 2768 692 2809 Ἰστι-

38 2829 124 2873 αῖος
130 2821 382 2880 Ἀρισταγόρᾳ
392 2838 400 2847 ·
411 2820 574 2866 Ἰωνίαν
585 2822 691 2866 α’πό-

763 1661 921 1699 στησον.
950 1669 1000 1677 —
1031 1650 1078 1685 111
1098 1661 1207 1700 seqq.
1229 1646 1278 1684 ad
1306 1647 1422 1685 verba

759 1703 885 1752 ἄλλως
917 1703 990 1756 μὲν
1019 1701 1208 1756 ου’δαμῶς
1245 1719 1280 1743 κ.
1313 1720 1346 1742 τ.
1387 1707 1420 1742 λ.

757 1763 858 1800 conf.
878 1761 1014 1799 Matth.
1028 1764 1094 1799 Gr.
1110 1763 1176 1799 Gr.
1197 1774 1285 1812 pag
1300 1763 1420 1807 1262,

756 1833 874 1872 quem
895 1818 1062 1855 eundem
1081 1831 1170 1869 pag.
1195 1817 1302 1857 1225
1323 1828 1419 1853 con-

754 1877 825 1913 sul.
857 1875 904 1912 de
934 1889 1029 1912 voce
1059 1872 1172 1913 ὥστε.
1220 1871 1323 1909 Add-

758 1931 826 1972 94.
868 1933 926 1967 De
942 1938 1130 1968 structura
1155 1930 1263 1968 verbi
1283 1873 1419 1980 ξυρεῖἸν

758 1995 795 2024 et
833 1984 1048 2039 α’ποξυρεῖν
1087 1987 1165 2025 vid.
1193 1985 1286 2023 ibid.
1328 1999 1417 2036 pag.

757 2047 839 2085 772
860 2052 897 2081 et
917 2043 963 2081 de
984 2051 1170 2081 structura
1189 2043 1296 2080 verbi
1318 2039 1418 2082 ἅνα-

756 2099 889 2152 μένειν
909 2100 1000 2138 ibid.
1021 2114 1110 2152 pag.
1139 2099 1259 2141 1056-

809 2205 932 2241 ταῦτα
952 2201 995 2243 δὲ
1018 2202 1043 2243 ό
1058 2202 1244 2248 Ἱστιαῖος
1264 2201 1412 2251 ἐποίεε]

752 2261 850 2297 Tres
861 2261 947 2297 libri
959 2259 1132 2311 ἐποίησε.
1161 2259 1304 2297 Similis
1319 2271 1415 2296 con-

750 2318 849 2353 fusio
888 2318 934 2365 V,
969 2321 1023 2359 ⁷11
1067 2317 1134 2354 fin.
1193 2316 1415 2367 „Spectavit

750 2372 846 2411 haec
873 2375 1034 2410 Nomius
1064 2375 1104 2410 in
1125 2374 1301 2423 Gregorii
1323 2373 1414 2410 Ste-

754 2431 810 2467 lit.
840 2431 876 2466 II
904 2444 943 2481 p.
979 2432 1097 2470 162.“
1156 2429 1412 2480 Gaissord.

755 2487 867 2532 Quod
887 2488 1058 2539 sequitur
1087 2483 1302 2538 συμφορὴν
1321 2501 1412 2526 ποι-

756 2539 926 2595 εύμενος
939 2573 949 2591 ,
971 2544 1158 2580 illustrant
1173 2542 1222 2580 ad
1241 2544 1286 2590 V,
1300 2543 1323 2583 5
1338 2555 1410 2579 no-

753 2607 844 2637 tata.
911 2599 974 2637 Ad
1006 2601 1121 2638 verba
1151 2595 1340 2649 νεώτερὸν
1373 2614 1410 2638 τι

750 2651 944 2707 ποιεύσης
966 2657 1067 2694 conf.
1089 2664 1183 2694 nott.
1196 2656 1243 2693 ad
1262 2658 1327 2699 ΠΙ,
1341 2658 1407 2696 62.

749 2713 850 2751 Add.
861 2715 907 2762 V,
919 2716 986 2754 93.
1019 2714 1050 2752 C
1057 2727 1086 2751 r.
1101 2713 1247 2750 confert
1260 2711 1408 2750 Sohae-

748 2771 818 2807 fer.
846 2770 1025 2821 Append.
1066 2769 1114 2806 ad
1142 2770 1257 2807 Bastii
1286 2770 1406 2821 Epist.

748 2827 840 2864 crit.
870 2840 958 2878 pag.
990 2828 1046 2867 29
1079 2833 1116 2863 et
1143 2825 1191 2864 ad
1223 2824 1406 2878 Sophocl.
