1806 3181
278 177 362 218 826
836 178 1187 215 ADDENDA

280 285 331 320 Ad
356 285 431 329 vn,
458 287 522 322 123
546 296 624 330 pag.
648 286 714 320 617
737 285 795 321 lin.
818 286 851 322 4.
899 288 964 321 Pro
1001 287 1188 332 Κροσσαίη
1222 288 1347 334 Negris
1381 289 1592 333 amplectitur
1615 290 1747 324 Pauwii

495 336 530 364 et
555 330 717 363 harcheri
740 332 999 366 emendationem
1022 335 1221 377 Κρουσαίη.
1246 357 1292 361 —
1332 335 1431 374 Quod
1456 335 1497 368 ad
1521 336 1641 369 Axium
1665 336 1746 370 atti·
1800 375 1801 378 Ἰ

493 380 551 410 net
575 376 724 417 fluvium,
748 377 789 409 de
813 390 878 423 quo
903 379 971 411 dixi
996 390 1028 423 p.
1053 381 1132 422 618,
1158 380 1304 422 aliosque
1327 379 1450 414 fluvios
1483 381 1536 414 hic
1570 383 1610 415 ab
1635 382 1747 416 Hero-

497 422 575 455 doto
602 425 809 462 memoratos,
833 425 991 458 observat
1016 425 1210 468 Consinery.
1236 426 1257 459 l.
1283 426 1304 458 l.
1329 425 1344 458 Ι
1369 438 1403 470 p,
1425 428 1481 460 58.
1496 427 1537 462 61
1553 438 1625 471 seq.
1649 439 1746 461 omne
1802 451 1806 455 -

498 467 717 500 Macedoniae
750 468 827 501 litus
860 469 927 503 tale
961 481 1053 509 esse,
1085 475 1123 503 ut
1152 470 1236 504 mari
1268 471 1343 504 olim
1374 483 1522 514 magnam
1547 472 1745 506 continentis
1801 479 1806 505 ι·

499 516 610 546 terrae
632 516 761 556 partem
783 519 909 547 tectam
931 516 990 548 sed
1014 516 1187 549 fluviorum
1204 516 1251 549 ibi
1270 516 1303 549 in
1325 527 1415 550 mare
1439 518 1628 551 exeuntium
1659 519 1744 552 allu-

496 558 648 591 vionibus
670 559 791 591 sensim
814 560 1002 606 sensimque
1025 566 1212 605 porrectam
1235 567 1270 595 et
1291 562 1458 595 dilatatam
1496 564 1601 597 fuisse
1639 564 1745 597 conii-

494 603 585 645 cias;
609 604 697 636 unde
719 605 819 637 etiam
841 606 971 639 illorum
994 607 1180 644 fluviorum,
1202 619 1233 641 ν.
1247 619 1274 641 c.
1301 607 1384 649 Axii,
1408 608 1648 650 Haliacmonis,
1672 610 1744 654 Ly-

493 649 590 689 diae,
625 661 741 682 cursus
774 651 871 684 valde
905 655 1089 696 temporum
1121 653 1263 686 decursu
1287 657 1430 686 mutatos
1454 654 1559 688 fuisse
1582 667 1759 700 perquamr

494 695 663 728 credibile.
714 697 870 739 Lydiam,
903 697 944 730 de
968 710 1032 742 quo
1058 698 1183 731 Noster
1201 699 1271 738 VH,
1296 701 1373 739 127,
1404 699 1598 744 Cousinery.
1623 701 1744 735 asserit·

493 740 544 784 (p.
558 741 621 783 6⁶3)
646 752 733 773 nunc
749 743 863 775 vocari
890 745 1130 776 Cara-Azmac
1151 744 1171 777 i.
1197 757 1226 778 e.
1250 746 1388 789 nigrum
1412 748 1448 778 et
1466 748 1675 788 profundum
1698 748 1742 780 ob

490 797 596 830 aquas
620 786 772 819 turbidas
796 788 990 833 alveumque
1013 790 1221 832 profundum,
1246 801 1411 835 cursuque
1433 790 1533 824 valde
1557 795 1682 825 mutato
1699 793 1743 826 ad

491 843 581 864 mare
605 831 714 864 delabi
747 844 811 866 non
834 834 931 867 aliter
955 840 1057 878 atque
1081 836 1349 876 Haliacmonem,
1372 836 1413 869 de
1437 847 1502 880 quo
1527 837 1624 880 plura
1655 837 1742 871 idem

490 877 687 918 Cousinery.
716 889 746 921 p.
761 881 816 919 66,
841 879 895 924 qui
913 883 1047 923 pag.60
1072 881 1242 914 Echedori
1264 893 1396 926 quoque
1410 881 1570 922 meminit,
1593 887 1632 916 ut
1642 894 1742 927 quem

488 934 551 955 non
577 923 673 966 longe
697 927 736 956 ab
762 925 845 957 urbe
869 925 1119 967 Thessalonica,
1143 927 1201 959 ubi
1224 927 1256 959 in
1289 938 1379 960 mare
1403 927 1490 968 exit,
1520 927 1593 973 ipse
1629 932 1742 962 trans·
1770 933 1773 936 “

489 979 625 1010 gressus
651 969 693 1000 sit
717 969 871 1013 exiguum
896 974 930 1003 et
953 971 1140 1007 turbidum.
1172 976 1211 1005 ut
1241 984 1322 1006 sane
1358 984 1378 1005 a
1402 972 1526 1006 Xerxis
1548 973 1654 1018 copiis
1677 986 1740 1008 ex-

486 1013 639 1046 haustum
659 1014 762 1048 fuisse
790 1016 877 1059 quod
900 1017 1093 1050 Herodotus
1114 1018 1220 1051 tradit
1242 1018 1317 1060 VII,
1332 1019 1408 1060 127,
1438 1018 1474 1052 id
1506 1030 1527 1052 a
1559 1031 1641 1053 vero
1675 1031 1740 1054 non

485 1069 621 1102 prorsus
644 1061 789 1093 alienum
812 1062 921 1095 videri
944 1062 1090 1095 debebit.

267 1112 319 1145 Ad
343 1113 420 1157 VII,
448 1116 514 1150 125
537 1127 615 1159 pag.
641 1118 708 1152 6⁹20
731 1118 793 1152 col.
817 1119 953 1151 secund.
977 1118 1033 1151 lin.
1060 1119 1101 1153 15
1126 1119 1234 1152 adde:
1281 1119 1370 1153 Hinc
1403 1120 1504 1154 etiam
1533 1120 1575 1154 ad
1599 1118 1739 1154 Homeri

485 1160 607 1203 Odyss.
633 1162 691 1204 VI,
720 1164 783 1198 102
805 1175 887 1206 seqq
903 1189 913 1205 ‚
936 1164 993 1197 ubi
1018 1165 1108 1197 cervi
1125 1168 1252 1198 tantum
1281 1169 1315 1199 et
1338 1165 1411 1210 apri
1428 1172 1738 1207 commemorantur,

481 1205 683 1251 interpretes
706 1214 840 1242 veteres
864 1209 1004 1242 Homeri
1028 1210 1247 1253 cognitionem
1271 1211 1429 1252 laudant,
1465 1215 1503 1244 ut
1533 1212 1591 1255 qui
1612 1212 1737 1252 leones,

481 1263 565 1296 quos
588 1253 835 1297 Peloponnesus
860 1255 950 1287 haud
974 1255 1063 1296 alat,
1088 1255 1221 1289 minime
1241 1256 1485 1289 memoraverit.
1530 1257 1618 1290 Sunt
1640 1256 1737 1290 nimi-

480 1308 565 1337 rum,
589 1299 641 1339 qni
666 1299 741 1332 olim
765 1312 896 1344 quoque
920 1312 982 1345 per
1005 1301 1090 1334 hanc
1126 1302 1295 1335 Graeciae
1326 1305 1456 1345 partem
1487 1303 1598 1335 leones
1630 1302 1736 1337 fuisse

480 1343 669 1377 existiment
691 1356 798 1389 eoque
821 1347 981 1388 referant,
1005 1358 1092 1390 quae
1127 1346 1168 1379 de
1194 1348 1361 1381 Nemeaeo
1385 1348 1479 1380 leone
1500 1348 1689 1382 traduntur.

264 1397 314 1429 Ad
341 1397 417 1440 VII,
446 1400 510 1433 129
536 1411 612 1443 pag.
637 1402 704 1434 627
729 1401 789 1434 col.
814 1413 880 1435 sec.
905 1403 962 1437 lin.
993 1405 1025 1437 1.
1071 1403 1326 1437 Distinetionem
1348 1403 1507 1437 minorem
1539 1409 1618 1438 ante
1651 1404 1733 1438 Pin-

479 1446 542 1477 dus
566 1451 656 1478 muta
680 1446 713 1478 in
740 1447 906 1481 maiorem.

263 1498 313 1532 Ad
338 1500 415 1545 VII,
442 1502 503 1536 131
531 1513 607 1546 pag.
632 1503 699 1537 633
721 1502 776 1536 lin.
802 1503 834 1537 7.
880 1505 933 1539 De
955 1505 1072 1539 Pieria
1096 1506 1184 1539 conf.
1209 1504 1311 1538 etiam
1341 1504 1495 1540 Nitzsch.
1521 1505 1565 1539 ad
1595 1505 1733 1539 Homeri

480 1547 602 1591 OdySS.
637 1548 677 1589 V,
703 1549 748 1582 50
772 1561 807 1594 p.
835 1551 889 1584 12.

260 1601 310 1635 Ad
336 1603 413 1645 VII,
441 1605 506 1640 139
530 1616 606 1648 pag.
632 1604 698 1639 645
708 1617 780 1650 seq.
828 1607 930 1641 Ponit
953 1607 1096 1641 Schoell.
1121 1607 1172 1648 (in
1196 1607 1374 1640 vernacula
1384 1605 1547 1639 Herodoti
1559 1605 1731 1650 versione)

475 1650 684 1682 Herodotum
708 1652 756 1684 sic
780 1652 929 1685 scribere
952 1658 1031 1686 ante
1055 1653 1188 1698 Olymp.
1213 1652 1345 1685 LXXX
1377 1663 1441 1684 non
1475 1652 1623 1695 potuisse
1654 1654 1729 1686 val-

475 1696 582 1740 deque
617 1696 692 1728 hinc
724 1697 797 1729 fleri
831 1698 1019 1738 verisimile,
1057 1699 1159 1739 talia,
1194 1697 1258 1731 nisi
1281 1697 1385 1730 omnis
1408 1697 1491 1729 haec
1513 1698 1626 1740 operis
1647 1708 1729 1741 pars

474 1741 580 1774 medio
606 1741 691 1775 bello
715 1742 995 1787 Peloponnesiaco
1020 1743 1147 1787 scripta
1170 1743 1223 1782 sit,
1246 1742 1418 1787 postmodo
1443 1753 1504 1786 per
1533 1743 1611 1776 belli
1632 1743 1728 1777 istius

473 1786 646 1820 decursum
672 1799 692 1820 a
715 1793 813 1832 patre
835 1789 998 1822 historiae
1022 1789 1114 1834 operi
1138 1801 1197 1823 suo
1221 1789 1348 1822 inserta
1370 1787 1486 1821 fuisse.

260 1837 310 1872 Ad
335 1839 410 1883 VII,
437 1842 502 1879 140
527 1855 604 1887 pag.
629 1845 696 1879 650
719 1844 773 1877 lin.
799 1847 830 1880 6.
879 1846 1031 1879 Retinnit
1062 1845 1188 1890 Negris
1220 1843 1427 1879 ἐπικίδνατε
1460 1844 1525 1877 hoc
1555 1844 1651 1878 modo
1674 1844 1727 1878 in—

472 1893 684 1932 terpretans:
728 1889 943 1933 περιχύσατε
976 1890 1043 1935 τὴν
1081 1889 1204 1934 ψυχήν
1240 1900 1306 1928 σας
1328 1901 1371 1933 με
1396 1887 1517 1924 δεινά·
1562 1887 1727 1925 τουτέστι

475 1932 602 1978 λάβετε
627 1935 781 1977 καρδίαν
806 1934 898 1970 ὥστε
922 1934 968 1970 να
993 1938 1178 1980 δυνηθῆτε
1201 1934 1247 1970 νά
1271 1933 1482 1979 ὑποφέρητε
1516 1933 1583 1974 τὰς
1613 1934 1726 1975 τόσας

474 1990 539 2019 σας
563 1980 766 2024 δυστυχίας.
791 1983 936 2017 Schoell.
963 1983 1139 2016 vernacule
1163 1982 1212 2015 sic
1237 1982 1398 2015 reddens:
1422 1982 1493 2015 und
1505 1982 1646 2016 bereitet
1669 1983 1726 2015 die

471 2028 565 2059 Seele
589 2029 664 2060 (lem
693 2029 824 2069 Unhcil,
848 2028 882 2061 in
899 2032 977 2062 nota
1001 2032 1066 2070 ait,
1091 2027 1215 2061 oraculi
1238 2028 1342 2060 verba
1371 2026 1565 2060 obscuriora
1594 2027 1724 2070 signifi-

470 2082 548 2105 care
571 2084 703 2116 quoque
727 2085 842 2117 posse:
869 2076 1031 2119 ergiesset
1056 2086 1134 2108 ener
1159 2074 1304 2107 Gemizth
1316 2075 1384 2115 auf
1396 2074 1495 2106 Ucbcl
1519 2072 1540 2107 i,
1557 2084 1585 2105 e.
1609 2074 1724 2107 macht

468 2129 546 2150 cuer
573 2119 719 2152 Gemiith
735 2120 844 2164 sc'ihig
867 2132 928 2151 :nr
953 2122 1162 2165 Ertragung
1185 2120 1265 2152 oder
1275 2131 1352 2151 zum
1364 2119 1586 2152 lViderstand
1607 2130 1723 2163 gegen

473 2164 583 2205 Uebcl,
616 2169 674 2196 aut
701 2164 820 2197 etiam:
858 2167 966 2207 fiillet
999 2178 1076 2198 cuer
1105 2166 1250 2198 Gemath
1275 2165 1336 2198 mit
1365 2164 1504 2202 Uebeln,
1539 2163 1559 2196 i.
1585 2175 1614 2199 e.
1639 2165 1722 2207 geht

468 2209 550 2240 cuch
575 2211 648 2242 dem
676 2211 782 2243 Eleusi
805 2212 875 2244 und
900 2212 959 2244 der
986 2212 1116 2244 Trauer
1138 2212 1207 2244 Ιιίη.
1254 2209 1348 2251 Mihi,
1374 2215 1411 2242 ut
1440 2209 1582 2252 ingenue
1615 2208 1719 2261 confi-

466 2257 552 2294 teor,
585 2254 704 2298 Langii
733 2255 968 2300 interpretatio
1006 2256 1123 2290 melius
1157 2255 1284 2289 oraculi
1306 2266 1437 2288 sensum
1461 2253 1646 2298 exprimere
1668 2264 1720 2287 vr-

466 2298 574 2331 detur.

249 2351 299 2385 Ad
323 2352 400 2394 VH,
424 2352 487 2389 141
513 2367 590 2399 pag·
616 2357 682 2391 652
705 2356 760 2389 lin.
788 2357 840 2391 14.
889 2355 1074 2399 ἀδάμαντι
1097 2355 1277 2395 πελάσσας
1308 2359 1447 2389 auctore
1480 2354 1607 2408 Npgris
1629 2354 1717 2410 idem

464 2406 517 2434 est
527 2406 648 2446 atque:
672 2400 770 2436 θέλω
783 2413 841 2436 σοι
865 2403 979 2436 εἰπεῖν
1003 2401 1120 2436 αὐτὸν
1144 2401 1210 2436 τὸν
1229 2400 1336 2445 λόγον
1360 2401 1542 2443 σταθερον
1556 2399 1618 2434 καὶ
1631 2411 1716 2453 aas·

462 2443 656 2490 τάβλητον.
702 2449 792 2481 Idem
807 2448 932 2492 Negris
956 2460 1029 2492 cap.
1043 2448 1106 2483 143
1131 2459 1164 2492 p,
1189 2449 1254 2482 655
1278 2447 1334 2481 lin.
1348 2448 1381 2481 9.
1403 2446 1526 2491 probat
1537 2446 1713 2490 Schweig-

463 2490 614 2525 haeuseri
638 2494 945 2539 interpretationem
969 2494 1148 2528 verborum
1171 2490 1234 2526 ἐόν
1256 2505 1339 2537 κως,
1364 2503 1451 2538 quae
1487 2491 1619 2526 minime
1641 2502 1715 2526 mu—

460 2538 562 2572 tanda
585 2539 661 2573 sint.

247 2604 296 2638 Ad
320 2605 396 2647 VII,
423 2604 487 2640 145
512 2617 587 2650 pag.
612 2608 679 2642 660
701 2607 758 2642 lin.
783 2609 813 2641 1.
860 2606 989 2651 Negris
1013 2605 1148 2640 retinuit
1172 2602 1419 2653 ἕγκεχρημένοι
1449 2604 1549 2649 idque
1581 2603 1714 2638 derivat

463 2663 482 2684 a
506 2654 610 2685 verbo
633 2650 840 2708 ἐκχράομαι,
864 2654 1106 2696 interpretans:
1130 2650 1285 2705 πόλεμοι,
1305 2653 1399 2694 ἠσαν
1423 2648 1463 2684 ἐν
1485 2648 1618 2694 χρήσει,
1629 2659 1711 2683 συν·

460 2696 623 2740 ημμένοι,
648 2697 860 2741 αναμμένοι,
882 2696 924 2741 μὲ
958 2697 1171 2740 προθυμίαν
1206 2708 1400 2741 γινομενοι.
1446 2695 1539 2729 Idem
1578 2695 1612 2729 in
1643 2695 1710 2728 fine

460 2754 537 2788 cap.
570 2749 684 2778 tuetur
717 2745 884 2789 vulgatam
911 2744 1083 2778 lectionem
1118 2739 1294 2787 οὐδαμῶν
1324 2739 1538 2786 Ἑλληνικῶν
1569 2751 1600 2774 κ.
1623 2752 1654 2774 τ.
1677 2740 1707 2772 λ.
