1851 3181
445 277 530 318 508

845 278 1312 317 HERODOTI

444 400 522 429 ποι
551 384 619 428 ἐπὶ
648 385 788 427 τοῦδε.
847 385 935 429 ἔστι
963 388 1115 430 πεδίον
1152 387 1261 443 μέγα
1304 391 1380 443 τῆς
1416 391 1619 445 Μηδικῆς
1655 394 1718 447 τῷ

445 450 618 507 οὔνομά
648 451 736 495 ἐστι
767 455 983 497 Νίσαιον·
1017 455 1121 506 τούς
1151 450 1215 498 ὦν
1243 456 1295 511 δή
1330 459 1490 507 ἵππους
1512 457 1615 507 τοὺς
1643 472 1711 511 με-

417 519 609 576 5γάλους
639 519 763 575 φέρει
791 520 839 566 τὸ
866 524 1019 565 πεδίον
1058 527 1200 567 τοῦτο.

1259 523 1413 568 ὄπισθε
1454 525 1501 568 δὲ
1539 522 1711 567 τούτων

443 591 533 631 τῶν
571 586 675 630 δέκα
712 589 882 643 ἵππων,
922 589 1037 646 ἅρμα
1065 590 1178 643 Διός
1217 593 1317 648 ἱρὸν
1346 592 1618 643 ἐπετέτακτο,
1659 590 1707 636 τὸ

387 796 628 848 potissimum
642 797 846 836 utebantur
866 812 909 836 ac
938 799 1050 836 nobi-

386 854 499 891 liores
530 855 680 891 Persae.
738 856 838 900 Quiu
859 855 1050 908 hodieque

385 911 453 947 tali
474 923 572 962 equo
593 912 814 949 solemniter
845 912 935 951 vehi
954 914 1050 950 solet

385 967 590 1004 Persarum
600 981 668 1004 rex
682 982 712 1005 s.
728 967 882 1018 Schach,
894 977 934 1007 ut
945 983 1048 1007 1111110

384 1031 555 1072 vocatur,
575 1031 670 1062 teste
690 1026 861 1075 Portero,
884 1027 949 1079 qui
968 1029 1048 1077 ipse

387 1080 427 1117 in
437 1081 593 1131 planitie
605 1082 742 1119 Casbiu
752 1083 906 1119 illorum
925 1097 1047 1135 equo-

383 1150 472 1174 rum
498 1138 773 1176 formositatem
807 1147 843 1177 et
873 1141 1047 1177 celerita-

382 1200 463 1230 tem
478 1193 695 1245 admiratus,
707 1196 747 1232 iu
757 1209 801 1233 eo
817 1204 947 1233 tamen
966 1197 1046 1234 salli

382 1250 544 1299 videtur,
560 1251 665 1303 quod
679 1266 768 1289 cum
776 1255 936 1290 Rennel.
956 1266 1044 1304 pag.

383 1306 461 1347 501
485 1309 639 1346 Nisaeos
659 1322 826 1360 campos,
846 1311 887 1346 in
908 1311 1045 1363 quibus

381 1363 443 1399 isti
482 1365 572 1416 equi
608 1367 880 1415 pascebantur,
925 1380 1045 1417 prope

381 1420 671 1458 Kermanschah
700 1423 814 1460 fuisse
844 1423 1044 1471 existimat,

382 1489 474 1513 cum
511 1476 606 1515 haec
635 1492 775 1529 pascua
804 1481 845 1516 iu
874 1481 1043 1530 planitie,

382 1546 482 1585 quae
511 1535 611 1572 intra
640 1537 776 1573 Casbin
804 1544 840 1573 et
861 1535 1043 1574 Teheran

378 1592 607 1641 porrigitur,
637 1606 756 1643 prope
787 1600 957 1630 veterem
976 1607 1044 1630 ur-

379 1647 470 1683 bem
498 1648 615 1697 Raga
640 1651 682 1685 in
706 1649 835 1688 IlIedz'a
860 1663 994 1699 magna
1013 1664 1042 1688 s,

379 1703 622 1741 meridionali
657 1707 735 1744 sive
783 1708 824 1743 in
871 1708 1041 1757 regione,

381 1773 480 1812 quae
499 1775 603 1798 nunc
633 1763 842 1814 appellatur
861 1762 1041 1801 Iralc-Ad-

382 1817 533 1866 schenm',
555 1818 669 1856 fuisse
694 1821 817 1857 multo
837 1821 884 1857 sit
902 1821 1041 1871 proba-

379 1874 504 1911 bilius.
562 1876 667 1914 Haec
698 1878 801 1913 enim
820 1878 925 1927 regio
946 1878 1043 1927 opti-

378 1931 452 1967 mis
478 1931 647 1970 abundat
661 1935 808 1983 pascuis
828 1932 1043 1972 herbasslle-

380 1986 464 2024 dica
477 2017 488 2036 ,
524 2001 643 2040 quam
660 1987 840 2028 Nostrfim
859 1990 944 2029 Klee
964 2004 1043 2028 esse

378 2045 496 2094 vulgo
516 2045 740 2095 perhibent,
769 2048 919 2098 repletis
941 2049 1042 2099 opti-

376 2113 566 2152 mumque
596 2103 686 2140 inde
716 2105 900 2154 pabulum
927 2118 1041 2155 prae-

377 2157 567 2196 bentibus.
620 2159 707 2197 Vid.
728 2163 894 2199 Heeren.
909 2161 1040 2198 Ideen.

377 2215 408 2249 Ι.
434 2216 453 2252 1
480 2227 567 2264 pag.
591 2216 685 2256 304.
706 2217 801 2258 305.

379 2271 594 2307 testimonia
615 2271 662 2308 de
683 2274 788 2324 equis
817 2275 958 2310 Nisaeis
977 2273 1041 2310 da-

379 2326 476 2363 bunt
506 2329 717 2365 Brissonius
745 2331 802 2365 De
833 2343 912 2379 reg.
934 2332 1038 2369 Pers.

378 2383 538 2434 princip.
573 2386 602 2432 Ι,
635 2388 727 2425 122.
755 2387 820 2433 III,
852 2389 905 2426 29
934 2385 1038 2437 (quo

378 2441 458 2476 iam
496 2453 584 2477 usus
628 2454 713 2477 sum
756 2441 804 2478 ad
843 2442 1038 2483 Plutarch.

377 2495 518 2547 Pyrrh,
543 2500 589 2537 11
613 2509 702 2548 pag,
729 2498 842 2545 169),
864 2500 1039 2535 01111101·-

377 2559 490 2603 prett.
530 2552 578 2589 ad
624 2555 819 2592 Ammian.
870 2556 1037 2592 Marcell.

376 2611 521 2657 XXIII,
557 2612 581 2649 6
616 2612 655 2656 ξ.
685 2612 738 2651 30
769 2611 856 2648 0011.
886 2612 1037 2651 Arrian,

378 2667 504 2703 Anab-
525 2667 604 2713 Vll,
630 2670 679 2707 13
701 2667 783 2703 init.

436 2719 544 2774 ἅρμα
564 2720 661 2769 Διός
683 2719 767 2774 ἱρὸν
789 2720 1033 2772 ἐπετέτακτο]

377 2779 403 2815 ἰ.
418 2791 548 2829 e.pone
569 2778 704 2831 (equos
716 2778 849 2816 decem
864 2781 1034 2832 Nisaeos)

379 2836 582 2885 sequebatur
609 2850 640 2873 s.
671 2836 857 2873 collocatus
877 2840 952 2873 erat
974 2836 1036 2873 Ιο-

379 2893 433 2928 vis
453 2905 592 2929 currus.
644 2892 793 2930 Eodem
814 2892 930 2930 modo
946 2892 1036 2933 ἒπε-

859 2219 1041 2254 Veterum

1104 798 1262 841 τέτακτο
1283 802 1363 850 VII,
1384 800 1435 841 41
1462 800 1549 842 coll.
1568 802 1597 849 I,
1620 800 1762 849 80‚ubi

1105 853 1254 897 ὄπισθε
1275 861 1348 898 τοῦ
1371 858 1491 904 πεζοῦ
1513 856 1671 904 ἐπέταξε
1687 853 1763 908 τήν

1105 916 1239 953 πᾶσαν
1259 914 1383 954 ἵππον
1400 916 1425 952 1.
1437 928 1469 952 e.
1493 927 1594 964 pone,
1606 917 1686 964 post
1698 926 1764 965 pe-

1106 970 1196 1008 dites
1226 971 1399 1021 disposuit
1429 974 1635 1021 equitatum.
1705 971 1763 1006 De

1102 1028 1185 1078 ipso
1215 1029 1313 1065 Iovis
1349 1041 1462 1064 curru
1489 1026 1591 1078 apud
1617 1028 1762 1074 Persas,

1104 1085 1209 1135 equis
1227 1085 1318 1121 albis
1337 1085 1478 1132 iuncto,
1489 1084 1659 1135 primarii
1677 1089 1765 1120 sunt

1101 1140 1177 1177 loci
1197 1139 1464 1192 Xenophontis
1486 1142 1527 1177 in
1551 1138 1764 1191 Cyropaed.

1102 1198 1207 1242 VIII,
1229 1200 1252 1237 3
1277 1199 1313 1243 ᾗ.
1341 1200 1389 1238 13
1413 1205 1449 1234 et
1471 1198 1588 1233 Curtii
1607 1198 1673 1244 III,
1691 1197 1762 1242 3§.

1103 1255 1141 1301 6,
1169 1254 1237 1290 ubi
1266 1255 1411 1291 consul.
1439 1252 1674 1290 Freinshem.
1713 1254 1764 1290 Et

1102 1310 1203 1347 conf.
1225 1323 1378 1362 quoque
1393 1309 1536 1347 Herod.
1555 1310 1654 1356 VIII,
1669 1309 1764 1351 115.

1102 1367 1217 1403 Cuius
1228 1381 1356 1404 currus
1375 1368 1628 1418 symbolicam
1639 1378 1764 1418 quan-

1101 1422 1191 1459 dam
1212 1437 1291 1460 esse
1309 1424 1628 1473 significationem
1646 1435 1764 1461 nemo

1099 1481 1275 1530 negabit,
1306 1482 1372 1532 qui
1390 1479 1496 1517 haud
1524 1481 1653 1530 paucis
1693 1478 1762 1517 diis

1101 1550 1169 1587 per
1199 1539 1465 1589 antiquitatem
1496 1550 1626 1574 currus
1647 1536 1762 1573 tribui

1100 1596 1353 1644 reputaverit,
1402 1594 1569 1631 universi
1602 1607 1633 1630 s.
1663 1593 1764 1630 orbis

1098 1656 1287 1687 terrarum
1314 1653 1422 1703 quasi
1449 1652 1662 1701 imaginem
1695 1662 1762 1686 ae-

1101 1708 1242 1758 quabili
1268 1721 1311 1744 ac
1341 1714 1524 1758 perpetuo
1558 1706 1691 1744 ordine
1712 1718 1762 1743 ex

1098 1770 1251 1800 aeterna
1279 1765 1365 1813 lege
1384 1777 1423 1800 se
1451 1765 1651 1801 moventis.
1682 1764 1762 1799 Ita-

1101 1833 1176 1871 que
1195 1833 1273 1856 non
1302 1821 1403 1857 male
1421 1827 1584 1857 statuere
1609 1818 1761 1857 videtur

1098 1876 1268 1913 Kleuker
1290 1876 1494 1927 (Append.
1526 1876 1574 1914 ad
1604 1875 1760 1913 Zenda-

1097 1940 1191 1972 vest.
1212 1935 1265 1970 III
1285 1948 1322 1984 p.
1339 1936 1407 1974 25.
1428 1934 1513 1982 32),
1547 1934 1645 1970 bene
1672 1946 1760 1969 me-

1097 2004 1184 2027 mor
1202 1992 1295 2027 sacri
1305 1991 1559 2027 Israelitarum
1579 1990 1758 2026 taberna-

1098 2048 1186 2096 culi,
1196 2046 1313 2084 hocce
1325 2060 1449 2096 curru,
1462 2048 1567 2087 cuius
1578 2047 1618 2082 111
1630 2047 1758 2083 0111111-

1097 2105 1167 2141 bus
1212 2106 1415 2141 Persarum
1454 2102 1757 2154 expeditionibus

1097 2162 1208 2210 regiis
1230 2161 1271 2197 fit
1291 2162 1456 2208 mentio,
1484 2159 1643 2197 indicari
1662 2159 1758 2197 Iovis

1097 2218 1362 2268 praesentiam,
1392 2218 1534 2254 summi
1552 2217 1632 2253 scil.
1657 2217 1757 2266 regis

1097 2281 1284 2310 terrarum
1324 2280 1437 2325 atque
1476 2274 1592 2323 ipsius
1646 2273 1755 2320 coeli,

1097 2331 1266 2381 itemque
1297 2331 1375 2366 eius
1406 2331 1595 2366 actionem
1619 2342 1662 2365 ac
1683 2342 1756 2379 po-

1093 2388 1272 2432 tentiam,
1314 2385 1388 2437 qust
1417 2387 1546 2422 omnia
1577 2387 1617 2422 in
1649 2387 1755 2422 terris

1095 2455 1216 2494 aeque
1256 2449 1369 2492 atque
1404 2443 1443 2478 iu
1484 2443 1591 2479 coelo
1635 2449 1754 2492 regat.

1095 2499 1200 2535 Coeli
1220 2506 1348 2535 autem
1374 2500 1506 2536 orbem
1531 2500 1662 2536 Persas
1692 2497 1754 2535 Io-

1093 2568 1165 2593 vem
1187 2568 1358 2604 vocasse,
1398 2562 1555 2593 testatur
1574 2556 1652 2606 ipse
1672 2557 1753 2591 He—

1094 2612 1248 2648 rodotus
1269 2613 1298 2659 I,
1327 2615 1418 2652 131.
1477 2610 1588 2657 Quod
1608 2625 1657 2648 ne
1675 2611 1752 2648 mi-

1093 2671 1195 2713 reris,
1215 2667 1423 2705 tenendum
1446 2670 1608 2705 Graecos
1631 2670 1751 2705 Grae-

1093 2727 1144 2762 cis
1170 2726 1388 2762 nominibus
1408 2725 1620 2775 significare
1639 2736 1750 2774 pere-

1095 2782 1203 2831 grina
1224 2783 1382 2818 numina
1395 2811 1404 2829 ,
1425 2782 1463 2817 in
1486 2782 1619 2832 quibus
1642 2779 1749 2816 simi-

1091 2839 1168 2874 lem
1196 2837 1391 2889 quaudam
1418 2839 1498 2875 vim
1516 2837 1585 2874 sibi
1604 2848 1749 2886 cogno-

1091 2896 1186 2932 visse
1206 2893 1444 2942 videbantur,
1482 2900 1525 2930 ut
1551 2893 1685 2932 monui
1701 2891 1748 2929 ad
