1870 3249
3 387 70 434 38

550 212 851 251 ERATO.
907 214 982 251 VI.

1309 217 1393 258 273

137 335 286 375 σαντες
314 316 377 365 ὦν
413 321 457 366 οἳ
498 322 790 378 Λαμψακηνοὶ
832 325 1049 377 Κροῖσον,
1085 321 1295 376 λύσαντες
1323 341 1392 381 με-

137 398 272 449 τῆκαν
299 388 550 433 Μιλτιάδεα.

104 599 248 652 Ξφεοῦ
277 594 400 638 παιδὶ
432 590 713 649 ὁμομητρίου.

130 667 357 718 σονησῖται
393 659 581 713 θύουσι,
625 659 683 711 ὦς
721 658 857 716 νόμος
901 662 1090 718 οἰκιστῇ,
1131 664 1202 706 καὶ
1239 662 1389 720 ἀγῶνα

616 387 754 441 Οὗτος
791 389 870 444 μὲν
907 390 959 447 δὴ
1000 390 1073 434 διὰ
1101 395 1300 446 Κροῖσον
1328 393 1395 437 ἐκ·

131 460 305 518 φεύγει·
344 457 450 513 μετὰ
481 457 548 508 δὲ,
575 461 749 514 τελευτᾷ
779 458 934 511 ἄπαις,
973 458 1051 514 τὴν
1081 459 1217 516 ἀρχήν
1245 477 1290 504 τε
1318 462 1422 505 καὶ9

129 527 181 571 τοὶ
203 527 399 583 χρήματα
418 524 645 579 παραδούς
665 525 930 582 Στησαγόρῃ
959 530 1020 584 τῷ
1048 530 1255 582 Κίμωνος
1275 528 1394 573 ἀδελ-

773 594 846 636 καί
885 595 929 636 οἱ
956 595 1258 651 τελευτήσαντι
1287 601 1394 651 Χερ-

129 728 306 774 ἱππικόν
333 745 378 773 τε
400 729 471 772 καὶ
495 727 709 783 γυμνικὸν
740 728 954 782 ἐπιστᾶσι,
995 729 1042 772 ἐν
1069 733 1130 785 τῷ
1151 735 1387 789 Λαμψακη-

100 802 226 842 ῧνῶν
274 796 421 842 οὐδενὶ
467 797 677 852 ἐγγίνεται
727 793 1022 851 ἀγωνίζεσθαι.

1090 798 1295 854 Πολέμου
1344 802 1389 846 δὲ
1399 808 1442 843 95

127 866 276 917 ἐόντος
302 865 413 919 πρὸς
453 862 800 920 Λαμψακηνοὺς,
843 864 915 906 καὶ
945 864 1229 921 Στησαγόρεα
1267 869 1386 913 κατέ-

127 937 233 990 λαβε
263 934 504 978 ἀποθανεῖν
534 932 720 983 ἄπαιδα,
751 932 964 988 πληγέντα
993 933 1072 988 τήν
1101 934 1296 991 κεφαλὴν
1315 953 1386 981 πε-

126 1002 241 1045 λέκεϊ
285 1001 332 1045 ἐν
370 1005 431 1054 τῷ
468 1002 742 1056 πρυτανηίῳ,
791 999 899 1054 πρὸς
936 998 1097 1055 ἀνδρὸς
1134 1001 1386 1058 αὐτομόλου

125 1070 206 1125 μὲν
245 1073 306 1127 τῷ
345 1069 484 1126 λόγῳ,
523 1070 733 1125 πολεμίου
763 1067 809 1110 δὲ
837 1068 911 1112 καὶ
938 1067 1298 1126 ὑποθερμοτέρου
1326 1076 1388 1130 τῷ

125 1137 250 1196 ἔργῳ·

68 1302 175 1339 verbi
203 1297 460 1348 ἐξαπόλλυται
482 1300 562 1338 vim
582 1314 730 1352 augen-

35 1373 42 1378 τ
69 1356 160 1395 dam
190 1357 363 1395 adiicitur
381 1355 653 1410 πανώλεθρος,
687 1365 730 1395 ut

66 1415 109 1452 in
130 1414 557 1466 Aristoph.Av.1239.
602 1417 728 1452 Hero-

68 1470 146 1508 dot.
168 1472 231 1520 VI,
263 1471 316 1512 85
348 1471 432 1520 (ubi
461 1467 727 1524 πανώλεθρον

66 1523 226 1579 κακόν).
283 1529 400 1565 Plura
438 1528 656 1566 Blomfield.
683 1530 726 1565 in

68 1585 228 1622 Glossar.
277 1584 327 1622 ad
371 1583 553 1637 Aeschyl.
599 1586 662 1624 S-
689 1599 725 1623 c.-

67 1639 196 1681 Theb.
217 1642 286 1682 71.

233 1744 326 1795 Cap.
346 1739 565 1782 XXXVIII.

123 1808 190 1851 διὰ
222 1813 427 1864 Κροῖσον]
479 1813 505 1850 i.
537 1825 570 1848 e.
605 1810 725 1849 Croesi

68 1881 182 1918 opera.
211 1869 360 1905 Monuit
371 1866 534 1905 Fischer.
545 1867 593 1905 ad
605 1869 723 1905 Wel-

66 1924 135 1960 ler.
161 1925 215 1960 III
245 1937 332 1975 pag.
356 1927 448 1964 171.
510 1925 619 1961 Conf.
640 1926 722 1961 He-

65 1979 150 2017 rod.
177 1980 261 2028 VII,
286 1979 386 2020 165:
419 1977 594 2032 διοῖτήν
607 1976 723 2019 Ἀνα-

66 2036 179 2083 ξίλεω
197 2057 252 2064 —-
276 2037 524 2087 προθυμίην.
591 2037 721 2074 Stesa-

64 2104 194 2142 goras,
228 2094 289 2130 cui
318 2094 523 2143 imperium
551 2092 717 2141 tradidit,

63 2150 161 2186 filius
181 2156 260 2186 erat
288 2149 477 2198 Cimonis,
513 2150 579 2202 qui
605 2151 719 2187 frater

64 2213 144 2242 erat
181 2205 358 2242 Miltiadis
391 2219 469 2243 una
507 2206 718 2258 eademque

62 2269 270 2313 prognatus
288 2269 410 2299 matre
433 2263 510 2312 (Cf.
527 2264 588 2311 VI,
605 2267 718 2312 103),

64 2330 162 2370 quae
190 2321 292 2369 prius
323 2320 546 2370 Stesagorae
589 2320 718 2369 (unde

65 2376 268 2412 Cimonem
285 2378 462 2426 peperit),
483 2383 567 2413 tum
580 2379 718 2428 Cypse-

62 2432 114 2480 lo,
135 2431 237 2468 unde
257 2432 468 2470 Miltiadem
486 2435 523 2470 Π
542 2436 717 2484 suscepit,

62 2489 134 2525 fuit
159 2495 290 2540 nupta.
320 2489 431 2527 Conf.
450 2489 720 2529 Voeme1.1.l‹

61 2548 238 2596 pag-16.

120 2600 174 2649 ὥς
195 2597 318 2653 νόμος
339 2601 511 2658 οἰκιστῇ]
543 2616 718 2655 „nempe

62 2653 198 2697 θυειν.
259 2658 367 2694 Idem
387 2667 482 2696 esset
512 2658 564 2706 ὥς
592 2656 717 2711 νόμος

63 2710 170 2766 ἥρωϊ
194 2710 348 2754 θυειν
377 2718 451 2752 vita
467 2715 593 2765 functo
612 2730 716 2760 sacra

58 2771 264 2820 faczerant
294 2775 335 2808 ut
355 2784 424 2808 mos
444 2776 494 2809 est
505 2772 630 2821 facere
658 2773 716 2809 Ice-

62 2829 125 2864 roi.
157 2828 278 2864 Scribi
299 2838 450 2880 quoque
460 2831 582 2880 potuit
601 2830 716 2866 unico

118 2885 338 2922 Ηειιοῡοτ.
359 2887 427 2923 ΙΠ.

786 1300 902 1338 verbo
918 1329 928 1349 ‚
956 1300 997 1338 in
1017 1301 1153 1340 talibus
1168 1302 1344 1354 proprio:
1372 1303 1443 1352 καί

788 1357 830 1396 οἵ
846 1355 1118 1410 τελευτήσαντι
1141 1359 1361 1412 ἐναγίζουσι
1380 1362 1443 1399 vel

786 1413 1028 1465 ἐντέμνουσι.
1071 1415 1221 1453 Eodem
1240 1417 1442 1455 Brasidam

781 1469 928 1508 honore
959 1467 1105 1522 dignati
1138 1472 1442 1524 Amphipolitani

782 1527 885 1578 apud
916 1527 1097 1580 Thucyd.
1130 1531 1175 1577 V,
1207 1532 1270 1577 11,
1301 1531 1368 1567 ubi
1390 1531 1441 1569 cf.-

779 1585 992 1635 interprett.
1043 1593 1080 1623 et
1123 1587 1356 1637 VVesseling.
1392 1587 1442 1625 ad

778 1641 936 1679 Diodor.
968 1643 1019 1679 T.
1048 1644 1067 1678 Ι
1094 1657 1133 1694 p.
1157 1643 1250 1684 148.
1275 1645 1443 1682 Pausan.

777 1698 816 1733 II
838 1711 927 1749 pag.
950 1702 1028 1740 137
1064 1700 1143 1750 [11
1167 1701 1205 1746 §.
1227 1700 1287 1749 7].
1324 1701 1442 1739 Vac-

779 1755 899 1795 alcen.

834 1810 903 1850 καὶ
928 1806 1066 1863 οἷγεόνα
1108 1809 1273 1851 ἷππικόν
1299 1827 1340 1852 τε
1372 1811 1442 1852 καὶ

778 1865 968 1920 γυμνικὸν
990 1866 1198 1916 ἐπιστᾶσι]
1229 1870 1340 1905 Paria
1360 1869 1440 1906 fere

777 1926 957 1974 leguntur
984 1924 1017 1970 I,
1041 1927 1131 1965 167.
1161 1920 1298 1975 ἆγῶνα
1321 1925 1440 1964 ἱππι-

777 1978 852 2019 κὸν
881 1993 1063 2017 curruum
1101 1993 1131 2017 s.
1163 1981 1438 2032 quadrigarum

778 2049 856 2074 esse
877 2044 1068 2073 cenamen
1080 2045 1235 2075 annotat
1254 2037 1438 2077 Larcher.

777 2095 894 2131 citans
928 2092 1111 2144 Sophocl.
1140 2095 1201 2131 El.
1233 2097 1327 2135 698.
1348 2097 1437 2134 coll.-

775 2148 870 2191 504.
927 2150 990 2186 Ad
1010 2151 1171 2187 verbum
1190 2150 1376 2202 κατέλαβε
1394 2154 1436 2189 iu

774 2219 879 2258 seqq.
901 2207 1000 2243 cous.
1019 2209 1085 2255 ΠΙ,
1115 2207 1181 2248 42.
1210 2209 1272 2254 VI,
1294 2207 1360 2248 40.
1380 2229 1451 2241 -—.

773 2264 819 2299 In
839 2264 914 2300 line
926 2276 1008 2314 cap.
1029 2260 1357 2316 ύποθερμότερος
1378 2264 1436 2301 (Ιί-

776 2321 873 2356 citur
913 2324 1030 2369 magis
1060 2319 1247 2370 servidas,
1295 2322 1434 2370 audax,

776 2389 894 2428 quam
914 2376 1078 2413 eandem
1101 2378 1222 2414 ferme
1242 2379 1434 2428 significa-

773 2435 919 2470 tionem
950 2434 1113 2484 simplex
1143 2447 1295 2486 quoque
1318 2433 1437 2473 habet-

773 2487 938 2540 θερμὸς,
960 2489 1008 2527 de
1029 2503 1104 2542 quo
1117 2491 1194 2527 vid.
1214 2491 1433 2529 Blomfield.

775 2548 940 2584 Glossar.
961 2546 1009 2584 ad
1037 2546 1216 2598 Aeschyl.
1239 2549 1280 2586 S.
1303 2563 1336 2588 ο.
1353 2547 1432 2585 Th.

775 2604 870 2644 599.
946 2605 1026 2641 Neo
1069 2604 1241 2641 absimile
1279 2618 1432 2656 prorsus

772 2656 1090 2713 ’ὑπομαργότερος
1112 2662 1178 2708 111,
1200 2663 1267 2701 29.
1291 2660 1367 2700 145
1394 2667 1432 2698 et

772 2715 1151 2768 ὖποθερμαίνεσθαι
1170 2717 1245 2766 (ira
1265 2717 1431 2765 accendi)

771 2774 812 2809 iu
831 2775 1010 2824 Excerpt.
1041 2775 1173 2823 Legat.-
1200 2772 1364 2811 Hoeseh.
1391 2787 1432 2825 p.

773 2832 839 2878 36,
861 2829 965 2882 quod
984 2829 1162 2867 afferunt.

1450 393 1527 423 Post
1542 396 1703 426 obitumdi-

1450 429 1500 456 vin
1494 431 1528 457 ιίει
1557 431 1720 461 honoribus

1425 463 1598 502 oaCheisou
1600 475 1643 493 ise
1647 468 1696 494 itis

1448 498 1508 523 aelf
1513 503 1551 525 t
1545 508 1576 525 ι
1606 501 1642 527 Ei
1653 510 1720 528 suc-

1450 539 1494 557 ce(
1497 531 1719 563 litnatrisute-

1450 566 1519 599 riui,
1539 568 1685 604 Cimonis,

1448 586 1530 627 filius
1553 590 1696 636 Stesago-

1449 640 1499 658 ras
1537 644 1563 670 qu
1567 644 1593 661 ιο
1612 644 1648 669 p
1643 645 1666 662 ιτ

1448 665 1548 696 dolum
1566 671 1675 705 occiso,
