1815 3181
415 198 499 238 202

820 192 1278 230 HERODOTI

414 306 483 349 τοὶ
512 305 558 348 δὲ
587 302 819 358 ἀνέβαινον
855 301 963 356 χειρὶ
992 304 1144 357 πολλῇ,
1173 300 1425 356 ποιεύμενοι
1448 300 1676 357 Ἐφεσίους

384 371 628 428 Ξὴγεμόνας
654 373 727 425 τῆς
757 367 878 411 ὁδοῦ.
930 369 1221 423 πορευόμενοι
1251 368 1296 411 δὲ
1325 369 1446 421 παρὰ
1474 370 1676 425 ποταμὸν

416 438 687 493 Καΰστριον,
727 436 930 479 ἐνθεῦτεν
959 435 1050 478 ἐπεί
1078 451 1122 478 τε
1151 434 1418 491 ὑπερβάντες
1447 436 1524 480 τὸν
1556 441 1676 492 Τμῶ-

413 512 493 551 λον
521 503 749 555 ἀπίκοντο,
781 505 976 559 αἱρέουσι
999 502 1181 558 Σάρδις,
1213 501 1395 554 ου’δενός
1415 514 1493 560 σφι
1524 503 1675 548 ἀντιω-
1745 558 1749 560 Π

415 575 590 624 θέντος·
629 570 825 625 αἱρέουσι
872 571 918 614 δὲ
958 570 1089 627 χωρὶς
1127 574 1203 626 τῆς
1240 565 1502 625 ἀκροπόλιος
1540 572 1676 617 τᾶλλα

355 781 426 805 nus
447 780 534 804 cum
554 767 633 803 aliis
654 761 841 818 Κορήσῳ.
896 765 1012 816 Apud

355 823 510 862 Diodor.
540 823 650 868 XIV,
691 823 743 861 99
773 835 877 859 nunc
910 830 1012 859 recte

355 880 473 917 edunt
507 875 738 930 Κόρησσον,
779 875 875 929 ὅρος
903 877 1009 930 ὕψη-

354 934 424 976 adv
442 938 514 988 τῆς
537 930 708 985 Ἐφέσου
738 929 884 986 οἷπέχον
915 946 1010 974 στα-

355 993 466 1039 δίους
505 987 808 1043 τεσσαράκοντα.
884 993 1011 1030 Minus

352 1050 461 1097 bene,
483 1056 524 1085 ut
534 1049 586 1085 ibi
596 1055 751 1084 annotat
762 1049 1008 1100 Wesseling.‚

351 1105 454 1157 apud
482 1106 659 1143 Strabon.
689 1106 779 1142 XIV
807 1118 896 1157 pag.
928 1105 1010 1147 634

351 1176 380 1199 s.
403 1162 483 1203 940
499 1164 545 1200 Β.
570 1158 798 1214 Κορισσὸν.
855 1161 918 1199 Ad
938 1175 1009 1213 ge-

350 1220 513 1256 nitivum
531 1214 713 1268 Ἐφεσίης
743 1219 844 1257 conf.
870 1218 1007 1258 Matth.

351 1277 416 1312 Gr.
438 1277 502 1312 Gr.
525 1288 611 1326 pag.
637 1278 731 1316 629.

407 1329 636 1383 ποιεύμενοι
676 1329 884 1380 Ἐφεσίους
915 1331 1009 1385 ἦγε-

350 1385 500 1440 μόνας]
541 1388 675 1425 Adieci
699 1387 756 1425 his
783 1389 907 1425 verbis
937 1392 1009 1440 τῆς

348 1444 455 1494 ὁδοῦ,
485 1446 600 1495 vulgo
621 1446 757 1482 omissa
787 1447 1009 1484 auctoritate

349 1501 432 1541 cod.
472 1502 679 1539 Florentini
707 1509 745 1538 et
774 1503 891 1539 trium
912 1505 1009 1541 alio—

349 1572 433 1596 rum
455 1558 569 1596 codd.
626 1559 735 1596 Conf.
755 1559 865 1607 VIII,
895 1563 945 1600 31
971 1567 1008 1598 et

349 1622 443 1652 nott.
465 1614 513 1651 ad
529 1617 574 1662 V,
600 1614 661 1655 14.
691 1617 871 1652 Fluvium
891 1613 1007 1656 Καΰ-

348 1684 481 1723 στριον
501 1673 540 1708 in
564 1673 740 1709 Cilbianis
757 1673 855 1723 iugis
878 1681 1006 1711 ortum

347 1729 563 1780 multosque
600 1730 698 1766 rivos
736 1742 869 1767 secum
900 1729 1005 1767 defe-

346 1792 505 1832 rentem,
530 1792 620 1822 teste
639 1787 738 1823 Ptin.
754 1788 804 1823 H.
824 1789 871 1824 N.
883 1788 928 1835 V,
950 1791 1004 1828 29

345 1841 449 1891 (31),
473 1849 509 1879 et
528 1855 596 1893 per
617 1843 781 1894 Campos
803 1843 1005 1895 Caystrios‚

345 1900 411 1950 qui
438 1906 640 1947 vocantur,
681 1900 727 1937 ad
763 1913 869 1937 mare
896 1899 1005 1937 dela-

346 1955 519 2002 bentem,
559 1969 677 2007 prope
718 1955 916 2007 Ephesum
956 1957 1006 1994 ad

345 2013 655 2061 septemtrionem
697 2015 783 2050 satis
831 2015 1004 2051 celebra-

347 2074 435 2104 runt
479 2075 643 2117 veteres,
685 2083 900 2120 cygnorum
938 2085 1002 2107 re-

348 2125 600 2173 ceptaculum.
666 2126 751 2165 vid.
787 2127 913 2164 Strab.
944 2129 1003 2164 IX

348 2179 414 2216 fin.
444 2181 534 2216 XIII
566 2194 654 2230 pag.
682 2184 761 2223 626
790 2196 820 2219 S.
851 2186 931 2225 929
951 2185 1002 2221 A.

346 2238 427 2276 930
442 2236 470 2272 C
493 2233 539 2287 (s.
560 2239 673 2286 627).
701 2252 739 2288 p.
758 2238 852 2280 650.
872 2254 902 2278 s.
921 2243 999 2282 961

347 2291 377 2327 C
396 2305 475 2344 seq.
498 2299 535 2329 et
565 2294 728 2344 reliquos
749 2302 920 2333 veterum
941 2298 1003 2334 lo·-

347 2361 410 2384 cos
439 2348 541 2398 apud
579 2348 794 2390 Tzschuck.
828 2354 866 2389 in
904 2361 1002 2390 nott.

348 2412 512 2454 exegett.
545 2404 647 2454 (Vol.
678 2408 744 2443 111.
772 2410 816 2446 P.
846 2410 882 2458 Ι)
913 2423 1003 2461 pag.

346 2459 427 2500 494
448 2474 553 2513 seqq.
585 2461 633 2498 ad
667 2464 756 2500 Mel.
784 2467 812 2511 1,
838 2468 886 2505 17
909 2469 947 2512 ξ.
975 2469 1002 2506 2

346 2517 432 2552 coll.
463 2519 650 2554 Manuert.
681 2520 897 2571 Geograph.
938 2524 1001 2570 VI,

347 2574 370 2612 3
392 2586 480 2624 pag.
509 2576 605 2615 306.
644 2573 846 2613 Chandler.
868 2579 1002 2616 Reisen

347 2629 384 2664 in
436 2631 650 2666 Kleinasien
692 2645 775 2681 cap.
816 2635 1003 2671 XXXVII

345 2698 431 2735 pag.
457 2689 534 2727 186
546 2700 651 2739 seqq.
685 2686 755 2725 Cr.
777 2688 880 2725 addit
901 2691 1001 2730 C.B.

345 2742 442 2778 Hase
460 2741 505 2779 ad
519 2744 638 2780 Leon,
651 2745 809 2781 Diacou.
819 2758 856 2794 p.
873 2748 949 2786 188
959 2748 1002 2784 C.

344 2799 453 2835 Nunc
487 2801 614 2836 vocari
641 2813 795 2837 amnem
825 2799 955 2839 dicunt
982 2817 1004 2840 a

1070 765 1208 802 Turcis
1239 765 1406 803 Kutchuk
1435 764 1604 815 Μίπᾱετ,
1650 769 1676 804 i.
1708 781 1729 804 e

1069 821 1310 860 Maeandrum
1324 835 1495 872 parvum,
1533 837 1555 860 a
1576 825 1729 862 Graecis

1068 878 1280 927 Kara—Sa‚
1308 880 1334 916 i.
1358 894 1390 916 e.
1423 892 1553 930 aquam
1573 883 1728 929 nigram.

1067 935 1144 972 Alii
1184 949 1273 972 eum
1304 950 1408 973 nunc
1439 937 1568 973 vocari
1607 936 1728 986 Chias,

1067 993 1130 1028 alii
1180 992 1306 1030 Clzaici
1349 992 1523 1041 tradunt,
1571 1000 1729 1031 notante

1067 1050 1177 1086 Gallo
1207 1048 1318 1086 docto
1346 1051 1427 1087 viro
1457 1049 1505 1086 ad
1524 1050 1624 1087 Plin.
1653 1051 1678 1090 l.
1700 1052 1727 1088 l.

1066 1107 1117 1143 T.
1138 1107 1190 1143 IV
1210 1120 1249 1157 p.
1268 1108 1348 1147 381
1372 1105 1640 1155 Panckouck.,
1655 1108 1728 1145 nisi

1064 1161 1138 1200 hoc
1159 1170 1367 1214 utrumque
1397 1177 1445 1199 ex
1472 1164 1536 1200 illa
1557 1165 1728 1215 appella-

1064 1221 1187 1268 tione,
1226 1233 1323 1273 quae
1351 1219 1620 1271 indigenarum
1649 1234 1729 1258 esse

1064 1276 1206 1323 fertur,
1286 1276 1536 1329 depravatum
1596 1279 1728 1315 existi-

1063 1326 1202 1370 inetur&

1123 1387 1302 1440 αἱρέουσι
1365 1384 1555 1440 Σάρδις]
1625 1389 1727 1428 Solis

1063 1445 1358 1483 Atheniensibus
1386 1444 1568 1483 Sardium
1602 1459 1728 1497 expu-

1063 1504 1289 1554 guationem
1299 1503 1431 1539 tribuit
1442 1501 1593 1539 Charon
1606 1504 1728 1539 Lam-

1063 1573 1249 1611 psacenus
1279 1558 1382 1611 apud
1410 1558 1660 1610 Pseudoplut.
1691 1561 1728 1596 Π

1063 1630 1102 1667 p.
1124 1620 1202 1658 861
1227 1618 1296 1665 D.;
1323 1617 1600 1654 Eretriensibus
1620 1615 1727 1655 vide-

1062 1680 1124 1710 tur
1143 1674 1314 1710 tribuisse
1337 1674 1540 1725 Lysanias,
1569 1680 1728 1710 notante

1061 1729 1261 1778 Valcken„
1300 1731 1365 1782 qui
1395 1729 1541 1766 confert
1569 1729 1726 1768 Aristid.

1061 1789 1118 1824 De
1137 1785 1381 1824 Athenienss.
1401 1787 1452 1823 T.
1470 1787 1488 1822 I
1515 1799 1604 1837 pag.
1628 1789 1727 1827 209.

1117 1842 1236 1895 χωρὶς
1256 1845 1328 1893 τῆς
1348 1837 1604 1895 ἀκροπόλιος]
1637 1843 1727 1880 Sar-

1061 1899 1169 1938 dium
1189 1913 1258 1937 arx
1276 1901 1374 1937 bene
1385 1900 1534 1936 munita
1553 1899 1726 1952 adeoque

1058 1957 1367 2007 inexpugnabilis
1405 1955 1634 2003 habebatur,
1658 1991 1659 1994 ,
1683 1961 1726 1994 ut
1778 1992 1786 1998 ,

1059 2013 1224 2051 vidimus
1258 2015 1287 2062 1,
1319 2016 1396 2061 84,
1431 2025 1553 2064 eaque
1571 2013 1633 2050 vel
1651 2025 1726 2063 po-

1058 2071 1275 2108 sterioribus
1295 2070 1532 2121 temporibus
1551 2083 1631 2106 non
1650 2070 1725 2106 nisi

1060 2126 1148 2164 dolo
1170 2134 1297 2164 arteve
1325 2134 1390 2163 aut
1417 2125 1633 2177 proditione
1654 2139 1725 2163 ex-

1057 2190 1228 2234 pugnata
1246 2184 1359 2221 fuisse
1379 2181 1557 2231 traditur,
1588 2181 1635 2219 ad
1657 2172 1723 2219 ca-

1058 2241 1180 2291 ptivos
1210 2253 1253 2277 ac
1286 2238 1480 2276 thesauros
1501 2238 1723 2276 custodien-

1060 2296 1127 2334 dos
1148 2297 1212 2333 illa
1234 2295 1389 2348 quidem
1417 2296 1621 2346 aptissima.
1664 2297 1723 2332 De

1059 2366 1135 2406 qua
1156 2366 1241 2390 arce
1263 2353 1541 2391 accuratissime
1562 2353 1639 2402 egit
1657 2350 1721 2388 hi-

1056 2410 1288 2462 storiamque
1309 2410 1387 2446 eius
1408 2410 1516 2460 quasi
1549 2408 1723 2446 exhibuit

1058 2466 1320 2505 Hemsterhus.
1351 2465 1400 2503 ad
1419 2466 1579 2503 Lucian.
1601 2466 1651 2502 T.
1667 2466 1721 2501 111

1058 2536 1146 2575 pag.
1189 2524 1270 2566 385
1301 2536 1381 2575 seq.
1415 2535 1585 2575 quocum
1620 2521 1723 2559 conf.

1057 2582 1249 2618 Maunert.
1292 2581 1434 2630 Geogr.
1471 2580 1535 2627 VI,
1567 2581 1592 2620 3
1632 2591 1722 2629 pag.
1790 2605 1794 2611 .

1059 2636 1156 2677 359.
1177 2639 1272 2677 360.
1329 2638 1429 2673 Nam
1458 2637 1529 2673 sita
1556 2642 1635 2672 erat
1658 2635 1722 2671 illa

1058 2706 1127 2729 arx·
1146 2694 1186 2730 iu
1207 2699 1341 2731 moute
1360 2693 1413 2730 ita
1434 2691 1535 2729 edito
1556 2704 1599 2728 ac
1608 2703 1722 2742 prae·

1060 2750 1175 2800 cipiti,
1197 2756 1239 2786 ut
1258 2751 1324 2787 vix
1344 2750 1425 2786 sine
1447 2749 1524 2786 ullo
1552 2747 1722 2799 periculo

1059 2805 1262 2842 escendere
1283 2807 1398 2857 possis
1413 2835 1424 2854 ‚
1461 2805 1651 2857 simulque
1671 2805 1722 2842 ita
