1870 3249
0 305 83 351 103

390 186 1059 224 TERPSICHORE.
1120 188 1165 224 V.

1336 187 1421 230 207

184 324 193 327 —
243 295 347 340 Τότε
376 295 455 352 μὲν
485 294 538 351 δὴ
568 294 684 339 οὕτω
713 294 1009 352 ήγωνίσαντο·
1065 295 1170 352 μετὰ
1199 295 1266 348 δὲ,
1298 294 1422 354 Ἀθη·

147 370 266 410 ναῖοι
308 366 387 420 μὲν
434 363 484 408 τὸ
526 363 736 417 παράπαν
784 361 1072 415 ἀπολιπόντες
1116 362 1219 415 τούς
1251 363 1420 417 Ἴωνας,

146 433 485 488 ἐπικαλεομένου
515 432 652 488 σφέας
681 432 820 476 πολλοὶ
852 431 912 477 δι’
946 432 1142 488 ἀγγέλων
1176 431 1420 488 Ἀρισταγό-

116 509 254 556 Ξρεω,
293 500 376 544 οὐκ
405 501 578 557 ἔφασαν
606 500 868 558 τιμωρήσειν
909 503 1044 556 σφίσι.
1093 500 1238 552 Ἴωνες
1268 501 1314 544 δὲ
1342 504 1419 556 τῆς

141 569 387 625 Ἀθηναίων
431 570 675 625 συμμαχῖκης
713 571 1014 626 στερηθέντες,
1054 568 1192 621 (οὕτω
1222 568 1307 625 γάρ
1338 577 1470 625 σφι85

142 635 308 694 ὑπῆρχε
348 637 618 693 πεποιημένα
657 636 700 688 ἐς
735 642 949 692 Δαρεῖον)
999 634 1132 680 οὐδὲν
1183 636 1236 693 δὴ
1277 631 1416 693 ἧσσον

112 703 224 749 3τὸν
252 704 362 759 πρὸς
398 704 578 760 βασιλέα
615 704 810 761 πόλεμον
846 704 1143 765 ἐσκευάζοντο.
1202 704 1416 748 Πλώσαν-
1472 719 1677 791 gssiffissffifftm

139 788 206 824 τες
225 773 271 817 δὲ
288 772 332 823 ἐς
352 772 430 817 τὸν
455 770 787 830 Ἑλλήσποντον,
818 773 1063 828 Βυζάντιόν
1083 789 1128 817 τε
1145 773 1216 817 καὶ
1247 772 1326 825 τοὶς
1347 773 1416 817 ἅλ-

138 844 217 891 λας
246 841 371 891 πόλις
411 840 580 892 ἁπάσας
622 840 700 893 τοές
729 840 868 899 ταύτῃ
908 840 990 886 ὑπ’
1026 841 1229 886 ἑωυτοῖσι
1273 839 1418 897 ἐποιή-

111 910 136 947 4
147 919 291 952 σαντο.

351 909 648 961 ἐκπλώσαντές
674 926 718 953 τε
748 911 826 963 ἔξω
856 911 935 954 τὸν
959 909 1293 967 Ἑλλήσποντον,
1327 912 1415 952 Κα-

141 977 237 1032 ρίης
273 975 355 1033 τήν
398 977 563 1034 πολλὴν
610 978 965 1035 προσεκτήσαντο
1013 981 1138 1035 σφίσι
1183 977 1413 1034 σύμμαχον
1428 983 1474 1018 90

84 1162 242 1200 victori-<⁴1
262 1170 434 1207 enarrat,
465 1163 496 1199 si
529 1175 618 1200 cum
638 1162 748 1200 Stra-

85 1220 175 1257 bon.
196 1222 235 1257 X
253 1234 292 1271 p.
315 1219 396 1260 446
416 1233 522 1271 seqq.
556 1218 637 1260 448
658 1232 746 1270 pag.

84 1278 168 1317 687
191 1277 234 1314 C.
257 1278 514 1323 conferantur,
535 1277 646 1313 valde
656 1290 749 1327 pro-

23 1380 30 1384 (
83 1333 209 1371 babile
229 1347 320 1382 esse,
346 1333 573 1370 Eualcidem
592 1335 746 1382 Eleum,

85 1403 203 1442 quem
233 1392 438 1428 Pausanias
466 1392 529 1438 VI,
563 1393 611 1430 16
644 1392 680 1436 ξ.
720 1390 747 1431 4

85 1455 364 1485 commemorat
391 1448 593 1499 Olympiae
621 1449 746 1485 victo-

84 1517 189 1553 rem,
218 1503 385 1541 eundem
407 1518 485 1541 esse
507 1512 621 1556 atque
642 1518 745 1551 eum,

85 1563 150 1613 qui
179 1569 264 1613 post
293 1561 373 1599 dux
401 1561 515 1598 fuerit
547 1563 746 1599 Eretrien-

83 1619 195 1655 sium.
244 1620 343 1655 Nam
359 1619 420 1656 vel
439 1626 527 1655 ante
547 1617 621 1655 hoc
641 1626 746 1655 tem-

83 1688 154 1726 pus
184 1674 368 1727 (Olymp.
400 1677 468 1723 70,
504 1678 531 1715 2
551 1689 581 1712 s·
606 1674 688 1716 499
711 1689 744 1712 a.

85 1730 175 1769 Chr.
195 1734 255 1783 ιι.)
269 1733 387 1769 Ceam
406 1732 572 1769 insulam
591 1733 638 1769 ab
648 1734 748 1769 Ere-

84 1789 163 1825 triis
192 1787 416 1839 pependisse
447 1788 554 1826 idem
585 1791 748 1827 coniecit

83 1844 332 1882 Broendsted.
352 1867 408 1875 --
440 1846 564 1882 Verba
585 1842 748 1885 ἐσκεδα-

86 1905 245 1951 σθησαν
263 1896 344 1940 nivo?
364 1898 434 1947 τοὶς
444 1898 587 1948 πόλιας
607 1904 748 1940 excitat

85 1956 251 1995 Fischer.
269 1957 317 1994 ad
335 1958 498 1995 Weller.
519 1960 585 2005 111,
606 1971 628 1995 a
656 1972 744 2010 pag.

88 2015 106 2052 1
115 2015 180 2060 62,
194 2014 243 2051 ob
263 2016 343 2050 vim
355 2016 642 2065 praepositionis
655 2011 746 2064 α’νοὶ,

84 2082 183 2122 quae
203 2072 303 2109 valet
319 2083 395 2121 per.

301 2173 395 2223 cap.
422 2173 519 2210 cm.

138 2237 447 2291 ἐπικαλεομένου
470 2237 613 2290 σφέας]
636 2241 744 2277 Reti-

81 2297 150 2333 nui
176 2295 249 2334 hoc
278 2310 368 2334 cum
398 2298 514 2337 Gaisf.
554 2297 631 2333 Alii
662 2296 742 2337 ε’πι·

81 2352 358 2404 καλεομένους.
389 2354 500 2393 Conf.
522 2355 568 2401 V,
592 2354 684 2396 105.

111 2405 216 2449 οὕτω
230 2405 305 2462 γάρ
319 2421 392 2459 σφι
404 2408 558 2462 ὑπῆρχε
570 2425 743 2462 πεποιη-

82 2463 183 2517 μένα
204 2465 243 2513 ἐς
263 2468 463 2517 Δαρεῖον]
517 2469 543 2504 i.
574 2480 608 2507 e.
638 2481 741 2505 nam-

82 2535 146 2573 que
164 2525 219 2560 ita
241 2524 286 2561 ab
312 2524 415 2561 initio
433 2524 602 2562 adversus
625 2536 740 2574 regem

80 2583 253 2628 egerant,
281 2586 324 2616 ut
344 2592 433 2616 cum
453 2581 518 2617 illo
548 2582 742 2619 conciliari

79 2649 120 2674 se
134 2637 295 2674 minime
314 2648 424 2687 posse
437 2637 535 2674 bene
550 2637 742 2690 intellige-

78 2700 174 2735 rent.
204 2695 338 2746 Itaque
357 2691 649 2730 Atheniensium
670 2708 742 2732 au-

77 2750 169 2787 xilio
191 2751 365 2803 quamvis
387 2749 567 2797 destituti,
587 2749 637 2787 ad
657 2752 742 2789 bel-

77 2805 159 2844 lum
178 2806 427 2845 nihilominus
447 2820 528 2845 sese
543 2809 740 2859 parabant.

803 1162 865 1200 Ad
886 1163 1121 1201 locutionem
1150 1166 1282 1202 ποιεῖν
1308 1161 1365 1209 εἷς
1379 1158 1469 1211 τινά

804 1221 905 1258 conf.
942 1223 971 1269 Ι,
1004 1219 1070 1260 41.
1100 1222 1166 1268 ΙΙΙ,
1189 1219 1254 1260 49.
1280 1221 1349 1267 ΙΧ,
1375 1222 1469 1260 106.

802 1299 859 1305 —
879 1279 973 1314 Mox
994 1291 1083 1315 cum
1096 1275 1280 1315 Matthiae
1297 1276 1470 1326 rescripsi

802 1328 932 1385 ἧσσον
953 1347 1022 1385 pro
1050 1333 1167 1374 ἕσσον
1197 1333 1302 1382 (vid.
1325 1334 1370 1380 V,
1393 1334 1468 1383 72)

804 1398 858 1438 et,
900 1392 1036 1442 optimi
1060 1392 1271 1428 Florentini
1301 1391 1471 1427 auctori-

802 1455 878 1485 tate
898 1446 966 1487 τὸν
991 1445 1093 1497 πρός
1112 1446 1274 1500 βασιλέα
1293 1461 1363 1499 pro
1397 1444 1468 1486 τόν

801 1501 899 1555 πρὸς
920 1502 973 1544 τό
986 1521 1009 1544 ν
1028 1505 1214 1556 βασιλῆα,
1243 1504 1350 1557 quod
1364 1505 1466 1541 Mat-

800 1561 904 1599 thiae
926 1563 1061 1599 tenuit.
1120 1564 1179 1599 De
1199 1562 1358 1599 articulo
1379 1568 1468 1598 ante

801 1617 901 1656 hanc
921 1632 1059 1656 vocem
1089 1620 1229 1657 omisso
1259 1618 1337 1656 vid.
1365 1620 1466 1655 Ben-

803 1677 912 1713 soler.
935 1676 983 1713 ad
1003 1678 1157 1715 Isocrat.
1178 1677 1399 1727 Areopagit.
1426 1690 1465 1727 p.

807 1734 886 1774 125
907 1747 986 1785 seq·
1013 1730 1270 1780 ἐσκευάζοντο
1288 1733 1363 1770 dici
1382 1746 1465 1772 mo-

803 1797 869 1826 net
877 1791 1112 1841 wesseling.
1129 1791 1293 1840 simplex
1304 1790 1467 1828 verbum

802 1859 872 1896 pro
894 1848 1118 1897 composit0‚
1139 1854 1181 1884 ut
1202 1848 1264 1894 VI,
1288 1850 1381 1887 100.
1407 1849 1466 1883 De

802 1902 983 1953 Byzantio
1003 1904 1106 1940 conf.
1130 1910 1226 1943 nott.
1248 1901 1370 1950 ale‚
1385 1901 1464 1943 144

804 1967 841 1996 et
862 1959 909 1996 de
929 1961 1145 1998 locutione:
1181 1955 1250 1998 ὑπ’
1284 1958 1465 1999 ἑωυτοῖσι

802 2019 1008 2055 ποιεῖσθαι
1028 2024 1123 2054 nott.
1146 2016 1195 2054 ad
1215 2018 1260 2065 V,
1283 2019 1349 2057 30.

859 2070 1131 2120 ἐκπλώσαντές
1147 2089 1186 2113 τε
1200 2073 1272 2121 ἔξω
1292 2070 1363 2112 τὸν
1380 2071 1464 2112 Ἑλ-

801 2125 1046 2181 λήσποντον]
1079 2132 1145 2168 Tu
1178 2131 1281 2169 conf.
1300 2132 1372 2174 111,
1397 2133 1462 2178 16,

801 2193 838 2222 et
859 2185 906 2223 de
929 2189 1141 2225 accusativo
1163 2187 1311 2225 adiecto
1323 2186 1462 2224 Matth.

800 2244 868 2280 Gr.
891 2245 956 2281 Gr.
985 2258 1075 2296 pag.
1106 2246 1202 2285 697.
1245 2247 1324 2282 Nec
1355 2246 1463 2282 aliter

797 2301 843 2348 V,
878 2299 981 2342 104:
1033 2297 1214 2351 φυλάξας
1248 2300 1474 2350 ἐξελθόντα-

796 2354 842 2397 το“
862 2354 982 2405 ὄῖστυ,
1019 2360 1106 2395 coll.
1127 2359 1208 2407 VII,
1230 2359 1299 2400 58.

831 2436 835 2438 *
854 2412 1178 2466 προσεκτήσαντο
1190 2436 1246 2445 -—
1260 2412 1381 2464 εἶναι]
1399 2414 1461 2452 Ad

796 2477 1026 2508 structuram
1045 2472 1145 2512 conf.
1169 2479 1265 2509 nott.
1277 2472 1324 2510 ad
1336 2474 1380 2519 V,
1392 2473 1461 2514 25.

797 2527 900 2566 Add.
921 2529 1003 2577 VII,
1032 2529 1083 2571 51
1108 2532 1313 2581 Κῦρος-
1334 2525 1462 2567 Ἰωνί-

798 2599 850 2635 ην
915 2588 1052 2625 πᾶσαν
1079 2608 1136 2614 —
1167 2585 1460 2638 κατεστρέψατο

798 2639 1063 2694 δασμοφόρον
1095 2639 1234 2683 εἶναι
1267 2642 1461 2697 Πέρσῃσι.

797 2697 859 2735 Ad
899 2700 1016 2737 verba
1042 2713 1149 2752 seqq.
1180 2699 1248 2740 καὶ
1271 2697 1346 2751 yolo
1385 2696 1461 2749 τήν
1490 2705 1493 2707 ’

799 2757 971 2796 Καῦνον
994 2772 1031 2796 κ.
1061 2772 1095 2795 τ.
1124 2760 1156 2796 λ.
1191 2757 1292 2794 conf.
1322 2755 1458 2796 Matth.

798 2812 867 2849 Gr.
893 2813 960 2851 Gr.
989 2825 1080 2865 pag.
1101 2815 1196 2854 789.
1244 2815 1302 2850 De
1325 2813 1460 2863 Cauno,

1478 311 1552 339 Inde
1568 312 1664 347 lanea
1676 315 1736 343 etsi

1479 347 1680 374 Athenienses
1702 349 1753 376 do-

1476 389 1557 408 mum
1579 381 1729 409 discesse—

1476 420 1557 449 rant,
1576 415 1672 443 nihilo
1689 425 1736 444 ee-

1476 449 1540 476 cius
1563 449 1594 476 iu
1615 450 1696 477 bello

1475 487 1724 519 perseverantes,

1476 521 1508 544 et
1522 517 1703 552 Byzantium

1475 554 1677 587 caeterasque

1474 584 1672 620 Hellesponti
1701 595 1752 615 ur-

1473 619 1526 646 bes
1547 624 1733 656 expugnant,

1474 656 1506 680 et
1524 661 1666 687 magnam
1690 655 1749 682 ca-

1472 686 1538 714 riae
1556 690 1675 721 partem
1693 688 1733 716 ad
