1789 3213
435 146 900 185 POLYMNIA
956 144 1058 183 VII.

1276 145 1362 186 683

107 258 202 313 »ἐπὶ
231 256 312 314 τὴν
335 254 530 300 Ἐλλάδα
559 253 730 306 πάντως
755 271 838 299 κου
870 252 1132 305 πυνθάνεαι,
1161 252 1229 296 ὅτι
1246 251 1357 307 Πέρ,

107 339 213 384 ,,σης
232 323 343 381 ἀνὴρ
372 323 527 380 μέλλει,
556 324 700 377 ζεύξας
727 323 1140 380 τὸνἙλλήσποντον,
1171 320 1245 365 καὶ
1265 318 1364 364 ἐπά-

106 409 230 451 ,,γων
256 391 399 436 πάντα
423 391 502 435 τὸν
537 390 659 449 ἠῷον
688 391 873 446 στρατὸν
902 392 948 436 ἐκ
960 395 1036 448 τῆς
1059 389 1213 446 Ἀσίης,
1243 399 1365 443 στρα-

106 459 386 517 ,,τηλατήσειν
415 458 485 503 ἐπὶ
509 458 589 515 τὴν
612 459 817 503 Ἑλλάδα·
849 460 1077 515 πρόσχημα
1105 458 1185 514 μὲν
1209 457 1366 501 ποιεύ-

105 545 262 587 ,,μενος
291 527 349 580 ὥς
378 523 438 571 ἐπ’
468 526 650 584 Ἀθήνας
671 526 853 581 ἐλαύνει,
886 528 932 571 ἐν
952 527 1042 583 νόῳ
1073 527 1119 570 δὲ
1148 526 1258 582 ἔχων
1285 527 1361 568 πᾶ-
1376 530 1420 565 95

76 604 216 652 3,,σαν
253 596 334 654 τήν
368 595 550 640 Ἑλλάδα
582 595 661 640 ’ὑπ’
699 596 847 655 ἑωυτῷ
885 594 1167 651 ποιήσασθαι.
1226 593 1296 636 Σὺ
1319 593 1366 636 δὲ

103 665 344 722 ,,δυνάμιός
373 681 417 708 τε
445 663 562 721 ἥκεις
591 664 790 722 μεγάλης,
823 665 894 709 καὶ
923 662 1054 720 μοῖρά
1081 679 1150 707 τοι
1179 665 1255 718 τῆς
1277 659 1367 704 Ἑλ-

105 733 263 787 ,,λάδος
302 732 385 777 οὐκ
422 732 622 790 ἐλαχίστη
656 732 779 790 μέτα,

838 733 1018 788 ἄρχοντί
1049 748 1097 788 γε
1137 731 1340 786 Σικελίης
1352 745 1364 756 ·

102 803 284 860 ,,βοη’θει
311 818 356 846 τε
383 807 498 846 τοῖσι
528 803 806 857 ἐλευθεροῦσι
834 801 916 858 τήν
939 799 1132 851 Ἑλλάδα,
1163 798 1237 842 καὶ
1267 809 1367 841 συν-

76 869 383 925 4,,ελευθέρου.
443 870 549 927 ἁλὴς
586 870 664 927 μὲν
702 870 785 926 γάρ
825 869 1034 925 γενομένη
1071 871 1190 911 πᾶσα
1228 864 1256 922 ἡ
1280 865 1368 909 Ἑλ-

105 938 237 991 ,,λάς,
282 939 373 995 χεὶρ
414 938 578 995 μεγάλη
607 938 861 994 συνάγεται,
890 937 964 981 καὶ
993 935 1218 992 ἀξιόμαχοι
1247 932 1397 990 γινό-1

77 1012 250 1063 5,,μεθα
269 1013 382 1051 τοῖσι
411 1007 605 1051 ἐπιοῦσι·
634 1005 691 1063 ἢν
720 1006 767 1050 δὲ
794 1004 941 1062 ἡμέων
971 1007 1016 1049 οἱ
1044 1004 1123 1060 μὲν
1151 1018 1371 1057 καταπρο-

102 1076 310 1128 ,,διδῶσι,
357 1077 402 1119 οἱ
431 1077 477 1119 δὲ
505 1074 563 1132 μὴ
595 1075 758 1118 θέλωσι
793 1074 1044 1130 τιμωρέειν,
1085 1072 1134 1117 τὸ
1158 1074 1204 1117 δὲ
1233 1072 1372 1128 ὑγιαῖ-

101 1160 212 1196 ,,νον
248 1146 324 1199 τῆς
359 1143 562 1194 Ἑλλάδος
594 1140 623 1201 ᾗ
654 1139 820 1201 ὀλίγον,
862 1146 995 1185 τοῦτο
1026 1142 1078 1198 δὴ
1106 1140 1191 1198 ἤδη
1225 1141 1373 1184 δεινὸν

50 1212 328 1268 ,6,,γίνεται,
374 1212 432 1268 μὴ
463 1212 571 1269 πέσῃ
609 1215 726 1255 πᾶσα
767 1209 793 1268 ἡ
820 1209 984 1260 Ἑλλάς.
1042 1208 1120 1266 Μή
1141 1209 1223 1265 γὰρ
1252 1209 1395 1252 ἐλεεῖ-5

106 1291 226 1336 ,,σῃς,
253 1278 311 1336 ἦν
339 1280 473 1337 ἡμέας
502 1279 847 1335 καταστρέψηται
877 1278 900 1323 ὁ
931 1279 1105 1334 Πέρσης
1133 1277 1247 1335 μάχῃ
1268 1294 1372 1333 κρα-

105 1346 275 1404 ,,τήσας,
306 1345 367 1399 ὥς
396 1347 494 1392 οὐκὶ
523 1348 614 1404 ἥξει
641 1347 760 1402 παρὰ
789 1346 835 1390 σέ
863 1363 931 1403 γε,
957 1345 1065 1390 άλλά
1093 1345 1179 1403 πρὸ
1209 1345 1372 1388 τούτου

76 1415 342 1472 7,,φύλαξαι.
400 1416 605 1472 βοηθέων
641 1415 727 1472 γάρ
765 1414 891 1470 ἡμῖν,
934 1418 1107 1471 σεωυτῷ
1137 1413 1370 1468 τιμωρέεις.
1429 1422 1508 1462 578

105 1488 192 1543 „¹⁶95
223 1484 270 1527 δὲ
299 1478 349 1527 εὖ
382 1484 665 1540 βουλευθέντι
691 1482 911 1539 πρήγματι
941 1482 1114 1538 τελευτή
1153 1479 1212 1532 ὦς
1246 1481 1296 1524 τὸ
1328 1480 1372 1524 ἐ-

103 1554 271 1605 ,,πίπαν
299 1551 457 1609 χρηστὴ
488 1553 626 1597 ἐθέλει
657 1551 970 1608 ἐπιγίνεσθαι.“

107 1795 155 1838 σύ
179 1795 222 1838 δὲ
248 1793 442 1848 δυνάμιός
453 1812 492 1836 τε
510 1793 622 1847 ἥκεις
641 1810 711 1848 με·

50 1852 191 1908 γάλης]
205 1856 230 1895 i.
246 1869 280 1891 e.
301 1853 359 1892 Tu
379 1866 459 1891 vero
475 1854 523 1891 ad
542 1865 711 1902 magnam

45 1908 239 1963 potentiam¹
253 1912 459 1963 pervenisti.
516 1910 641 1947 Verbo
661 1905 712 1960 ἥ-

49 1983 135 2007 κειν
154 1980 244 2004 cum
265 1967 477 2004 adstruatur
503 1968 710 2017 genitivus,

50 2025 82 2062 si
108 2024 298 2061 adiectum
328 2030 382 2061 est
411 2022 634 2061 adverbium
656 2017 714 2062 ἐὖ

49 2082 112 2119 vel
131 2082 253 2118 simile
284 2080 375 2133 quid
397 2077 456 2131 (ut
475 2081 504 2128 I,
528 2083 594 2120 30.
619 2078 711 2127 149,

50 2139 131 2175 aliis
162 2139 254 2175 locis
293 2151 314 2174 a
347 2136 532 2174 Valcken.
565 2135 711 2187 allatis)

49 2193 226 2232 Reiskius
239 2195 352 2232 scribi
361 2194 442 2232 vult
453 2190 631 2246 μεγάλως
641 2205 710 2244 pro

53 2248 244 2303 μεγάλης,
295 2250 371 2303 ᾳυΐι
416 2263 510 2288 voce
559 2263 711 2302 prorsus

53 2311 192 2355 eiecta,
224 2307 519 2346 Valckenaerius
559 2308 712 2358 refingit

54 2358 100 2404 εὖ
146 2359 270 2415 ἥκεις.
368 2364 561 2417 Equidem
621 2376 712 2402 cum

53 2419 416 2471 Schweighaeusero
459 2434 480 2457 a
511 2422 614 2458 libris
643 2435 711 2458 ve·

51 2479 158 2515 tustis
177 2484 275 2514 stare
301 2479 420 2514 malui
441 2491 557 2529 quam
584 2478 713 2516 in‘cer-

10 2564 14 2577 1
53 2541 109 2572 tas
129 2535 235 2586 sequi
256 2535 518 2571 correctiones.

111 2587 212 2641 άλής
237 2588 308 2640 μὲν
332 2587 405 2642 γάρ
423 2589 615 2641 γενομένη
631 2593 711 2629 πᾶ-

57 2659 106 2687 σα
141 2646 170 2699 ἦ
200 2643 374 2694 ΓΕλλοὶς]
413 2648 567 2683 Retiuui
596 2661 710 2697 γενο-

56 2703 155 2755 μένη
185 2702 325 2741 codicis
345 2704 554 2740 Florentini
575 2710 711 2740 aucto-

56 2761 165 2798 ritate
190 2773 314 2812 nuper
339 2766 531 2797 mutatum
551 2760 590 2796 in
605 2773 712 2812 γενο-

1033 1553 1085 1595 Οἱ
1117 1551 1197 1607 μὲν
1235 1553 1372 1593 ταῦτα

767 1793 880 1846 μένη.
930 1796 1015 1846 Ipsa
1034 1793 1221 1845 participii
1240 1799 1428 1830 structura

767 1851 816 1888 ad
847 1865 891 1888 ea
919 1852 1108 1902 pertinere
1155 1849 1327 1898 videtur,
1382 1849 1430 1886 de

768 1909 904 1960 quibus
930 1907 1067 1962 Matth.
1097 1909 1163 1944 Gr.
1196 1908 1262 1944 Gr.
1286 1908 1324 1952 ξ.
1347 1906 1429 1947 562

766 1972 846 2003 not.
876 1979 914 2016 p.
951 1967 1070 2006 1109.
1089 1987 1146 1991 —
1174 1965 1219 2000 In
1253 1977 1357 2016 seqq.
1380 1962 1429 2000 ad

768 2018 812 2062 τὸ
833 2018 875 2060 δὲ
886 2020 1070 2074 ’ὑγιαῖνον
1092 2021 1193 2058 conf.
1219 2028 1314 2057 nott.
1329 2019 1377 2057 ad
1396 2021 1427 2068 Ι,

769 2081 794 2120 8
825 2079 909 2118 coll.
942 2079 1003 2126 VI,
1027 2081 1117 2119 100.
1174 2079 1336 2115 Restitui
1355 2089 1426 2113 au-

767 2142 847 2172 tem
898 2137 1016 2174 τοῦτο
1069 2131 1117 2185 δὴ
1167 2136 1209 2170 in
1255 2147 1362 2186 seqq.
1404 2147 1426 2170 a

769 2190 1003 2243 Schweigh.⁷
1065 2191 1182 2228 Gaisf.
1232 2199 1269 2229 et
1321 2189 1424 2228 Bek-

766 2247 861 2286 kero
891 2263 912 2286 e
932 2248 1016 2287 cod.
1040 2249 1206 2285 Floreat.
1234 2254 1427 2285 mutatum

766 2307 809 2342 iu
822 2308 938 2346 τοῦτο
960 2303 1015 2353 δὲ,
1036 2305 1141 2358 quod
1157 2318 1224 2342 cur
1235 2306 1333 2357 stylo
1346 2306 1426 2340 He—

767 2362 925 2400 rodoteo
951 2365 1075 2413 magis
1105 2363 1151 2399 sit
1182 2362 1426 2409 conveniens,

767 2427 810 2456 ut
824 2427 931 2471 putat
945 2418 1429 2469 Schweighaeuser„equi-

769 2475 860 2513 dem
879 2490 958 2514 nou
977 2477 1158 2528 percipio.
1179 2498 1235 2503 —
1277 2477 1321 2512 In
1352 2475 1428 2510 fine

769 2546 851 2584 cap.
890 2534 937 2570 ad
970 2531 1024 2579 αἶς
1051 2531 1096 2572 τό
1139 2532 1286 2571 ἐπίπαν
1325 2531 1425 2567 conf.

764 2591 846 2637 VII,
868 2590 921 2630 50
943 2591 979 2634 ξ.
1005 2593 1040 2636 1,
1066 2589 1132 2625 ubi
1152 2590 1266 2624 etiam
1287 2586 1335 2624 de
1356 2600 1428 2623 usu

765 2647 872 2684 verbi
902 2645 1066 2693 ἐθέλειν,
1088 2644 1192 2696 quod
1213 2643 1251 2682 h.
1274 2645 1301 2681 l.
1326 2644 1427 2680 valet

767 2703 894 2750 solere,
920 2709 963 2739 ut
989 2709 1124 2738 notant
1152 2701 1280 2751 vigeri
1300 2699 1423 2737 edito-

767 2773 824 2798 res
843 2773 882 2810 p.
899 2757 992 2807 264,
1013 2771 1036 2796 a
1061 2758 1135 2795 Cr.
1155 2757 1319 2796 excitati.
