1806 3181
277 175 361 215 828
652 177 896 215 ADDENDA
932 178 1006 217 ET
1053 179 1388 221 CORRIGENDA.

278 283 330 317 Ad
355 283 430 329 VII,
449 285 514 320 197
537 296 614 330 pag.
639 285 716 322 744.
764 287 816 321 De
840 288 918 322 Iove
942 289 1130 342 Laphystio
1153 291 1241 324 conf.
1266 291 1367 325 etiam
1390 291 1562 326 Heinecke
1585 292 1745 336 (Homer.

495 342 527 363 u.
550 331 700 376 Lykurg.
728 333 779 377 (p.
797 335 872 369 126.
899 335 978 378 127)
992 335 1047 379 qui
1071 334 1157 368 idem
1181 347 1213 380 p.
1240 338 1304 372 118
1328 338 1370 371 de
1399 340 1518 372 Cerere
1530 339 1747 383 Amphictyo-

495 377 555 409 m'a
585 379 779 413 conserend.
803 401 849 406 —
870 379 922 413 De
945 380 1145 414 Athamante
1167 393 1201 426 Ρ.
1224 383 1292 418 745
1317 384 1404 418 conf.
1431 383 1588 419 Nitzsch.
1611 384 1654 418 ad
1675 385 1747 419 Ho-
1795 387 1801 391 ’

491 422 574 455 meri
597 424 673 466 Ody
677 435 721 458 ss.
744 425 785 464 V,
800 425 868 460 336
889 437 923 470 Ρ.
947 427 1003 461 53.

280 465 330 499 Ad
354 466 428 509 VH,
450 468 516 503 205
540 479 617 522 pag.
637 471 714 504 755.
740 469 830 510 τοὺς
851 471 1095 510 κατεστεῶτας
1117 472 1345 529 τριηκοσίους
1357 473 1483 530 Negris
1499 473 1624 528 accipit
1645 486 1748 518 τριηυ

496 512 644 553 κοσίους
665 515 741 549 τῶν
763 516 1012 551 κατεστεώτων
1035 518 1109 551 τῶν
1132 516 1170 553 ἐν
1201 515 1322 575 ἡλικία
1344 519 1414 553 scil.
1438 517 1582 561 ἐκλέξας
1604 531 1746 564 τριηκο-

493 558 594 599 σίους
619 557 692 595 οἷπὸ
717 561 806 602 τοὺς
830 562 1049 606 φθάσαντας
1073 563 1126 603 εἰς
1160 555 1339 620 ἀνδρικήν
1369 561 1531 618 ἡλικείαν
1565 564 1626 599 καὶ
1658 565 1747 600 σι’τι-

492 615 552 644 νες
575 602 672 649 εἶχον
694 605 815 644 τέκνα.
860 609 951 642 Idem
974 621 1047 653 cap.
1071 611 1138 644 218
1154 611 1291 643 verbum
1319 608 1550 653 ἐπιστάμενοι
1579 611 1748 656 interpre-

492 654 587 684 tatur
615 652 882 697 στοχαζόμενοι,
905 653 1147 697 πεπεισμένοι,
1171 660 1207 689 ut
1230 656 1292 698 ΙΙΙ,
1315 659 1369 691 66.
1397 656 1472 691 140.
1498 657 1592 698 VIII,
1625 658 1657 692 5.

491 697 546 730 25.
572 699 625 731 88.
650 701 705 734 97
732 701 810 734 13Ξ.
832 722 876 726 —
901 713 974 745 cap.
999 703 1067 735 220
1090 701 1178 734 idem
1201 701 1267 745 legi
1289 702 1361 735 vult
1381 702 1464 748 χρᾷ,
1485 700 1636 746 λέγοντα
1658 657 1748 737 wige

492 745 551 775 aut
575 743 676 776 etiam
701 742 829 788 ἔχοντα
853 739 936 787 ώδε,
960 758 1158 800 quamquam
1180 747 1274 791 prius
1297 749 1461 804 praefert

276 784 327 818 Ad
353 785 516 829 V11,223
540 800 617 832 pag.
640 791 706 824 778
730 792 929 825 locutionem
956 790 1254 836 παραχρεώμενοί
1285 804 1324 826 τε
1347 792 1408 826 καὶ
1435 790 1603 832 ἀτέοντες
1623 793 1672 827 ita
1693 796 1747 826 in-

493 837 702 888 terpretatur
714 836 858 880 Negris:
882 835 1048 894 οἷφειδῶς
1071 849 1248 891 χρωμενοι
1271 841 1350 878 τοῖς
1373 836 1510 888 σώμασι
1535 835 1572 871 ἔν
1596 834 1665 883 ἄτῃ
1685 833 1748 872 ὅν-

492 890 563 920 τες,
581 876 852 937 ἀφραίνοντες·
877 880 899 917 ὅ
921 881 994 917 ἐστι
1008 881 1262 940 βλαπτόμενοι
1284 883 1346 918 καὶ
1371 881 1748 927 ἁφροντιστοῧντεςὲ-

495 936 639 967 αυτων,
676 923 780 967 ὄντες
805 927 1073 972 απηλπισμένοι
1099 928 1161 964 καὶ
1185 927 1252 972 ἔξω
1283 930 1350 964 τοῦ
1378 928 1512 966 ἑαυτοῦ
1536 942 1622 973 των,
1647 934 1686 964 ut
1706 929 1745 965 11.

494 970 570 1014 XX,
593 974 672 1015 332,
693 975 752 1009 ubi
773 975 842 1009 vid.
860 975 979 1010 Bothe.
