1815 3181
289 265 322 313 4

48 339 162 366 Horum
177 340 302 379 populo-

47 381 113 399 rum
131 381 262 400 omnium
280 375 318 401 si-

47 406 133 433 miles
165 408 250 442 leges
275 407 318 434 in-

48 440 227 476 nutumque,

48 476 170 508 praeter
191 475 286 502 Geta-

47 515 132 541 rum,
169 507 303 535 Trauso-

48 547 112 567 rum
133 543 162 567 et
187 541 302 569 Trans-

47 576 301 602 crestonaeorum.

376 156 404 193 6
776 151 1237 188 HERODOTI

322 638 505 674 Gatterer.
526 638 552 674 l.
572 638 599 674 l.
618 648 706 687 pag.
718 636 783 677 64.
824 637 876 674 At
885 649 974 673 cum

320 695 357 730 T
360 694 584 741 auroxeniis,
623 694 689 745 qui
722 692 849 730 Sindis
888 699 975 730 sunt

320 751 433 786 vicini
448 777 460 794 ,
490 751 555 786 vix
576 763 638 787 eos
667 751 848 801 componi
866 762 975 800 posse

320 805 484 842 credam.
568 807 634 843 Tu
680 805 757 843 vid.
799 809 975 857 Koppen.

318 861 576 912 Nordgestade
588 862 625 899 d.
638 863 795 900 Pontus.
808 876 897 914 pag.
907 865 975 903 73.

319 920 477 969 Propius
514 917 590 956 huc
627 919 718 955 facit
758 918 974 970 Stephanus

318 977 411 1026 Byz.
433 989 471 1025 p.
493 976 595 1017 715:
633 977 826 1028 Τραυσοὶ·
860 972 975 1022 πόλις

320 1034 503 1070 Κελτῶν·
536 1031 668 1080 ἔθνος,
693 1030 763 1079 οὓς
783 1028 972 1083 οἷ”Ελλη-

320 1102 385 1134 νες
413 1083 693 1140 Ἀγαθύρσους
722 1085 972 1139 ὀνομάζουσι.

320 1144 397 1186 Quz'
432 1157 540 1194 supra
570 1159 599 1182 s.
627 1145 724 1182 ultra
754 1145 974 1183 Crestonaeos

320 1201 481 1238 habitant
516 1201 588 1249 (οἵ
620 1200 847 1255 κατύπερθε
868 1205 974 1254 Κρη-

322 1258 525 1296 στωναίων
547 1257 779 1308 οἰκέοντες),
812 1272 975 1296 80553118

321 1315 528 1351 accuratius
550 1313 652 1352 haud
672 1317 860 1353 novimus.
916 1317 975 1352 De

323 1368 479 1407 Crestone
507 1370 582 1408 vid.
605 1371 790 1423 disputata
810 1372 859 1409 ad
877 1374 906 1420 I,
921 1372 974 1413 57

320 1427 405 1463 coll.
436 1429 643 1479 interprett.
675 1428 724 1465 ad
752 1427 975 1481 Thucydid.

318 1483 365 1530 11,
386 1486 453 1524 99.

554 1541 646 1592 Cap.
667 1542 730 1579 IV.

379 1636 540 1680 Τούτων
559 1639 598 1681 τὲ
621 1639 667 1682 τὰ
692 1641 762 1694 μὲν
784 1642 899 1684 Γέται
918 1666 975 1671 -—

321 1695 471 1746 εἴρηταί
500 1699 593 1749 μοι]
635 1697 788 1741 τούτων
827 1701 974 1738 restitui

318 1765 387 1802 pro
408 1755 511 1804 vulg.
537 1754 720 1795 τουτέων.
777 1757 839 1794 Ad
859 1759 975 1795 verba

322 1808 365 1847 οἱ
384 1804 690 1860 ἀθανατίζοντες
709 1813 788 1851 vid.
810 1821 906 1851 nott.
927 1813 976 1851 ad

318 1865 379 1912 IV,
410 1869 462 1907 93
492 1881 579 1918 pag.
609 1868 690 1911 453
728 1878 763 1908 et
793 1873 833 1908 in
873 1870 976 1908 Add.

318 1934 405 1971 pag·
448 1926 526 1965 678
562 1925 678 1962 Tom.
717 1929 766 1964 ΙΙ.
806 1928 978 1964 Verbum

319 1976 525 2027 ἐπιτελεῖν,
548 1994 623 2032 (]110
643 1984 778 2020 Noster
796 1997 890 2021 mox
901 1986 980 2021 uti-

378 260 624 315 κατῦπερθε
644 260 970 315 Κρηστωναίων
995 256 1241 302 οἰκεόντων.

376 328 456 382 μὲν
487 329 615 371 Γέται
656 329 700 370 οἵ
737 326 1071 380 ἀθανατίζοντες
1106 318 1304 377 ποιεῦσι,
1345 326 1511 380 εἴρηταί
1548 342 1637 380 μοι.

382 396 571 449 Τραυσοὶ
613 395 659 438 δὲ
698 394 750 437 τοὶ
779 393 857 449 μὲν
896 394 1004 438 ἄλλα
1032 392 1174 437 πάντα
1211 391 1321 436 κατὰ
1352 392 1490 437 ταῦτα
1519 398 1636 437 τοῖσι

378 461 545 506 ἄλλοισι
577 462 710 519 Θρῃξὶ
739 462 1021 515 ἐπιτελέουσι,
1062 459 1172 504 κατὰ
1213 461 1259 505 δὲ
1294 459 1375 504 τόν
1401 459 1637 516 γινόμενόν
1692 475 1774 519 374

1307 256 1487 301 Τούτων
1517 257 1564 302 δὲ
1585 257 1638 302 τὰ
1649 261 1694 299 40

1031 642 1114 682 tur,
1143 635 1183 670 in
1210 634 1320 671 rebus
1351 635 1464 672 sacris
1498 634 1692 683 usitatum,

1031 692 1226 742 attigimus
1247 690 1296 728 ad
1315 693 1382 739 111,
1405 693 1445 731 8.

1085 766 1186 809 nocto?
1207 768 1249 809 δὲ
1273 766 1346 809 τόν
1374 764 1590 822 γινόμενόν
1620 781 1694 819 σφι

1031 826 1098 866 καὶ
1112 822 1407 878 ἀπογινόμενον
1418 828 1576 866 ποιεῦσι
1586 823 1694 865 τοιοί-

1032 884 1103 931 δε]
1143 878 1278 922 τοιάδε
1299 896 1388 920 cum
1407 889 1566 921 recentt.
1586 881 1694 920 editt.

1033 939 1190 976 exhibui
1228 953 1298 991 pro
1329 941 1434 990 vulg.
1453 935 1558 979 τάδε.
1615 940 1693 977 Pro

1031 992 1240 1049 γινόμενον
1268 998 1309 1033 111
1345 995 1535 1033 Gaisford.
1555 994 1694 1033 editio-

1029 1067 1122 1090 nem
1151 1054 1278 1090 nescio
1307 1053 1411 1090 unde
1440 1053 1589 1104 irrepsit
1618 1066 1694 1106 γε-

1031 1105 1214 1161 νόμενον,
1236 1123 1326 1147 cum
1344 1117 1446 1148 recte
1465 1111 1694 1161 impressum

1030 1168 1079 1204 sit
1099 1162 1409 1219 οἷπογινόμενον.
1464 1167 1517 1203 At
1534 1168 1575 1203 in
1601 1179 1695 1218 pro-

1032 1225 1138 1261 xime
1166 1225 1411 1276 sequentibus
1442 1222 1601 1260 exhibui
1627 1219 1695 1263 τὸν

1033 1279 1104 1332 μὲν
1126 1297 1148 1334 γ
1162 1295 1179 1320 ε
1192 1277 1366 1332 νόμενον
1379 1310 1389 1329 ,
1420 1280 1488 1317 ubi
1507 1278 1694 1318 Schaefe-

1032 1351 1094 1375 rus
1115 1344 1153 1374 et
1172 1336 1309 1374 Matth.
1328 1334 1399 1377 τόν
1429 1334 1501 1388 μὲν
1520 1332 1693 1388 γινόμε-

1032 1409 1126 1442 νον,
1164 1395 1292 1431 invitis
1314 1392 1441 1441 codd„
1472 1394 1609 1446 quibus
1627 1394 1694 1430 iis-

1033 1450 1123 1488 dem
1142 1452 1323 1502 probatur
1359 1449 1465 1503 quod
1496 1451 1611 1502 paulo
1630 1451 1694 1486 in·-

1031 1508 1088 1545 fra
1101 1515 1222 1545 exstat
1240 1505 1311 1547 τὸν
1333 1503 1367 1546 δ’
1381 1502 1692 1561 ἀπογενόμενον.

1088 1586 1200 1633 Quod
1213 1586 1261 1624 ad
1274 1589 1389 1625 totius
1398 1588 1474 1624 loci
1485 1598 1694 1637 argumen-

1030 1651 1115 1681 tum
1136 1672 1153 1689 ,
1197 1643 1414 1681 Herodotea
1443 1643 1694 1693 transscripsit

1031 1701 1219 1738 Stobaeus
1249 1701 1377 1749 CXX,
1409 1703 1461 1740 33
1492 1712 1581 1751 pag.
1612 1701 1694 1740 603

1031 1759 1083 1795 T.
1112 1759 1166 1794 111
1203 1771 1241 1808 p.
1270 1756 1352 1799 472
1384 1757 1501 1794 Gaisf.
1533 1755 1694 1793 eodem-

1034 1827 1109 1866 que
1128 1815 1321 1865 pertinent
1334 1841 1350 1859 ,
1391 1826 1488 1865 quae
1510 1826 1559 1849 ex
1577 1813 1695 1849 Euri-

1033 1870 1130 1922 pidis
1171 1869 1406 1922 Cresphonte
1433 1871 1474 1906 in
1511 1871 1694 1906 Latinum

1034 1940 1253 1965 sermonem
1300 1939 1482 1964 conversa
1533 1925 1695 1964 servavit

1036 1985 1168 2021 Cicero
1181 1985 1354 2022 Tusculi.
1373 1985 1404 2031 Ι,
1425 1982 1479 2025 48
1501 1984 1539 2029 §.
1555 1982 1660 2024 115:

535 2055 647 2097 „Nam
671 2070 730 2092 nos
754 2059 919 2102 decebat,
943 2064 1061 2094 coetus
1085 2061 1319 2100 celebrantes,
1343 2059 1475 2093 domum

536 2100 691 2146 Lugere,
715 2105 773 2138 ubi
797 2111 888 2140 esset
909 2106 1032 2151 aliquis
1056 2106 1092 2140 in
1114 2106 1222 2139 lucem
1247 2105 1369 2147 editus,

536 2146 710 2182 Humanae
733 2151 824 2184 vitae
847 2151 945 2185 varia
962 2157 1164 2197 reputantes
1188 2151 1292 2184 mala:

537 2193 600 2233 At,
626 2194 680 2238 qui
709 2197 840 2230 labores
865 2203 972 2231 morte
997 2198 1129 2233 finisset
1155 2208 1290 2241 graves,

538 2237 636 2272 Hunc
660 2241 747 2273 omni
770 2242 894 2276 amicos
914 2244 1015 2278 laude
1039 2249 1075 2278 et
1095 2242 1230 2278 laetitia
1253 2241 1428 2287 exsequi.“

322 2305 393 2340 Ubi
413 2304 489 2342 vid.
510 2308 636 2346 Davis.
666 2309 763 2349 hanc
783 2314 973 2365 Euripidis

322 2363 547 2400 sententiam
587 2367 752 2415 pluribus
782 2370 974 2408 illustran-

321 2423 411 2453 tem.
445 2420 521 2455 Nec
544 2419 733 2460 dissimilia
746 2433 889 2462 exstare
902 2441 974 2464 110-

322 2480 372 2509 tat
402 2474 584 2512 Valcken.
617 2479 716 2528 apud
737 2481 913 2520 Aeschin.
936 2485 972 2519 iu

320 2529 483 2567 Axioch.
507 2545 543 2582 p.
559 2533 636 2574 142
660 2537 723 2583 [ξ.
744 2536 769 2576 4
791 2550 877 2588 pag.
896 2543 966 2579 111

322 2586 512 2635 Boockh]
536 2590 728 2632 Plutarch,
749 2594 783 2628 11
803 2608 840 2643 p.
863 2597 974 2635 361⁴).

323 2643 432 2678 Dion.
456 2643 646 2695 Chrysost.
669 2662 704 2698 p.
728 2651 866 2689 2761).
888 2652 976 2687 Ari-

322 2697 405 2733 stid.
428 2700 476 2735 T.
500 2702 549 2736 ΙΙΙ
583 2717 620 2752 p.
651 2707 730 2744 326
764 2706 865 2752 [Vol.
886 2709 920 2742 ll
939 2721 977 2757 p.

323 2754 402 2793 264
424 2756 632 2807 Din‹lors.].
691 2761 834 2805 Quibus
874 2762 974 2799 addit

1035 2315 1101 2353 Cr.
1122 2311 1402 2366 Wyttenbach.
1423 2311 1472 2350 ad
1491 2312 1692 2349 Plut.M0-

1031 2373 1099 2409 ral.
1133 2373 1163 2419 1,
1195 2374 1221 2411 2
1248 2383 1337 2421 pag.
1367 2371 1462 2411 800.
1519 2370 1585 2406 Τ11
1604 2367 1692 2406 vide

1031 2430 1156 2480 potius
1186 2429 1312 2479 ipsum
1341 2425 1580 2463 Herodotum
1608 2425 1692 2473 Vll,

1031 2485 1100 2526 46.
1157 2485 1214 2521 Ac
1235 2497 1285 2521 118
1312 2483 1478 2530 mireris,
1508 2483 1548 2520 in
1579 2488 1693 2532 gente

1032 2540 1117 2577 rudi
1159 2548 1274 2592 atque
1321 2540 1488 2587 inculta,
1538 2539 1691 2591 qualem

1033 2596 1224 2634 Thraciae
1271 2603 1428 2647 gentem
1465 2597 1531 2633 illa
1569 2601 1691 2632 aetate

1032 2654 1144 2691 fuisse
1154 2653 1335 2691 credibile
1345 2660 1411 2701 est,
1433 2665 1518 2690 eam
1529 2651 1576 2689 de
1585 2663 1692 2689 mor-

1035 2712 1106 2747 tuis
1116 2712 1271 2762 reperiri
1283 2711 1578 2761 persuasionem,
1592 2720 1692 2761 quae

1034 2768 1097 2802 vix
1129 2767 1230 2818 apud
1260 2768 1483 2805 cultissimos
1519 2776 1691 2818 quosque
