1806 3181
427 100 513 142 714

825 103 1287 145 HERODOTI

430 207 531 263 ρέος
551 209 783 266 συνάγεται
811 211 855 263 ἐς
883 211 1055 256 στεινὸν
1081 213 1236 269 πόρον,
1264 217 1344 262 τόν
1370 218 1529 274 μεταξὺ
1555 217 1683 264 ἐόντα

398 275 575 333 Ξνήσου
603 293 648 321 τε
671 279 877 324 Σκιάθου
911 281 985 324 καὶ
1012 280 1193 338 ἠπείρου
1221 288 1493 343 Μαγνησίης.
1550 286 1597 331 ἐκ
1635 288 1683 332 δὲ

424 348 505 388 τοῦ
536 350 720 395 στεινοῦ,
751 351 829 403 τῆς
862 345 1056 406 Εὐβοίης
1085 349 1169 407 ἤδη
1197 352 1247 396 τό
1274 351 1536 410 Ἀρτεμίσιον
1566 355 1681 399 δέκε-

420 428 493 456 ται
519 414 735 469 αἰγιαλός·
765 415 812 460 ἐν
841 417 900 470 δὲ,
929 417 1174 474 Ἀρτέμιδος
1203 419 1312 475 ἱρόν.
1364 419 1424 465 ‘H
1447 423 1492 467 δὲ
1522 418 1581 466 αὖ
1606 423 1737 470 διοέΞο

427 484 639 538 Τρηχῖνος
667 484 821 537 ἔσοδος
848 486 892 538 ἐς
929 486 1010 544 τήν
1035 486 1219 532 Ἑλλάδα
1248 490 1350 541 ἔστι,
1377 494 1430 548 τῇ
1460 491 1682 535 στεινοτά-

391 554 492 606 3τη,
528 549 813 610 ἡμίπλεθρον.
873 554 928 600 ου’
966 555 1113 612 μέντοι.
1151 556 1259 602 κοινοὶ
1297 558 1428 603 τοῦτό
1449 558 1487 615 γ’
1513 558 1601 603 ἔστι
1628 557 1680 603 τὸ

365 735 625 790 uiov]Aegaei
636 742 750 780 maris
763 756 807 780 ea
819 756 1019 797 pars‚quae

365 791 416 830 ad
435 798 734 846 septentrionem
751 802 920 838 maxime
930 815 1019 853 spe-

360 851 487 889 ctabat
507 851 697 893 Thraciae
716 870 759 894 ac
769 857 1018 895 Macedoniae

360 919 472 944 oram
508 910 653 950 alluens
670 943 679 961 ,
706 914 909 951 meridiem
928 929 1017 953 ver-

359 976 423 1001 sus
453 964 502 1002 ad
530 968 729 1007 Euboeam
758 984 879 1023 usque
899 973 1018 1023 perti-

359 1033 480 1070 nens,
516 1022 665 1064 leracii
689 1031 796 1065 maris
817 1031 1019 1079 cognomi-

357 1090 409 1113 ne
428 1078 633 1120 indicatur.
670 1084 757 1123 vid.
780 1087 901 1122 Kruse
923 1087 1019 1122 Hel-

357 1134 411 1171 las
431 1136 449 1171 I
463 1148 553 1186 pag.
577 1142 655 1180 160
683 1141 814 1193 ibique
835 1142 1016 1193 Sophocl.

358 1190 455 1231 Oed.
477 1194 523 1230 R.
549 1197 640 1235 197.

412 1243 481 1287 τὸν
513 1249 656 1300 μεταξύ
682 1248 798 1291 ἐόντα
825 1249 953 1304 νήσου
974 1268 1015 1294 τε

355 1302 543 1344 Σκιοῖθου
565 1307 632 1346 καὶ
653 1304 821 1360 ἠπείρου
844 1313 1014 1361 Μαγνη-

357 1360 480 1410 σίης]
531 1364 590 1400 De
619 1363 817 1414 Magnesia
846 1367 895 1404 cf.
915 1374 1011 1406 nott.

353 1415 404 1453 ad
424 1418 503 1465 VH,
538 1422 631 1460 132.
690 1421 877 1460 Sciathum
904 1424 1013 1460 insu—

351 1473 448 1522 lam,
478 1488 595 1526 quam
614 1478 830 1516 Herodotus
860 1493 1013 1518 memo-

351 1537 411 1567 rat
440 1532 519 1579 VII,
555 1535 646 1573 179.
671 1538 763 1576 182.
789 1539 881 1576 183.
910 1538 1009 1585 VIII,

351 1589 380 1627 7
410 1600 431 1622 e
468 1589 686 1638 Magnesiae
718 1593 874 1641 regione
903 1595 1010 1643 ponit

351 1643 491 1681 Strabo
511 1646 568 1681 IX
586 1660 625 1696 p.
647 1649 728 1688 300
748 1661 777 1684 S.
797 1648 877 1688 436
895 1657 1009 1701 atque

352 1712 374 1736 a
405 1703 663 1751 septentrione
693 1705 874 1741 Euboeae
913 1707 1007 1743 vici-

351 1769 444 1793 nam
453 1759 605 1796 insulis:
630 1760 858 1811 Peparetho,
871 1762 1006 1814 Scyro,

351 1815 556 1852 Haloneso.
629 1818 793 1855 Desertis
832 1819 924 1856 locis
971 1827 1008 1857 et

351 1872 565 1921 asperrimis
596 1874 663 1910 etsi
681 1874 852 1912 Sciathus
881 1889 1008 1913 annu-

350 1935 520 1965 meratur
542 1938 568 1966 'a
596 1930 733 1970 Senec.
757 1931 805 1968 ad
834 1934 944 1970 Helv.
967 1936 1005 1982 6,

351 1997 450 2035 quae
483 1987 598 2022 etiam
628 1989 755 2039 piratis
786 1990 1005 2040 perfugium

350 2041 544 2090 praebuit,
582 2050 624 2080 ut
662 2058 710 2080 ex
729 2047 895 2096 Appian.
929 2048 1006 2083 Mi-

351 2094 467 2135 thrid.
507 2101 560 2138 29
589 2101 831 2152 intelligitur,
870 2104 1004 2140 vinum

350 2158 482 2189 tamen
503 2154 580 2191 eius
590 2156 742 2205 nigrum
763 2172 1005 2197 commemo-

350 2216 409 2246 rat
426 2208 645 2249 Athenaeus
674 2214 703 2259 I,
727 2214 818 2264 (24)
841 2216 893 2256 56
914 2229 1003 2267 pag.

349 2268 404 2307 30
423 2267 467 2303 F.
522 2268 633 2305 Nunc
662 2270 791 2306 Italico
827 2284 1002 2308 sermone

349 2323 577 2375 plerumque
607 2332 745 2363 vocant
786 2326 934 2364 Sciatho
973 2342 1001 2365 s.

349 2378 497 2417 Sciatki
516 2380 686 2434 duosque
705 2383 806 2420 vicos
828 2391 864 2420 et
894 2391 1002 2421 vete-

349 2435 398 2472 ris
417 2437 518 2474 urbis
540 2439 716 2491 reliquias
746 2440 783 2475 in
807 2453 850 2476 ea
869 2454 999 2491 super-

348 2505 428 2529 esse
446 2495 626 2532 scribunt.
675 2495 759 2537 vid.
781 2496 999 2535 Tzschuck.

349 2547 399 2585 ad
417 2550 507 2587 Mel.
528 2553 581 2599 11,
599 2554 625 2591 7
645 2554 681 2598 §.
695 2554 720 2593 8
741 2560 836 2590 nott.
862 2567 998 2605 exegg.

346 2617 436 2656 pag.
467 2608 546 2649 665
573 2621 653 2660 seq.
674 2609 862 2648 Dodwell.
889 2612 998 2648 Reise

345 2659 386 2698 d.
409 2662 561 2701 Griech.
587 2666 636 2714 11,
660 2669 679 2707 1
703 2680 765 2718 cp.
788 2668 837 2708 19
857 2681 896 2720 p.
920 2669 993 2709 171

345 2730 442 2758 Verso
460 2733 613 2760 vernac-

1130 745 1202 793 τῆς
1241 737 1426 794 Εὐβοίης
1465 738 1545 794 ἤδη
1575 736 1619 782 τό
1645 734 1734 794 Ἀρ-

1073 801 1249 852 τεμίσιον
1305 797 1456 838 δέκεται
1512 794 1731 850 αἰγιαλός]

1074 856 1186 902 Quod
1217 854 1412 897 Schaefer.
1442 861 1481 891 et
1510 853 1646 892 Matth.
1668 868 1732 891 re-

1073 915 1268 951 tinuerunt
1324 909 1564 960 ἐκδὲκεται,
1644 911 1731 948 libri

1073 973 1201 1022 scripti
1222 1000 1231 1018 ,
1281 982 1377 1022 quos
1421 967 1601 1021 equidem
1641 978 1731 1004 cum

1074 1025 1309 1078 Schweigh„
1341 1026 1458 1064 Gaisf.
1488 1033 1525 1063 et
1551 1023 1732 1062 Bekkero

1075 1092 1223 1122 secutus
1252 1096 1360 1131 sum,
1389 1083 1582 1132 ignorant.
1629 1082 1734 1119 Sen-

1072 1155 1133 1178 sus
1143 1148 1218 1178 est:
1251 1140 1440 1190 angustias
1456 1140 1539 1175 illas
1550 1139 1732 1175 Euboeae

1074 1199 1214 1248 excipit
1227 1198 1326 1243 litus,
1337 1196 1586 1232 Artemisium
1607 1193 1730 1246 (quod

1073 1254 1262 1301 vocatur),
1312 1255 1350 1290 in
1394 1265 1461 1302 quo
1499 1255 1551 1289 est
1587 1251 1729 1290 Dianae

1070 1312 1255 1361 templum3
1283 1308 1387 1346 unde
1408 1321 1523 1348 omne
1552 1309 1640 1345 litus
1667 1309 1728 1346 vi-

1069 1369 1202 1404 cinum
1229 1367 1375 1402 Dianae
1418 1378 1570 1403 sacrum
1611 1366 1726 1402 fuisse

1067 1431 1175 1462 notat
1221 1425 1414 1473 Musgrav.
1457 1421 1505 1459 ad
1542 1420 1724 1473 Sophocl.

1068 1480 1213 1518 Trach.
1245 1482 1338 1520 639.
1399 1480 1499 1516 Cum
1529 1478 1725 1516 Herodoto

1066 1539 1180 1589 plane
1201 1537 1378 1587 congruit
1407 1535 1634 1573 Plutarchus
1652 1536 1724 1574 1.1.

1118 1647 1171 1687 ‘H
1205 1646 1248 1688 δὲ
1280 1642 1335 1687 αὖ
1354 1645 1419 1687 διοῖ
1445 1651 1635 1700 Τρηχῖνος
1657 1646 1722 1687 ἕσ-

1065 1706 1156 1752 οδος
1175 1721 1212 1744 κ.
1238 1720 1271 1743 τ.
1287 1706 1340 1754 λ.]
1360 1707 1421 1752 Iis,
1444 1705 1510 1756 qui
1530 1711 1718 1755 asepten-

1063 1765 1186 1799 trione
1214 1763 1241 1798 i.
1263 1775 1297 1799 e.
1319 1775 1340 1798 a
1359 1761 1583 1798 Macedonia
1603 1768 1718 1813 atque

1066 1818 1263 1856 Thessalia
1283 1819 1483 1855 Graeciam
1497 1819 1637 1855 intrare
1647 1831 1717 1856 ve-

1063 1877 1146 1923 lint,
1168 1889 1335 1912 accessus
1359 1889 1388 1913 s.
1410 1876 1582 1912 introitus
1601 1874 1644 1911 fit
1674 1875 1716 1910 in

1063 1934 1186 1984 ipsam
1217 1933 1417 1970 Graeciam
1453 1945 1522 1982 per
1550 1929 1716 1969 Trachi-

1059 1992 1178 2027 niam.
1250 1990 1364 2026 Cuius
1383 1990 1507 2032 ,situm
1542 1994 1715 2025 accurate

1059 2048 1195 2084 Noster
1210 2046 1402 2097 descripsit
1430 2046 1511 2093 VII,
1535 2047 1626 2092 199,
1647 2044 1714 2082 ubi

1059 2103 1139 2141 vid.
1159 2110 1268 2151 nott„
1289 2104 1355 2140 ubi
1375 2103 1490 2139 etiam
1510 2100 1558 2138 de
1578 2100 1713 2138 Anthe-

1060 2160 1116 2198 lae
1135 2161 1219 2199 vico
1241 2167 1278 2197 et
1299 2159 1347 2196 de
1367 2158 1538 2196 Phoenice
1556 2157 1685 2195 fluvio.

1115 2266 1164 2311 οὐ
1228 2269 1361 2321 μέντοι
1425 2264 1523 2308 nato?
1591 2263 1710 2308 τοῦτό

1057 2324 1171 2379 γ’ἕστι
1203 2324 1247 2367 τό
1273 2321 1514 2366 στεινότατον
1542 2340 1578 2365 κ.
1601 2341 1636 2364 τ.
1655 2326 1708 2374 λ.]

1058 2385 1156 2422 Cum
1184 2382 1241 2420 his
1270 2395 1470 2433 compara,
1500 2395 1597 2434 quae
1624 2383 1707 2430 VII,

1057 2444 1138 2481 200
1158 2447 1381 2486 narrantum
1410 2439 1463 2475 ibi
1493 2439 1596 2475 enim
1625 2439 1707 2475 No-

1055 2503 1130 2533 ster
1140 2495 1423 2533 adPhoeuicem
1432 2495 1592 2533 ssuvium
1604 2496 1706 2532 viam

1056 2555 1359 2604 angustissimam
1379 2565 1457 2589 esse
1477 2557 1614 2599 narrat,
1629 2550 1705 2603 qua

1053 2611 1119 2648 vix
1148 2624 1270 2647 unum
1299 2611 1508 2661 plaustrum
1543 2609 1700 2645 transire

1051 2667 1187 2718 possitr,
1235 2666 1338 2704 unde
1364 2678 1483 2718 usque
1503 2663 1551 2702 ad
1571 2662 1699 2702 Ther-

1052 2724 1224 2777 mopylas
1244 2725 1314 2762 iter
1321 2721 1540 2777 quindecim
1557 2719 1700 2760 stadio-
