1789 3213
360 204 448 241 AD
491 190 971 237 HERODOTUM
1017 188 1101 235 VI,
1141 186 1216 226 69.
1445 180 1532 220 807

52 334 95 360 eo
107 319 264 359 nomine
283 319 414 356 lusisse
434 309 595 366 putandi
614 315 722 346 sunt:
752 318 900 354 verum,
921 310 963 341 ut
978 302 1020 340 fit
1038 300 1079 337 in
1099 293 1343 347 religionibus
1354 292 1530 344 antiquis,

51 397 194 430 veteres
214 387 389 425 homines
411 383 457 420 ab
473 381 580 418 initio
610 385 723 428 atque
743 375 929 411 universe.
987 371 1087 406 Nam
1116 377 1213 418 quae
1244 361 1428 412 scriptura
1457 372 1531 396 no-

51 459 162 496 minis
190 458 231 494 in
260 457 401 506 aliquot
422 448 613 487 codicibus
642 449 762 481 exstat
786 439 900 493 Ἀστρ
917 454 937 479 o
951 433 1081 490 βάκου
1101 440 1138 470 et
1156 425 1451 482 Ἀστρόβακος,
1488 439 1532 463 ea

53 531 280 563 astronomum
309 521 486 558 declarat.
545 512 682 554 Suidas
710 510 794 547 Vol.
823 510 841 544 I
869 522 907 558 p.
938 509 1018 548 360
1050 505 1158 540 Kust.
1180 502 1323 537 Zonar.
1343 498 1440 533 Lex.
1463 495 1530 533 Gr.

53 607 138 646 pag·
158 595 261 634 313:
319 583 588 638 Ἀστρόβακος
613 579 632 623 ὁ
652 573 908 630 οἶστρόνομος.
967 572 1093 618 Qualis
1112 580 1205 607 vero
1223 565 1297 602 hoc
1316 565 1357 600 in
1375 562 1534 600 nomine

55 659 280 699 astronomia
301 656 457 707 cogitari
478 653 634 698 debeat,
667 659 745 683 non
767 652 821 682 est
841 641 944 696 quod
966 651 1122 692 operose
1145 635 1316 681 doceam,
1340 638 1376 668 et
1395 629 1534 668 Suidas

54 729 233 768 continuo
254 725 364 763 docet
392 725 432 760 in
452 735 535 760 voc.
558 714 823 768 ἀστρονομία,
852 712 919 748 ubi
949 703 1207 759 ἀστρολογίας
1218 699 1380 754 μαγείας
1399 696 1537 746 Mago-

54 810 193 848 rumque
213 809 256 833 ac
270 796 473 831 Persarum
504 785 680 838 (Magog)
712 782 951 819 mentionem
970 776 1073 813 facit.
1130 773 1237 818 Quae
1258 781 1347 806 cum
1365 768 1418 803 ita
1447 766 1535 811 sint,

56 867 170 903 altera
197 862 341 900 heroici
368 858 534 896 nominis
564 855 688 891 forma
718 852 895 888 asinorum
928 844 1167 882 mentionem
1196 837 1333 875 habet:
1364 837 1539 872 astrorum

55 933 332 981 astrologiaeque
352 929 481 965 altera.
539 923 735 960 Disiuncta
756 917 850 954 haec
870 928 913 951 ao
935 911 1148 950 differentia
1168 909 1326 956 iungere
1347 916 1390 940 ac
1417 913 1539 952 copu-

55 1003 130 1039 lare
150 1000 261 1037 facile
281 997 422 1049 possis,
452 994 484 1030 si
503 991 709 1028 admoneas
731 981 886 1036 φάτνης
907 989 944 1018 et
965 977 1085 1026 ὄνων,
1107 976 1310 1022 stellarum,
1342 971 1384 1008 in
1417 976 1540 1007 astro-

55 1080 259 1107 nomorum
287 1071 460 1104 veterum
479 1060 581 1097 libris
601 1057 886 1094 celebratarum.
918 1050 1002 1099 Ego
1023 1059 1112 1085 vero
1133 1045 1235 1082 malo
1252 1040 1318 1078 has
1338 1053 1396 1076 res
1408 1043 1543 1088 sponte

57 1138 156 1175 coire
179 1137 278 1172 inter
297 1146 336 1170 se
357 1139 394 1168 et
414 1130 635 1174 coalescere,
657 1136 774 1176 quam
793 1120 965 1158 consulto
984 1116 1092 1165 iungi
1112 1121 1149 1150 et
1169 1108 1435 1161 conglutinari.
1465 1106 1546 1142 Ne-

58 1219 131 1258 que
152 1205 256 1241 enim
275 1200 502 1252 opinionum
521 1198 740 1232 commenta
769 1200 909 1242 quaero
923 1216 934 1236 ,
967 1183 1033 1222 sed
1053 1183 1261 1234 priscarum
1281 1189 1409 1214 rerum
1431 1174 1544 1211 fabu-

56 1275 256 1324 larumque
277 1277 501 1320 germanam
520 1262 767 1310 nativamque
787 1255 971 1293 indolem.
991 1273 1048 1279 -—
1076 1251 1204 1300 Atque
1224 1245 1325 1283 hano
1355 1246 1479 1295 ipsam
1500 1253 1546 1277 ea

57 1341 98 1376 in
117 1353 157 1377 re
176 1337 377 1391 patefaciet
394 1333 502 1371 nobis
522 1329 749 1376 Pausanias,
784 1336 860 1376 quo
888 1333 1004 1359 nemo
1026 1317 1148 1367 magis
1168 1316 1209 1351 in
1237 1326 1367 1350 rerum
1386 1311 1547 1360 scripto-

59 1408 161 1444 ribus
170 1405 323 1444 Graecis
343 1399 540 1448 Herodoti,
556 1397 731 1434 historiae
752 1392 878 1445 patris,
899 1389 1030 1427 similis
1051 1393 1119 1424 est.
1150 1383 1266 1421 Cuius
1280 1379 1327 1418 de
1339 1378 1547 1417 Astrabaco

58 1475 319 1513 narrationem
350 1473 523 1508 Laconn.
552 1466 655 1513 XVI,
690 1466 736 1511 6,
766 1461 833 1498 ubi
853 1458 900 1496 de
917 1455 1040 1494 Diana
1060 1450 1191 1492 Orthia
1218 1450 1354 1497 refert,
1393 1442 1548 1499 quando

60 1544 279 1581 universam
298 1539 425 1576 recolo
439 1567 449 1586 ,
478 1535 574 1573 haec
606 1531 735 1570 omnia
750 1529 921 1579 accipere
935 1524 1070 1562 malim
1088 1532 1157 1572 pro
1178 1519 1281 1555 fama
1300 1516 1428 1565 vulgi,
1451 1525 1550 1565 quae

61 1619 281 1663 temporum
311 1608 475 1644 rationes
502 1600 661 1640 mirifice
692 1595 926 1636 confundere
958 1592 1065 1630 solet.
1127 1588 1185 1625 Ac
1214 1583 1426 1623 consimilia
1445 1592 1550 1618 sacra

61 1681 167 1719 vario
183 1685 354 1728 tempore
382 1676 645 1711 memorantur
666 1665 869 1705 invaluisse
889 1663 930 1699 in
948 1660 1229 1709 Peloponneso.
1279 1652 1462 1703 Spectant
1481 1648 1551 1684 ista

63 1747 113 1786 ad
139 1761 197 1785 res
224 1747 376 1783 lunares
405 1755 448 1778 ac
477 1741 689 1785 Venereas,
720 1746 816 1787 quae
835 1729 954 1768 iuliis
973 1727 1109 1765 fabulis
1122 1721 1320 1762 Laconicis
1341 1717 1552 1754 eminuere.

63 1818 190 1868 Atque
209 1813 272 1851 hic
291 1809 617 1869 ipsenAstrabacus
649 1803 692 1854 (i.
715 1817 749 1840 e.
770 1797 997 1849 astrologus)
1027 1794 1139 1832 heros
1178 1787 1399 1841 antiquioris
1428 1781 1555 1821 herois

64 1879 381 1934 Peloponnesiaci
399 1877 627 1914 memoriam
647 1875 805 1909 renovat
823 1864 1093 1917 Endymionis.
1131 1857 1316 1898 Videlicet
1335 1853 1397 1890 hic
1419 1858 1456 1888 et
1475 1852 1556 1901 ipse

66 1959 306 1990 astronomus
336 1945 457 1983 dictus
479 1945 526 1981 ob
547 1944 680 1979 Lunae
712 1948 884 1974 amorem
920 1929 978 1980 ᾖ).
1054 1931 1105 1967 Et
1133 1924 1287 1980 quando
1307 1921 1513 1972 Endymion
1533 1930 1555 1954 a

67 2020 177 2058 Luna
195 2016 400 2067 suscepisse
432 2013 568 2051 dicitur
589 2006 852 2061 quinquaginta
871 2002 976 2049 filias,
997 1997 1257 2050 unusquisque
1277 1988 1474 2038 intelligit,
1502 1985 1556 2023 si-

69 2086 241 2139 gnificari
258 2084 370 2136 prisci
390 2082 481 2119 anni
498 2079 640 2118 lunaris
661 2076 794 2114 orbem
814 2079 850 2109 et
871 2069 1071 2107 ambitum.
1130 2059 1291 2110 Quando
1312 2065 1441 2095 autem
1452 2053 1556 2091 idem

70 2169 120 2193 ex
139 2150 330 2192 Asterodid
348 2156 504 2201 generat
522 2147 679 2193 heroes,
720 2143 786 2196 qui
804 2139 955 2192 populis
981 2135 1214 2184 urbibusque
1240 2127 1400 2166 nomina
1419 2121 1558 2161 dedere

71 2223 144 2261 hoc
171 2219 268 2258 nihil
298 2217 402 2255 aliud
423 2224 489 2266 est,
511 2228 629 2269 quam
654 2211 882 2251 Astrobacum
903 2207 1069 2258 aliquem
1090 2203 1130 2238 iu
1149 2194 1357 2236 Heraclidis
1379 2207 1399 2229 e
1420 2202 1560 2242 genere

72 2285 441 2342 Eurysthenidarum
460 2281 677 2322 memorari.
734 2279 838 2315 Haec
860 2273 995 2312 eadem
1013 2266 1256 2320 Ἀστεροδία,
1277 2262 1471 2301 stellarum
1491 2255 1560 2293 de-

75 2360 220 2397 clarans
249 2354 470 2402 circuitum,
513 2350 635 2389 affinis
655 2354 709 2385 est
729 2345 896 2391 deabus,
926 2354 1018 2395 quas
1049 2341 1223 2376 astrorum
1250 2331 1367 2371 cultus
1386 2325 1560 2366 sacravit.

76 2427 248 2473 Quarum
275 2423 432 2460 nomina
445 2452 456 2471 ,
494 2421 551 2458 uti
577 2417 759 2463 assolent,
796 2411 844 2450 ad
859 2423 973 2449 suum
990 2417 1208 2448 sermonem
1228 2399 1406 2449 redigunt
1426 2391 1562 2431 Graeci

78 2494 272 2533 homiues:
314 2491 401 2539 Sic,
435 2497 478 2527 ut
508 2488 582 2526 hoc
602 2494 707 2533 utar,
729 2483 919 2535 Syrorum
939 2477 1071 2527 religio
1089 2465 1363 2524 Ἀστροάρχην
1393 2463 1562 2514 aliquam

79 2561 250 2615 agnoscit
269 2553 356 2608 Μ),
386 2571 408 2595 a
436 2556 548 2595 Luna
566 2568 646 2593 non
665 2553 832 2591 multum
855 2547 1057 2588 diversam.
1104 2541 1232 2593 Atque
1259 2537 1381 2587 ipsam
1413 2532 1565 2568 Lunam

152 2776 187 2820 *)
212 2772 292 2807 vid.
316 2773 431 2806 annot.
454 2766 498 2802 ad
522 2765 644 2799 Hecat.
672 2763 783 2797 Miles.
809 2760 965 2803 fragmm.
989 2764 1022 2799 p.
1035 2754 1079 2789 60
1089 2744 1298 2794 ibiq.Scl101.
1312 2740 1421 2788 Apoll.
1443 2737 1569 2780 1v,57.

130 2843 185 2888 **)
212 2841 290 2877 Vid.
314 2836 498 2874 Herodian.
524 2833 612 2869 His-t.
639 2831 679 2873 V,
697 2831 718 2865 6
737 2841 769 2876 p.
784 2828 848 2864 188
857 2825 911 2860 ed.
929 2820 1077 2857 lrmisch.
