1870 3249
365 223 1025 261 TERPSICHORE.
1084 225 1129 262 V.
1303 227 1387 268 14⁸1

2 338 66 384 81
125 330 227 382 τοὺς
255 332 466 382 Αἰακίδας
487 329 758 387 συμπέμπειν
798 331 980 387 ἔφασαν.

126 399 171 443 δὲ
197 403 286 442 τῶν
319 401 526 456 Θηβαίων
566 399 675 443 κατα
716 398 796 455 τήν
835 402 1082 456 συμμαχίην
1119 404 1209 444 τῶν
1240 401 1391 444 Αἰακι-

119 467 240 513 δέων,
269 468 344 511 καὶ
363 467 551 524 τρηχέως
568 467 900 523 περιεφθέντων
921 467 1009 511 ὑπὸ
1028 471 1117 512 τῶν
1127 467 1385 524 Ἀθηναίων,

118 530 239 586 αὖτις
259 537 302 579 οἷ
333 539 520 592 Θηβαῖοι
549 535 807 591 πέμψαντες,
836 535 943 586 τούς
973 537 1052 591 μὲν
1074 538 1286 588 Αἰακίδας
1311 549 1390 591 σφι

87 600 399 656 Ξᾶπεδίδοσαν,
429 608 518 647 τῶν
539 603 584 647 δὲ
607 601 797 658 ἀνδρῶν,
827 603 1013 647 ἐδέοντο

117 669 377 729 εὐδαιμονίῃ
407 687 451 715 τε
479 670 642 728 μεγάλῃ
671 671 952 725 ἐπαρθέντες,
995 672 1069 716 καὶ
1110 674 1269 730 ἔχθρης
1306 689 1388 717 πα-

115 743 240 797 λαιῆς
268 739 624 797 ἀναμνησθέντες
652 738 835 797 ἐχούσης
874 739 917 791 ές
956 738 1238 796 Ἀθηναίους,
1277 740 1386 790 τότε,

1042 332 1388 389 Πειρησαμένων
1445 346 1604 375 Thebanis
1629 348 1724 377 nihilo

1447 381 1548 410 secius
1535 382 1705 419 medeae,

1446 417 1516 457 ipsi,
1536 404 1724 445 etflorentes

1448 451 1555 489 opibuo
1559 471 1567 483 ‚
1589 455 1620 478 et
1631 451 1723 479 Athe-

1446 484 1604 513 aiensibus
1626 486 1690 525 pri—

1448 519 1516 546 dem
1527 518 1644 551 infesti,
1670 521 1723 547 At-

1445 553 1541 581 ticam
1562 554 1721 589 invadunt,

1071 606 1304 661 Αἰγινῆται
1325 605 1385 660 δὲ,
1399 595 1671 656 7o¹a¹¹0²ssfissafflss¹5m

1446 655 1645 692 populantur.

59 964 192 994 cutum
223 971 303 995 esse
347 958 576 1009 accepimus,
617 958 722 995 unde

58 1014 169 1051 valde
189 1016 386 1066 probabile
406 1015 461 1063 fit,
494 1013 599 1066 quod
618 1014 723 1052 idem

56 1072 238 1109 Miillerus
259 1073 420 1109 coniecit
439 1072 501 1108 l.l.
528 1084 617 1122 pag.
641 1075 719 1114 161

57 1129 144 1166 coll.
157 1131 299 1176 162,in
314 1130 392 1165 eius
410 1129 555 1179 templo
575 1142 603 1166 s.
616 1128 722 1167 Αἰα-

55 1186 149 1239 κείῳ
180 1186 247 1235 (cf.
278 1184 445 1237 Hesych.
466 1187 484 1221 1
504 1199 543 1236 p.
567 1187 646 1225 133
685 1192 722 1223 et

36 1267 44 1272 ,
57 1242 201 1284 Herod.
221 1244 267 1291 V,
290 1244 362 1294 89)
386 1244 559 1294 ipsormn
578 1243 720 1279 Aeaci-

59 1299 214 1348 darum,
245 1313 344 1352 quae
373 1298 447 1337 hoc
469 1301 556 1337 1000
576 1300 720 1336 intelli-

58 1363 198 1407 guntur
226 1358 451 1404 simulacra,
482 1355 635 1394 condita
653 1356 720 1393 fu-

59 1415 139 1462 isse,
160 1428 281 1466 quum
301 1413 501 1462 Aeacidas,
522 1415 548 1451 i.
562 1427 594 1452 e.
614 1415 720 1451 Aea-

59 1484 147 1512 cum
157 1485 234 1508 una
250 1485 340 1509 cum
359 1484 428 1509 sua
447 1473 575 1522 stirpe,
596 1484 720 1521 pena-

56 1535 111 1566 tes
141 1541 185 1566 ac
215 1528 305 1566 deos
342 1529 522 1566 tutelares
551 1529 721 1566 colerent

54 1585 277 1636 Aeginetae,
299 1584 497 1623 Thebanis
515 1585 606 1622 inde
618 1586 718 1623 bello

53 1642 310 1680 laborantibus
371 1644 512 1680 auxilio
571 1644 718 1680 missos.

54 1700 155 1736 Hinc
193 1702 280 1737 satis
318 1707 423 1751 patet
462 1701 717 1750 συμπείθειν,

57 1755 162 1808 quod
181 1758 310 1808 plures
336 1756 450 1795 codd.
471 1757 532 1794 hic
554 1755 719 1794 afferunt

55 1826 125 1864 pro
165 1812 414 1864 συμπέμπειν
428 1842 444 1859 ,
486 1815 604 1864 recipi
637 1827 719 1851 non

55 1882 190 1919 posse,
219 1883 310 1906 nam
329 1869 520 1907 Aeacidae
545 1877 646 1919 sunt,
676 1878 719 1908 ut

56 1932 158 1962 recte
178 1925 283 1963 addit
304 1927 346 1963 C.
359 1927 564 1964 &Manen
584 1940 622 1976 p.
640 1929 717 1967 163

56 1988 159 2030 not.,
211 1979 412 2033 σύμμαχοι
434 2013 444 2030 ‚
496 1982 717 2034 ἐπίκουροι,

56 2037 279 2090 ἐπίκλητοι,
315 2038 672 2092 παρακεκλημένοι.

240 2164 332 2214 Cap.
351 2165 536 2203 LXXXI.

113 2263 428 2316 Πειρησαμένων
457 2264 500 2306 δὲ
523 2268 604 2306 τῶν
631 2268 714 2317 Θη-

53 2320 180 2372 βαίων
204 2338 240 2360 κ.
263 2338 294 2360 τ.
314 2324 366 2371 λ..]
398 2324 423 2360 i.
454 2337 488 2360 e.
521 2337 597 2361 cum
621 2323 714 2362 The-

53 2379 138 2414 bani
172 2378 408 2416 Aeacidarum
446 2381 585 2418 auxilio
618 2380 715 2430 freti

53 2437 242 2471 tentassent
262 2449 292 2472 s.
315 2440 478 2486 impetum
491 2437 660 2487 fecissent
675 2440 714 2475 in

51 2491 288 2529 Athenienses.
345 2495 403 2530 De
433 2495 548 2531 verbo
571 2497 714 2546 πειρᾶ-

55 2552 154 2586 σθαι
186 2549 287 2585 conf.
308 2551 371 2597 IV,
391 2553 445 2591 80
468 2558 505 2588 et
525 2550 574 2588 ad
598 2553 715 2589 verba

52 2606 228 2655 proxime
258 2619 364 2658 seqq.
395 2606 563 2657 τρηχέως
587 2623 716 2660 περιε-

53 2661 241 2710 φθέντων
262 2663 306 2709 V,
333 2666 368 2702 1.
426 2665 520 2701 Mox
541 2677 631 2701 cum
651 2679 714 2701 re·-

53 2725 168 2755 centt.
202 2718 289 2755 edd.
318 2731 387 2769 pro
416 2714 539 2767 αὖθις
563 2724 714 2772 reposui

54 2769 178 2821 αὖτις,
200 2782 243 2812 ut
262 2777 401 2812 Ionum
421 2777 605 2828 loquendi
624 2791 713 2817 usus

52 2833 231 2880 postulat.
289 2833 348 2870 Cf.
370 2834 530 2884 Gregor.
553 2834 640 2872 Cor.
664 2834 712 2872 de

781 958 930 999 dialect.
953 960 1038 996 Ion.
1068 960 1105 1005 ξ.
1136 957 1189 1001 64
1210 960 1303 1012 ibiq.
1324 959 1446 997 inter-

778 1024 893 1067 prett.
923 1029 1012 1067 pag.
1034 1015 1115 1057 473
1139 1015 1293 1054 Schaef.

837 1069 1072 1126 εὐδαιμονίῃ
1094 1087 1134 1112 τε
1154 1069 1338 1128 μεγαλῃ’
1320 1088 1443 1127 επαρ-

777 1127 936 1178 θέντες]
966 1131 990 1168 i.
1007 1143 1040 1166 e.
1056 1130 1206 1180 florenti
1225 1143 1340 1167 rerum
1361 1143 1445 1167 sua-

777 1199 853 1224 rum
883 1190 982 1225 statu
1012 1186 1107 1224 elati.
1166 1188 1224 1223 De
1253 1200 1348 1225 voce
1380 1183 1444 1226 εὖ·

777 1243 969 1295 δαιμονία
1008 1243 1111 1280 conf.
1134 1244 1181 1292 V,
1203 1245 1242 1284 8.
1262 1246 1330 1285 28.
1368 1245 1445 1280 Fa-

777 1301 827 1337 cit
865 1300 942 1338 huc
969 1301 1120 1337 Aeliani
1158 1302 1264 1338 locus
1306 1301 1354 1338 V
1394 1303 1446 1339 Η.

775 1358 864 1405 XII,
889 1360 961 1398 10:
996 1357 1214 1427 Αἰγινηταί
1239 1372 1334 1397 ποτε
1357 1357 1446 1397 ἐδυ-

775 1410 968 1466 νήθησαν
1008 1430 1055 1453 τα
1095 1413 1256 1467 μέγιστα
1286 1414 1329 1456 ἐν
1363 1418 1447 1462 τοῖς

763 1467 978 1523 “’Ἐλλησιν,
1010 1467 1208 1539 ευφορίαν
1235 1486 1326 1511 τινα
1349 1468 1444 1524 χρό-

776 1543 861 1568 νων
897 1527 965 1568 καὶ
1004 1523 1214 1597 εὐκαιρίαν
1242 1525 1442 1580 λαχόντες·

777 1581 952 1636 δύναμιν
988 1601 1063 1638 γαο
1102 1601 1297 1637 ναυτικην
1329 1585 1444 1637 ε’σχον

775 1642 842 1682 καὶ
864 1645 970 1694 ἦσαν
993 1642 1190 1695 μέγιστοιε
1230 1656 1330 1696 quae
1354 1657 1444 1680 ver-

775 1700 824 1737 ba
844 1713 866 1737 a
885 1701 975 1738 viris
996 1699 1116 1738 doctis
1128 1701 1232 1738 varie
1254 1701 1444 1752 explicata

773 1758 998 1794 Perizonius
1036 1764 1139 1794 recte
1173 1758 1446 1808 interpretatur

776 1813 823 1851 de
834 1814 1020 1864 facilitate
1043 1818 1233 1864 temporum
1255 1821 1369 1866 atque
1381 1827 1445 1864 op-

769 1873 993 1920 portunitate
1007 1900 1016 1918 ,
1065 1884 1165 1922 quae
1203 1871 1313 1907 facile
1349 1877 1442 1908 tunc

774 1928 914 1974 tulerit,
928 1934 970 1963 ut
985 1928 1198 1978 Aeginetae
1217 1940 1331 1978 supra
1350 1928 1442 1964 alios

776 1982 825 2019 ad
863 1984 971 2020 illam
1011 1982 1261 2021 escenderent
1299 1991 1441 2037 poten-

774 2041 881 2077 tiam.
929 2041 1005 2077 Vix
1026 2042 1130 2076 enim
1151 2039 1198 2077 de
1218 2048 1341 2078 terrae
1360 2041 1441 2078 fel·-

774 2097 931 2144 tilitate,
967 2104 1009 2134 ut
1030 2096 1262 2149 quibusdam
1281 2099 1437 2149 placuit,

773 2151 836 2194 hic
878 2153 1141 2204 cogitandum.
1204 2156 1440 2192 Paraverant

772 2211 843 2248 sibi
862 2208 975 2248 hasce
997 2224 1086 2263 opes
1101 2212 1313 2262 Aeginetae
1333 2225 1441 2249 mer-

771 2274 902 2305 catura
940 2269 1181 2319 potissimum
1222 2276 1280 2317 et,
1332 2268 1438 2321 quod

769 2338 858 2362 cum
881 2337 925 2361 eo
947 2327 1199 2362 coniunctum
1217 2333 1283 2374 est,
1305 2339 1346 2363 re
1364 2340 1438 2363 na-

767 2383 844 2419 vali
871 2383 923 2419 ita
953 2390 1084 2431 aucta,
1126 2389 1169 2419 ut
1196 2384 1256 2420 vel
1285 2390 1436 2420 mature

769 2440 868 2476 inter
895 2439 1058 2491 reliquas
1090 2440 1272 2478 Graeciae
1301 2447 1436 2490 gentes

772 2495 1017 2533 excellerent.
1077 2496 1188 2533 Conf.
1211 2497 1252 2534 C.
1276 2497 1436 2535 &Min-

772 2554 840 2591 ler.
863 2553 1057 2603 Aeginett.
1080 2566 1168 2621 pag.
1189 2554 1243 2594 74
1265 2554 1351 2591 coll.
1369 2556 1436 2593 87.

829 2605 999 2662 ἐχούσης
1020 2609 1059 2656 ἐς
1082 2607 1347 2680 Ἀθηναίους]
1380 2611 1437 2646 Ila

769 2666 947 2704 meliores
966 2668 1053 2704 libri
1071 2679 1141 2718 pro
1166 2662 1310 2716 ἐούσης
1335 2663 1437 2717 πρός

769 2717 1023 2773 Ἀθηναίους.
1099 2724 1164 2759 Tu
1205 2724 1307 2760 conf.
1338 2729 1434 2760 nott.

770 2779 820 2816 ad
848 2781 913 2827 111,
944 2779 1010 2820 48.
1052 2778 1154 2816 Add.
1186 2780 1249 2828 vl,

769 2836 868 2883 VIII,
894 2835 987 2876 144.

1052 2894 1102 2932 10
1125 2888 1151 2912 ᾖ

1282 2783 1321 2820 2.
1369 2781 1434 2820 19.
