1834 3258
1 469 67 514 20
133 464 232 523 περὶ
260 461 496 517 Ἐρετριέας
519 461 609 517 ἔσχε
640 459 768 504 οὕτω.
827 460 1189 513 Λακεδαιμονίων
1210 456 1254 500 δὲ
1282 450 1392 512 ἧκον

129 532 173 584 ἐς
188 531 266 582 τὰς
284 529 472 586 Ἀθήνας
498 531 697 584 δισχίλιοι
717 526 823 583 μετα
853 527 932 582 τὴν
960 527 1247 581 πανσέληνον,
1278 525 1396 580 ἔχον-

2 1013 67 1059 21

552 215 855 253 ERATO.

913 215 945 252 V
955 215 986 251 Ι.
1310 210 1396 251 395

133 331 340 384 Δαρεῖος·
387 328 430 369 οἳ
468 325 543 369 καὶ
571 324 693 380 μέχρι
723 323 821 379 ἐμέο
853 321 969 378 εἶχον
1005 320 1087 377 τήν
1114 317 1259 377 χώρην
1287 318 1395 362 ταύ-

130 414 222 453 την,
243 393 539 451 φυλάσσοντες
566 393 646 448 τὴν
677 390 861 448 ἀρχαίην
889 394 1104 447 γλῶσσαν.
1145 388 1198 432 τοὶ
1228 387 1306 443 μὲν
1337 386 1390 442 δὴ
1409 391 1454 428 55

129 616 198 651 τες
219 598 417 654 σπουδήν
443 596 607 653 πολλὴν
630 599 891 652 καταλαβεῖν
910 594 1046 646 οὕτω,
1082 593 1189 637 ὥστε
1211 591 1405 647 τριταῖοι

102 669 180 713 Ξέκ
198 666 408 722 Σπάρτης
428 666 628 721 ἐγένοντο
658 664 706 708 ἐν
733 668 786 720 τῇ
808 662 991 719 Ἀττικῇ.
1034 661 1211 715 ὕστεροι
1233 660 1278 704 δὲ
1303 660 1399 703 ἄπι-

132 736 312 791 κόμενοι
352 737 428 789 τῆς
458 735 702 788 συμβολῆς,
747 734 967 787 ἱμείροντο
1008 729 1122 784 ὅμως
1151 730 1398 785 θεήσασθαι

133 803 238 855 τοὺς
259 802 457 859 Μήδους.
493 799 700 852 ἐλθόντες
729 801 775 844 δὲ
795 801 836 850 ἐς
865 800 943 842 τόν
963 801 1246 851 Mapaeffiva,
1277 795 1393 853 έθεή-
1409 802 1456 836 60

137 884 292 915 σαντο·
330 869 435 926 μετιὶ
467 870 532 919 δὲ,
568 870 784 918 αἰνέοντες
810 866 1071 923 Ἀθηναίους
1099 866 1173 909 καὶ
1201 866 1250 909 τὸ
1273 865 1402 921 ἔργον

138 939 311 991 αὐτῶν,
358 937 693 982 ἀπαλλάσσοντο
724 934 877 980 ὀπίσω.

229 1009 392 1062 Θῶυμα
429 1005 476 1050 δέ
513 1022 610 1063 μοι,
655 1005 731 1050 καὶ
764 1003 846 1048 οὐκ
884 1002 1114 1059 ἐνδέκομαι
1143 1001 1223 1046 τὸν
1253 1000 1399 1058 λόγον,

81 1190 263 1245 quodque
282 1203 425 1242 purum
454 1191 485 1229 si
504 1191 651 1228 factum
671 1197 738 1238 est,
795 1186 981 1236 νέσαντες
996 1217 1006 1237 ,
1029 1186 1133 1241 quod
1153 1186 1382 1226 Schaeferus
1397 1201 1460 1225 re-

79 1247 274 1300 naphthae
302 1261 446 1285 nomen
477 1250 625 1300 accipit.

79 1305 243 1356 asphalto
272 1305 351 1342 sive
381 1307 547 1344 bitumine
576 1305 677 1344 conf.
708 1305 741 1355 1,

38 1388 40 1390 v
83 1364 162 1405 179
189 1362 320 1414 ibique
340 1370 436 1401 nott.

140 1452 180 1492 οἳ
205 1449 272 1491 καὶ
305 1450 414 1503 μέχρι
445 1451 534 1504 ε’μέο
560 1468 598 1492 κ.
628 1466 661 1491 τ.
687 1452 743 1502 λ.]

83 1509 268 1555 Quilocus
281 1508 511 1547 documento
534 1511 747 1561 est‚'ipsum

82 1565 324 1603 Herodotum
362 1568 461 1604 ultra
491 1568 747 1618 Babyloniam

81 1636 204 1675 usque
235 1622 284 1659 ad
326 1623 531 1661 Cissiorum
572 1625 746 1674 regiones

81 1680 386 1732 proficiscentem
411 1682 640 1732 pervenisse.
687 1682 746 1717 De

83 1750 161 1790 quo
185 1738 335 1774 monuit
366 1740 492 1789 Heyse
515 1739 667 1784 Quaest.
704 1752 745 1788 p.

85 1796 180 1835 100.
244 1794 374 1845 Atque
416 1794 635 1832 Philostrati
674 1793 746 1846 (V.

83 1850 213 1900 Apoll.
240 1851 271 1897 I,
293 1852 375 1901 36)
402 1859 543 1900 aetate,
575 1853 748 1904 quinque

84 1906 201 1956 igitur
228 1913 313 1956 post
331 1909 512 1956 saeculis,
541 1909 625 1945 illos
651 1907 748 1945 haec

86 1963 172 2000 loca
187 1961 313 2000 adhuc
332 1966 497 2002 tenuisse
517 1965 749 2016 accepimus.

310 2067 404 2119 Cap.
416 2046 540 2105 CXX.

146 2136 404 2188 καταλαβεῖν]
427 2137 534 2172 Bene
548 2132 752 2186 Schweig-

90 2192 246 2232 haeus.:
277 2205 347 2231 rem
365 2193 483 2230 adhuc
502 2194 678 2241 integ-ram
690 2192 751 2229 cle-

85 2251 311 2302 prehensuri,
342 2254 447 2300 tanta
479 2252 538 2287 usz'
561 2253 643 2286 sunt
665 2249 752 2286 cele-

90 2310 211 2345 ritate.
269 2308 326 2343 De
346 2308 430 2345 viae
449 2305 689 2358 longitudine
701 2306 751 2347 cf.

91 2370 188 2402 nott.
209 2362 258 2400 ad
277 2364 340 2413 VI,
366 2366 456 2405 106.

149 2438 308 2494 ὕστεροι
376 2440 419 2482 δὲ
482 2438 750 2493 οἷπικόμενῡι]

94 2498 303 2550 Spartanos
339 2498 535 2537 advenisse
554 2502 607 2554 τῇ
634 2497 754 2539 ὕστε-

93 2556 187 2610 ραίςι
208 2558 282 2606 τῆς
311 2551 440 2606 μάχης
495 2557 607 2593 Plato
640 2556 756 2594 tradit

92 2613 135 2650 in
153 2614 307 2650 Menex.
329 2625 367 2662 p·
382 2613 464 2653 240
485 2612 542 2661 0.,
561 2620 604 2650 ut
624 2614 756 2651 obser-

93 2676 159 2708 vat
177 2669 410 2719 VVesseling.
466 2668 531 2706 Ad
553 2667 636 2711 τὸν
655 2673 756 2708 Μα-

97 2729 270 2777 ραθῶνα
291 2726 392 2763 conf.
403 2732 500 2763 nott.
521 2725 570 2763 ad
579 2727 643 2774 Vl,
661 2729 756 2768 102.

98 2784 194 2820 Mox
225 2783 401 2821 revocavi
441 2780 664 2830 αἰνέοντες,
711 2789 756 2820 ut

100 2840 271 2894 plerique
302 2840 429 2878 ferunt
468 2839 554 2878 libri
597 2852 667 2892 pro
695 2838 756 2879 αἱ·

681 1250 741 1285 De
794 1247 923 1284 tinuit.

1002 1324 1095 1375 Gap.
1116 1323 1255 1385 CXXI.

859 1416 1010 1466 Θῶυμα
1038 1412 1081 1453 δέ
1116 1429 1184 1466 μοι
1213 1411 1281 1453 καὶ
1301 1409 1375 1454 οὔκ
1396 1412 1462 1454 ἕν·-

804 1471 968 1523 δέκομαι
1007 1468 1078 1511 τόν
1122 1468 1264 1525 λόγον]
1316 1472 1462 1521 Tangit

804 1529 1022 1567 Herodotea
1051 1529 1153 1565 Plut.
1186 1530 1222 1565 II
1242 1542 1280 1579 p.
1303 1531 1386 1570 862
1414 1530 1464 1566 E.

804 1585 1022 1640 sq.Eadem
1041 1586 1119 1622 fere
1139 1586 1203 1633 VI,
1221 1588 1325 1626 123:
1348 1588 1464 1624 θῶυ-

805 1660 860 1696 μα
891 1638 949 1682 οἷν
986 1658 1053 1693 μοι
1080 1641 1147 1681 καὶ
1180 1640 1228 1682 ου’
1251 1642 1465 1694 προσίεμαι

803 1698 877 1751 τήν
889 1696 1082 1751 διαβολήν
1103 1714 1140 1738 κ.
1152 1714 1185 1737 τ.
1198 1702 1247 1746 λ.,
1262 1712 1340 1751 quo
1354 1707 1465 1737 utro-

804 1771 885 1809 que
899 1759 983 1794 loco
1003 1756 1121 1793 Gaisf.
1152 1755 1308 1793 dederat
1329 1759 1466 1807 θῶμα.

805 1815 917 1852 Conf.
946 1814 1011 1861 VI,
1049 1814 1142 1853 117.
1199 1813 1347 1863 Insigni
1374 1826 1466 1851 vero

805 1871 1038 1909 documento
1058 1868 1167 1905 hicce
1189 1870 1316 1913 locus,
1347 1883 1467 1922 quam

805 1934 979 1965 accurate
1014 1927 1055 1962 in
1075 1926 1224 1976 singula
1241 1928 1377 1964 Noster
1402 1928 1466 1964 in-

806 1985 998 2037 quisierit,
1037 1983 1130 2019 falsa
1163 1995 1185 2018 a
1218 1984 1316 2020 veris
1337 1983 1469 2021 sedulo

807 2040 1020 2079 discernere
1030 2038 1185 2077 studens
1206 2041 1292 2077 etin
1306 2047 1468 2077 tractan-

808 2098 864 2135 dis
884 2098 1020 2134 fabulis
1039 2097 1179 2133 iustam
1202 2097 1335 2148 κρίσιν
1356 2095 1470 2135 adhi-

805 2156 915 2193 bens.
973 2155 1031 2190 De
1070 2166 1147 2205 quo
1186 2155 1313 2191 Nostri
1346 2154 1473 2192 studio

808 2212 976 2250 diximus
1023 2208 1072 2247 ad
1106 2211 1182 2255 111,
1220 2214 1260 2259 2,
1297 2210 1469 2263 dixitque

809 2269 1127 2307 Creuzer.Histor.
1138 2269 1262 2305 Kunst
1273 2267 1470 2307 d.Griech.

807 2341 848 2378 p.
871 2328 964 2367 108.
994 2324 1181 2361 Herodoti
1199 2337 1289 2362 sane
1310 2338 1356 2362 eo
1384 2339 1470 2362 ma-

809 2385 866 2435 gis
894 2382 1066 2419 interfuit
1094 2394 1185 2419 vera
1212 2382 1254 2418 iu
1273 2380 1377 2420 hisce
1401 2395 1470 2420 co-

809 2452 1004 2492 gnoscere,
1027 2451 1103 2490 quo
1123 2439 1246 2475 maior
1264 2440 1472 2477 Alcmaeo·-

809 2496 989 2535 nidarum
1009 2496 1131 2546 stirpis
1143 2495 1247 2532 fama
1258 2503 1373 2548 atque
1383 2497 1472 2547 glo-

812 2556 867 2592 ria
887 2566 1046 2590 omnem
1066 2566 1134 2603 per
1158 2553 1358 2590 Graeciam
1378 2565 1471 2604 pro-

811 2617 951 2663 pagata
977 2623 1050 2646 nec
1078 2610 1206 2646 minor
1243 2611 1359 2661 ipsius
1388 2611 1471 2646 He-

811 2667 937 2706 rodoti
972 2679 1083 2714 cura,
1129 2678 1382 2718 quaecunque
1422 2664 1472 2703 ad

811 2723 1107 2762 Atheniensium
1116 2723 1284 2760 facerent
1295 2723 1472 2773 gloriam,

810 2781 1033 2833 praesertim
1064 2778 1112 2816 de
1140 2786 1255 2829 gente
1292 2781 1474 2817 libertatis

812 2851 835 2877 a
862 2837 1034 2892 tyrannis
1054 2834 1306 2876 vindicandae
1325 2835 1474 2877 studio-

1454 448 1562 483 Pugna
1579 448 1640 475 iam
1658 454 1713 481 pu<

1453 486 1565 518 gnata,
1594 480 1730 508 Athenas

1454 516 1583 542 veniunt
1602 514 1716 543 ausssia

1454 551 1687 586 Spartanorum.

1458 996 1615 1033 Digressio
1644 996 1685 1024 de

1458 1030 1687 1061 Alcmaeonida-
