1834 3258
558 214 861 250 ERATO.
920 215 990 250 vl.

1327 215 1410 255 367

148 326 190 376 ἐς
219 323 270 367 τὰ
300 321 410 376 ἄκρα
439 326 514 379 τῆς
534 321 748 378 Εὐβοίης·
780 321 905 365 ἄλλοι
926 322 970 366 δὲ
993 321 1163 381 αὐτῶν,
1193 323 1283 365 ἰ’δια
1315 322 1408 378 κέρ-

148 396 222 437 δεα
242 388 584 445 προσδεκόμενοι
612 388 732 444 παρὰ
753 393 835 433 τοῦ
859 389 1035 444 Πέρσεω
1067 393 1278 438 οἴσεσθαι,
1307 395 1465 446 προ-45

122 460 306 513 4δοσίην
336 457 634 511 ἐσκευάζοντο.
681 457 841 513 μαθών
871 457 915 501 δὲ
944 456 1112 501 τούτων
1141 456 1322 513 ἑκάτερα
1352 457 1410 509 ὥς

149 526 230 581 εἶχε
261 527 467 582 Αἰσχίνης
496 524 520 569 ὁ
551 524 793 578 Νόθωνος,
835 525 921 569 ἐῶν
959 529 1047 568 τῶν
1077 524 1328 581 Ἐρετριέων
1356 525 1409 568 τὰ

145 596 320 647 πρῶτα,
351 592 504 649 φράζει
533 598 648 637 τοῖσι
685 594 843 651 ἥκουσι
879 597 969 637 τῶν
993 591 1239 649 Ἀθηναίων
1267 592 1411 637 πάντα

144 660 197 705 τοὶ
239 661 458 715 παρεόντα
499 673 579 718 σφι
616 661 874 718 πρήγματα·
919 659 1175 714 προσεδέετό
1204 678 1248 705 τε
1278 659 1411 705 ἀπαλ-

142 728 381 774 Mamaeae
424 741 561 786 σφεας
592 730 632 781 ἐς
661 730 743 788 τήν
772 729 1004 787 σφετέρην,
1045 730 1119 772 ἴνα
1153 728 1211 785 μή
1251 737 1469 782 προσα-ὅο

119 796 383 841 5πόλωνται.
435 800 479 841 οἱ
509 798 554 842 δὲ
583 797 809 854 Ἀθηναῖοι
840 801 978 841 ταῦτα
1006 798 1189 853 Αἰσχίνῃ
1221 800 1411 853 συμβου-

142 865 347 910 λεύσαντι
396 868 650 910 πείθονται·
709 867 783 910 καὶ
823 861 946 909 οὗτοι
985 864 1065 922 μὲν
1103 864 1329 921 διαβάντες
1370 865 1412 917 ές

0 943 72 988 ,01
140 932 365 988 Ὠρωπὸν,
416 935 577 988 ἔσωζον
625 933 762 990 σφέας
804 932 978 985 αὐτούς.

141 1001 344 1054 πλέοντες
377 1003 586 1060 κατέσχον
624 1003 702 1055 τὰς
741 1002 842 1054 νέας
878 1006 954 1059 τῆς
988 1001 1231 1059 Ἐρετρικῆς
1266 1001 1410 1059 χώρης
1467 1007 1546 1035 triae
1571 1016 1682 1036 muros.

139 1176 252 1218 ἄλλοι
274 1176 317 1218 δὲ
332 1173 466 1218 αὐτῶν
486 1193 522 1217 κ.
538 1178 635 1226 τ.λ.]
659 1178 743 1214 Xe-

81 1235 270 1289 nophonti
289 1237 320 1273 si
339 1235 432 1273 fides
453 1237 493 1272 in
508 1236 663 1272 Hellen.
675 1236 741 1283 ΠΙ,

86 1296 122 1338 1,
145 1294 183 1342 4,
213 1306 312 1330 unus
331 1293 403 1330 fuit
422 1294 592 1330 Eretrius
613 1291 744 1340 homo,

36 1380 42 1384 τ
84 1351 307 1402 Gongyffls,
338 1351 405 1402 qui
424 1351 629 1387 Persarum
655 1362 746 1400 par-

83 1414 138 1444 tes
159 1408 323 1458 suscepit
341 1406 510 1458 indeque
538 1408 653 1443 etiam
675 1407 746 1442 ali-

84 1471 178 1516 quot
211 1463 440 1514 oppidorum
470 1463 571 1501 dono
602 1476 624 1500 a
655 1476 746 1512 rege

83 1528 138 1558 est
157 1520 392 1558 1111601115.-
413 1517 546 1559 αὕτῶν
566 1519 655 1557 dedi
674 1532 744 1571 pro
763 1567 770 1573 ⁴

83 1574 234 1617 αὐτέων
273 1579 445 1629 itemque
482 1573 634 1617 τούτων
674 1589 745 1628 pro

81 1633 264 1674 τουτέων,
303 1633 366 1671 Ad
385 1635 644 1672 locutionem:
667 1631 744 1674 ἐών

85 1713 134 1719 -
149 1687 197 1730 vo}
219 1693 357 1741 πρῶτα
371 1691 469 1729 conf.
479 1690 662 1728 Matthiae
676 1692 740 1727 Gr.

83 1748 149 1786 Gr.
190 1760 278 1798 pag.
312 1750 407 1789 818.
445 1747 742 1785 Valckenaerius

82 1805 171 1842 citat
184 1804 358 1856 Euripid.
377 1805 480 1843 Med.
503 1808 600 1846 917.
624 1806 743 1842 orest.

84 1861 204 1901 1252.
237 1862 374 1912 Synes.
403 1863 443 1898 in
472 1863 585 1899 Dion.
616 1876 652 1913 p.
675 1860 744 1902 35.

81 1918 128 1963 D,
155 1917 227 1953 alia
248 1917 505 1955 Hemsterhus.
520 1917 567 1954 ad
584 1919 745 1956 Lucian.

81 1974 188 2010 Tim.
210 1986 291 2024 cap.
323 1973 390 2014 35.
447 1974 548 2013 Add.
581 1975 741 2011 Siebelis

82 2029 131 2066 ad
152 2030 314 2067 Pausan.
336 2031 434 2077 VIII,
457 2032 511 2072 50
534 2032 571 2076 ξ.
596 2035 629 2071 1.
677 2030 741 2068 Ad

81 2087 323 2138 participium
348 2090 451 2126 τοῖσι
475 2085 621 2138 ἥκουσι
651 2086 738 2138 (iis,

82 2145 145 2193 qui
162 2144 354 2194 venerant)
385 2145 487 2182 conf.
506 2143 644 2182 Matth.
675 2146 740 2182 Gr.

78 2200 144 2238 Gr.
167 2214 204 2251 p.
226 2200 323 2241 956.

135 2255 174 2302 ἒς
203 2251 410 2307 Ὠρωπὸν]
466 2257 604 2307 Oropus
636 2270 656 2293 e
676 2270 740 2293 re·-

78 2313 192 2363 gioue
232 2319 310 2350 erat
335 2314 528 2362 Eretriae,
571 2313 740 2366 quadra-

77 2371 183 2419 ginta
212 2371 272 2406 vel
301 2372 498 2421 sexaginta
529 2371 738 2408 stadiorum

79 2426 277 2464 intervallo
298 2425 387 2464 hinc
408 2435 566 2467 remota.
626 2427 738 2473 Quod

80 2482 266 2534 oppidum
285 2485 388 2532 prius
398 2485 579 2521 Boeotiae
600 2498 739 2522 accen-

79 2552 187 2586 sum,
217 2540 264 2576 ab
287 2539 582 2578 Atheniensibus
606 2549 737 2592 postea

81 2603 311 2647 occupatum
350 2604 428 2645 est,
477 2599 542 2649 qui
570 2597 659 2635 inde
698 2600 739 2636 in

79 2653 260 2690 Boeotiae
282 2665 391 2703 agros
413 2667 611 2691 excurrere
639 2656 740 2692 sole-

79 2709 182 2747 bant.
240 2711 339 2746 HInc
359 2712 506 2761 saepius
526 2718 740 2762 pugnatum

81 2778 159 2803 esse
171 2767 385 2817 accepimus
399 2766 445 2803 de
458 2765 530 2804 hoc
552 2769 630 2817 ipso
641 2768 738 2806 loco.

80 2821 165 2860 Vid.
185 2824 373 2862 Mannert.
393 2824 480 2861 VIII
499 2837 538 2875 p.
566 2823 661 2869 241,
702 2831 740 2862 et

798 1176 985 1228 imprimis
1005 1177 1127 1212 Kruse
1145 1176 1273 1213 Hellas
1293 1177 1341 1224 Π,
1375 1181 1394 1217 1
1426 1190 1463 1228 p.

799 1236 892 1275 282.
963 1235 1076 1270 Nunc
1104 1234 1158 1270 ibi
1186 1235 1292 1272 vicus
1319 1247 1464 1285 pauper

801 1290 905 1342 Ropo
927 1304 954 1328 s.
977 1291 1107 1342 Oropo,

1042 1415 1133 1467 Cap.
1164 1415 1224 1452 CI.

857 1514 1046 1568 κατέσχον
1058 1513 1128 1565 τᾶς
1142 1514 1262 1566 νέας]
1293 1515 1356 1554 Ad
1375 1531 1464 1555 ver-

801 1573 896 1610 bum
916 1573 1091 1625 κατέχειν
1122 1574 1248 1623 (naves
1267 1574 1462 1625 adpellere)

799 1630 902 1668 conf.
926 1632 989 1678 VI,
1009 1632 1075 1671 95.
1094 1632 1175 1679 Vn,
1190 1634 1254 1672 59.
1275 1633 1354 1678 VII,
1371 1634 1462 1673 188.

798 1686 976 1736 V111‚40.
991 1687 1254 1727 41.Schaefer.
1267 1687 1315 1725 ad
1326 1690 1462 1727 Lamb.

797 1747 887 1782 Bos.
906 1746 964 1780 De
973 1745 1105 1796 Ellips.
1125 1747 1169 1783 L.
1187 1747 1254 1783 Gr.
1267 1759 1355 1797 pag.
1368 1747 1462 1786 318.

798 1803 902 1840 Plut.
926 1802 1083 1841 Aristid.
1122 1802 1161 1843 5.
1192 1804 1315 1848 Δᾶτις
1337 1824 1388 1829 --
1408 1801 1465 1849 εἰς

800 1861 1052 1910 Μαραθῶνα
1092 1857 1212 1897 παντὶ
1251 1862 1305 1912 τῷ
1341 1854 1462 1912 στόλῳ

799 1915 971 1964 κατέσχε.
1004 1916 1061 1951 Ι)6
1081 1916 1249 1965 genitivo
1269 1911 1461 1966 τῆςἘρε-

801 1974 940 2022 τρικῆς
974 1966 1105 2023 χώρης
1134 1973 1284 2008 monuit
1322 1970 1460 2010 Matth.

798 2030 862 2066 Gr.
886 2029 950 2064 Gr.
972 2041 1060 2080 pag.
1083 2030 1176 2069 629.
1235 2029 1340 2074 Quae
1367 2042 1461 2066 mox

799 2085 949 2122 ditionis
999 2086 1224 2122 Eretriensis
1273 2093 1460 2123 vocantur

798 2141 956 2193 oppida,
1015 2154 1148 2178 eorum
1171 2143 1319 2179 nullam
1357 2142 1460 2194 apud

797 2200 888 2236 alios
916 2199 1112 2249 scriptores
1140 2201 1264 2251 reperi
1290 2200 1460 2238 mentio-—

797 2269 910 2303 nem,
953 2258 1025 2292 nisi
1055 2256 1159 2308 quod
1190 2257 1327 2293 Strabo
1358 2259 1397 2294 X
1417 2272 1456 2308 p.

795 2312 877 2354 447
902 2326 931 2349 S.
956 2315 1036 2353 687
1068 2315 1112 2351 Β.
1144 2315 1361 2365 Tamynas,
1391 2315 1460 2351 ubi

794 2371 942 2420 insigne
951 2370 1138 2420 Apollinis
1149 2371 1459 2422 templum‚com-

793 2433 995 2463 memorat.
1053 2428 1182 2479 Atque
1203 2427 1375 2464 eiusdem
1392 2443 1459 2466 ur·-

792 2485 850 2521 bis
879 2485 994 2520 etlam
1023 2486 1168 2521 mentio
1199 2484 1301 2536 apud
1322 2484 1456 2537 Steph.

794 2542 887 2593 Byz.
910 2554 938 2577 S.
960 2554 995 2578 v.
1017 2554 1106 2592 pag.
1129 2544 1224 2583 691,
1254 2542 1455 2580 Demosth.

795 2612 828 2639 c.
859 2596 952 2634 Mid.
974 2611 1009 2648 p.
1031 2597 1124 2645 364,
1139 2600 1232 2640 301.
1256 2599 1361 2650 [pag.
1375 2600 1455 2641 567

794 2654 942 2702 Reisk]
976 2668 1009 2692 c.
1037 2655 1171 2691 Boeot.
1202 2669 1239 2705 p.
1261 2656 1358 2701 578,
1388 2657 1454 2696 20.

796 2712 854 2762 [p.
876 2713 956 2751 999
973 2712 1044 2760 R.]
1078 2718 1171 2758 etc„
1203 2723 1300 2762 quae
1329 2712 1453 2748 attulit

794 2767 929 2805 Valck.
970 2765 1069 2805 κατοὶ
1103 2766 1166 2804 hic
1205 2768 1343 2804 eodem
1373 2768 1453 2805 fere

795 2824 913 2862 modo
942 2836 1017 2876 quo
1033 2825 1098 2872 ΙΙΙ,
1124 2822 1185 2864 14.
1206 2823 1273 2865 64.
1300 2825 1348 2874 11,
1372 2827 1447 2866 121

1052 935 1106 977 Οἵ
1146 934 1192 977 δὲ
1241 933 1410 988 Πέρσαι
1466 938 1724 1002 1116118εέἐῖ-
