1789 3213
468 211 943 250 POLYMNIA.
1001 210 1099 247 VII.
1315 213 1397 253 761

122 321 322 378 6,,φαλάς
349 320 620 375 κοσμέονται.
677 320 852 363 ἐπίσταο
885 318 944 370 δὲ,
974 320 1010 361 εί
1040 316 1223 368 τούτους
1247 333 1293 360 τε
1325 320 1398 362 καὶ

152 389 227 443 ,,τό
249 387 469 443 ὑπομένον
498 387 543 430 έν
572 385 753 443 Σπάρτῃ
782 385 1113 440 καταστρέψεαι,
1152 385 1239 428 ἔστι
1270 384 1399 429 οὐδὲν

152 457 282 510 „amo
313 456 440 507 ἔθνος
469 454 740 510 ἀνθρώπων,
771 455 819 498 τὸ
854 454 911 506 σε,
942 456 1140 509 βασιλεῦ,
1170 453 1400 508 ὑπομενέει

124 529 324 581 7,,χεῖρας
352 521 699 579 ἀνταειρόμενον.
743 525 827 566 νῦν
855 522 938 577 γὰρ
967 521 1073 574 πρὸς
1102 523 1329 577 βασιληίην
1354 538 1399 565 τε

153 593 253 645 „uoci
288 593 518 648 καλλίστην
551 591 680 635 πόλιν
718 595 805 634 τῶν
843 590 890 633 ἐν
914 588 1094 645 ’Έλλησι
1121 590 1427 644 προσφέρεαι,1

127 660 257 712 8,,καὶ
287 657 452 713 ἄνδρας
481 657 723 713 ἀρίστους.“
779 657 934 712 Κάρτα
962 673 1005 700 τε
1039 656 1090 712 δὴ
1113 656 1270 699 ἄπιστα
1299 655 1402 710 Ξέρ-

150 735 201 786 ξῃ
232 727 432 784 ἐφαίνετο
462 728 514 770 τὰ
542 724 747 782 λεγόμενα
776 724 900 777 εἶναι,
929 727 1002 768 καὶ
1023 722 1202 778 δεύτερα
1231 722 1403 778 ἐπειρώ-

150 813 203 840 τα
243 789 422 848 ,,ὅντινα
464 793 650 848 τρόπον,
698 797 901 837 τοσοῦτοι
940 792 1101 845 ἐόντες,
1155 795 1208 847 τῇ
1238 791 1404 835 ἑωυτοῦ

125 866 360 920 9,,στρατιῇ
398 861 706 918 μαχήσονται.“
769 859 818 903 Ὁ
849 859 894 903 δὲ
924 859 1035 903 εἶπε·
1088 854 1176 909 »Ὧι
1206 861 1432 914 βασιλεῦ,5

150 931 273 988 »ἐμοὶ
310 934 501 987 χρᾶσθαι
542 929 600 981 ὥς
630 928 757 983 οἷνδρὶ
795 928 973 985 ψεύστῃ,
1003 926 1058 984 ἢν
1087 927 1145 984 μὴ
1173 925 1310 970 ταῦτά
1337 944 1406 970 τοι

151 998 313 1054 ,,ταυ’τῃ
343 998 461 1055 ἐκβῇ,
490 1001 544 1054 τῇ
572 997 654 1054 ἐγώ
686 997 836 1052 λέγω.“

242 1069 388 1109 Ταῦτα
416 1066 576 1122 λέγων,
618 1065 700 1109 οὐκ
730 1064 874 1108 ἔπειθε
913 1063 991 1107 τὸν
1021 1061 1192 1118 Ξέρξεα.
1256 1062 1406 1107 Τέσσε-

150 1149 230 1188 ρας
258 1133 337 1188 μὲν
360 1134 413 1187 δὴ
443 1135 652 1189 παρεξῆκε
680 1131 854 1189 ἡμέρας,
883 1132 1063 1184 ἐλπίζων
1093 1132 1176 1173 αιέί
1197 1141 1331 1186 σφεας
1360 1129 1402 1174 ἆ-

122 1200 463 1256 2ποδρήσεσθαι.
521 1200 688 1257 πέμπτῃ
730 1201 798 1250 δὲ,
838 1201 896 1250 ὥς
937 1197 1018 1242 οὐκ
1058 1197 1402 1247 ἀπαλλάσσοντο,

0 1062 87 1107 elo
1464 1056 1545 1099 604

1462 1110 1572 1143 Incipit
1589 1117 1689 1144 pugna

1461 1144 1499 1170 ad
1512 1143 1735 1178 Thermopylas

1465 1177 1561 1212 [circa
1577 1177 1709 1204 mediam

1463 1214 1613 1240 aestatem
1622 1211 1734 1245 a.4eo.].

152 1267 262 1311 ἄλλά
291 1270 335 1311 οἱ
364 1269 597 1323 ἐφαίνοντο
630 1267 828 1323 ἀναιδείῃ
849 1283 892 1309 τε
912 1267 983 1309 καὶ
1006 1265 1188 1322 ἀβουλίῃ
1205 1264 1408 1321 διαχρεώ-

152 1351 275 1392 μενοι
303 1335 460 1391 μένειν,
488 1334 642 1393 πέμπει
663 1334 724 1379 ἐπ’
743 1333 905 1386 αὐτοὺς
934 1333 1120 1390 Μήδους
1138 1349 1182 1377 τε
1200 1334 1273 1377 καὶ
1302 1336 1407 1378 Κισ-
1424 1343 1465 1376 10

97 1547 173 1579 ται,
188 1545 263 1583 quo
283 1533 399 1569 verbo
418 1534 553 1570 Noster
562 1534 680 1570 utitur
689 1535 754 1582 IV,

100 1591 152 1628 73
175 1590 262 1625 coll.
281 1590 346 1636 III,
366 1587 456 1637 148,
479 1603 522 1626 eo
543 1592 609 1627 vix
633 1603 753 1640 opus:

98 1646 142 1680 In
162 1658 268 1697 seqq.
298 1643 342 1684 τό
361 1643 565 1696 ’ὑπομένον
585 1647 755 1696 intellige

98 1700 192 1747 τους
226 1700 522 1752 ὑπομένοντας,
568 1710 610 1739 ut
647 1710 755 1740 notat

98 1756 233 1796 Matth.
267 1759 333 1795 Gr.
371 1759 437 1797 Gr.
474 1761 511 1805 ξ.
548 1758 628 1800 446
665 1772 753 1810 pag.

154 1913 366 1965 ’ὑπομενέει
388 1918 518 1967 χεῖρας
547 1910 756 1965 οἷνταειρό-

100 1972 240 2022 μενον]
270 1971 356 2009 Vid.
375 1973 456 2020 Vll,
478 1974 556 2011 101
589 1972 671 2008 coll.
691 1972 755 2020 VI,

100 2027 155 2068 44
193 2029 321 2080 ibique
355 2030 432 2066 citt.
455 2050 506 2056 -—
544 2029 638 2064 Mox
667 2041 757 2064 cum

102 2083 320 2135 Schweigh.
361 2093 398 2122 et
435 2084 552 2121 Gaisf.
586 2086 758 2135 rescripsi

102 2139 170 2179 καὶ
212 2141 421 2192 καλλίστην
454 2135 574 2180 πόλιν
603 2143 682 2179 τῶν
715 2140 757 2180 ἐν

89 2193 253 2248 ’Ἕλλησι
271 2195 525 2250 προσφέρεαι,
545 2198 612 2233 ubi
640 2197 756 2247 vulgo

103 2254 206 2291 abest
218 2253 283 2293 καὶ
297 2262 333 2291 et
342 2249 474 2301 πόλιν,
487 2253 591 2305 quod
606 2260 758 2290 utrum-

105 2323 179 2361 que
197 2311 238 2347 iu
259 2311 450 2348 Sancrofti
471 2309 600 2347 codice
612 2309 761 2346 deside-

105 2374 221 2404 ratur.
257 2369 315 2404 De
335 2368 451 2405 verbo
463 2365 762 2420 προσφέρεσθαι

106 2423 206 2460 conf.
240 2424 307 2472 VI,
333 2426 399 2464 96,
421 2447 471 2451 -
516 2425 560 2459 In
580 2423 656 2459 fine
677 2437 761 2474 cap.

106 2478 273 2515 eundem
294 2477 512 2529 Schweigh.
526 2487 562 2516 et
575 2479 762 2517 Gaisford.

105 2542 256 2573 secutus
276 2536 394 2572 abieci
413 2549 524 2573 voces
536 2530 616 2576 οἶοί
635 2551 675 2575 τε
689 2537 763 2576 εἰσι

107 2598 191 2643 post
221 2594 402 2631 τοσοῦτοι
427 2589 557 2639 ἐόντες
592 2594 693 2630 male
715 2607 764 2630 ex

111 2661 188 2685 una
222 2647 363 2685 Aldina
391 2648 558 2696 insertas,
598 2655 636 2685 et
669 2662 764 2686 mox

111 2706 240 2755 scripsi
270 2699 524 2755 μαχήσονται,
562 2704 628 2740 ubi
648 2707 763 2756 vulgo

111 2759 370 2812 μαχέσασθαι,
393 2758 627 2809 Schweigh.,
647 2762 763 2800 Gaisf.

112 2825 147 2855 et
166 2817 334 2856 Bekker.
354 2814 599 2868 μαχέσονται.

1030 1532 1123 1582 Cap.
1147 1531 1260 1569 CCX.

866 1611 1064 1661 παρεξῆκε
1084 1608 1260 1660 ἡμέρας]
1285 1609 1311 1645 i.
1323 1622 1355 1645 e.
1373 1622 1465 1659 qua-

812 1667 967 1703 triduum
995 1667 1215 1716 praeterlabi
1248 1679 1376 1716 passus
1402 1670 1465 1702 est.

810 1725 867 1760 Ita
880 1737 898 1759 r
914 1722 1236 1761 ‘cteValckenaen
1277 1723 1381 1767 Quae
1398 1721 1467 1759 de-

809 1781 940 1829 inceps
970 1781 1169 1829 leguntur:
1211 1775 1393 1831 ἅναιδείῃ
1426 1792 1467 1817 τε

810 1835 878 1874 καὶ
898 1832 1064 1888 α’βουλίῃ
1087 1831 1378 1886 διαχρεώμενοι,
1406 1835 1469 1871 iu-

810 1899 1016 1942 terpretor:
1060 1893 1247 1929 insolentia
1280 1895 1312 1928 et
1334 1893 1469 1928 temeri-

813 1953 886 1985 tate
901 1962 929 1987 s.
942 1949 1081 1985 consilii·
1097 1950 1228 1998 inopia,
1241 1949 1470 1997 perversitate

813 2009 959 2043 utente&
999 2005 1145 2042 Similia
1166 2003 1355 2056 quaedam
1374 2006 1471 2040 Per-

813 2075 939 2098 sarum
971 2061 1017 2097 de
1040 2063 1191 2098 Graecis
1211 2060 1351 2097 iudicia
1373 2068 1470 2097 attu-

812 2118 855 2154 lit
880 2117 1136 2155 Hoffineister.
1165 2119 1191 2154 l.
1212 2119 1238 2154 l.
1267 2130 1352 2167 pag.
1377 2119 1469 2165 102,

813 2176 931 2211 nostri
951 2176 1025 2211 loci
1054 2173 1158 2211 haud
1177 2176 1395 2211 immemor.

872 2252 1019 2304 πέμπει
1044 2248 1102 2292 ἐπ’
1126 2248 1274 2298 αὐτούς
1297 2248 1472 2302 Μήδους

816 2325 857 2349 τε
879 2309 945 2348 καὶ
968 2309 1177 2358 Κισσίους]
1200 2311 1257 2345 De
1278 2309 1400 2347 Medis
1411 2315 1469 2345 at-

818 2380 893 2418 que
925 2366 1049 2403 Cissiis
1083 2365 1161 2403 vid.
1191 2366 1273 2412 VII,
1304 2367 1370 2405 62.
1400 2366 1470 2412 Ea,

819 2436 918 2475 quae
937 2422 1122 2473 Ephialtis
1135 2421 1387 2472 proditionem
1402 2433 1472 2457 an-

818 2479 1010 2527 tecedunt,
1025 2480 1138 2530 paulo
1152 2480 1258 2515 aliter
1271 2477 1472 2515 traduntur

818 2538 858 2573 in
893 2537 1036 2573 Ctesiae
1070 2537 1265 2585 Excerptt.
1292 2536 1412 2571 Perss.
1434 2535 1470 2579 ξ.

819 2596 886 2634 23.
919 2614 974 2619 —-
1023 2591 1082 2628 Ad
1130 2592 1370 2642 participium
1402 2605 1471 2637 φε-

819 2645 978 2700 ρόμενοι
1004 2648 1043 2683 iu
1071 2661 1177 2699 seqq.
1207 2647 1308 2684 conf.
1335 2644 1472 2686 Matth.

821 2707 887 2742 Gr.
904 2706 970 2742 Gr.
992 2718 1029 2754 p.
1050 2704 1131 2745 557
1161 2718 1199 2754 p-
1226 2705 1342 2743 1101.
1371 2701 1472 2739 Add.

821 2760 962 2798 Herod.
984 2761 1083 2807 VIII,
1105 2762 1172 2800 91.
1191 2760 1260 2806 IX,
1285 2762 1376 2800 102.
1394 2760 1473 2795 Ae-

821 2816 941 2869 schyl.
963 2814 1132 2867 Choeph.
1165 2818 1233 2864 73,
1254 2816 1320 2852 ubi
1339 2816 1473 2852 Blom-
