1789 3213
493 233 584 270 ET
641 231 1149 270 CORRIGENDA.
1457 232 1542 272 825

289 344 388 388 pater
410 341 549 383 scribat,
575 342 623 376 sic
646 353 765 376 revera
788 341 892 375 fuisse
915 341 970 374 vel
996 342 1104 386 potius
1128 339 1204 374 fieri
1235 338 1383 385 potuisse
1415 344 1518 384 negat

287 388 344 433 qui
368 387 452 421 enim
475 388 607 421 Pieruln
632 388 770 421 castella
793 386 1007 431 praeterierit
1030 388 1207 420 Persarum
1230 397 1291 420 rex
1315 385 1356 418 ad
1393 386 1540 429 Pangaei

286 434 456 467 meridiem
481 434 543 470 (ita
566 433 635 467 scil.
660 439 697 467 ut
720 434 806 466 hunc
828 436 969 466 montem
994 444 1014 465 a
1039 433 1160 466 dextra
1183 431 1369 474 habuerit),
1395 442 1468 464 eum
1493 431 1541 464 si-

287 478 353 512 mul
382 490 444 523 per
475 479 664 520 Paeonum,
696 479 754 522 qui
776 478 818 511 ad
841 477 1136 521 septentrionalem
1164 479 1350 520 Pangaeum
1379 477 1539 517 habitent,

287 530 413 558 terram
445 524 494 558 ire
527 525 675 568 potuisse
698 528 811 568 negat.
881 523 1002 568 Itaque
1025 525 1119 557 recta
1150 525 1271 556 statuit
1296 533 1406 566 regem
1430 526 1539 555 teten-

286 570 378 603 disse
411 581 473 614 per
503 570 637 603 Pierum
671 575 797 603 terram
828 580 935 612 usque
970 569 1013 602 ad
1050 569 1190 602 Eionem
1221 568 1466 611 Strymoniam,
1497 568 1540 601 ad

286 626 385 659 quam
407 627 514 660 usque
537 620 572 649 et
594 616 770 659 Pangaeus
795 619 830 648 et
852 614 981 648 Pierica
1004 614 1096 658 regio
1110 613 1333 658 pertinuerit3
1357 614 1456 657 idque
1468 624 1540 646 cum

287 660 417 694 illorum
442 662 587 694 locorum
603 666 723 694 natura
746 660 870 704 optime
894 660 1081 693 consentire
1103 659 1228 693 adiicit.
1275 660 1321 692 At
1345 658 1419 700 quid
1437 659 1541 702 impe—

285 706 348 747 dit,
371 719 437 752 quo
461 707 578 747 minus,
600 706 655 752 qui
678 707 814 750 primum
838 706 975 739 castella
1000 706 1131 739 Pierum
1153 710 1363 748 montemque
1387 710 1541 748 praeter-

287 751 386 793 ierit,
420 757 488 786 tum
515 763 592 786 vero
626 752 746 785 montis
779 751 948 784 brachium
985 751 1025 784 ad
1049 763 1140 784 mare
1173 762 1278 794 usque
1302 750 1473 783 diductum
1497 750 1542 783 sit

287 802 539 841 transgressus,
584 797 734 831 Paeones
776 808 909 842 quoque
943 800 1036 830 trans
1066 797 1258 839 Pangaeum
1283 796 1542 840 septentrionem

286 854 405 876 versus
428 843 619 876 habitantes
635 842 854 887 praeteriisse
877 843 1045 888 putandus
1069 842 1115 875 sit
1138 852 1291 875 occasum
1317 853 1433 875 versus
1462 841 1541 874 inde

286 887 355 922 iter
389 889 515 923 faciens
550 889 592 921 ad
627 889 866 932 Strymonem?
934 889 1024 921 Utut
1052 892 1123 929 est,
1160 887 1232 920 sine
1255 894 1412 920 accurata
1436 886 1542 920 totius

287 934 432 1012 refigionis
464 935 652 979 cognitione
683 935 767 968 haec
799 935 885 968 bene
919 934 1079 968 constitui
1109 945 1175 967 non
1207 943 1306 978 posse
1338 933 1448 978 quivis
1491 933 1542 966 in-

286 982 322 1013 te
347 980 355 1012 i
383 979 421 1014 ’t.

70 1019 123 1054 Ad
146 1020 222 1066 VII,
246 1025 314 1060 114
329 991 407 1069 ρὲἒζ.
433 1025 500 1061 604
521 1025 580 1059 lin.
609 1026 640 1060 1.
688 1025 771 1059 Cum
795 1025 849 1066 iis,
875 1036 962 1069 quae
986 1025 1028 1059 de
1050 1022 1177 1058 Ἐννέα
1199 1020 1346 1058 εΟδοῖσι
1377 1023 1466 1065 dixi,
1500 1024 1544 1056 cf.

290 1071 488 1114 Cousinery.
509 1071 533 1104 l.
556 1072 579 1104 l.
612 1072 629 1104 I
653 1083 728 1116 cap.
760 1071 782 1105 4
814 1082 848 1114 p.
876 1073 941 1105 122
967 1082 1038 1115 seq.
1086 1071 1138 1104 De
1162 1071 1335 1112 Bisaltia,
1357 1080 1444 1114 quae
1468 1080 1543 1114 cap.

290 1118 357 1152 115
375 1122 586 1159 memoratur,
608 1116 676 1151 vid.
698 1117 780 1150 ibid.
802 1117 836 1149 11
859 1127 938 1160 pag.
961 1119 1006 1152 52
1029 1128 1099 1161 seq.

71 1155 126 1192 Ad
145 1158 220 1202 VH,
245 1162 308 1197 121
335 1173 413 1206 pag.
437 1164 506 1198 612
530 1163 586 1196 lin.
610 1165 645 1197 2.
693 1162 792 1203 Quae
807 1162 839 1196 h.
855 1162 878 1196 l.
902 1162 1095 1196 Herodotus
1119 1162 1162 1195 de
1179 1160 1304 1195 Xerxis
1335 1159 1485 1194 exercitu
1508 1159 1543 1193 in

287 1211 358 1240 tres
382 1211 496 1252 partes
520 1208 624 1241 diviso
647 1207 864 1253 diversasque
885 1208 960 1241 vias
983 1212 1145 1252 sequente
1169 1208 1317 1246 scribat,
1342 1217 1440 1250 quum
1465 1205 1548 1239 talia

288 1253 366 1294 sint,
390 1257 429 1286 ut
451 1254 493 1287 ad
510 1253 546 1286 id
569 1258 699 1297 tempus
722 1265 837 1298 usque,
862 1265 928 1298 quo
953 1253 1136 1287 exercitum
1158 1253 1210 1287 ita
1231 1253 1287 1286 ille
1308 1251 1469 1288 diviserit,
1493 1256 1548 1284 to·-

290 1305 361 1332 tum
385 1299 567 1332 exercitum
593 1299 771 1332 indivisum
795 1299 860 1332 iter
883 1299 1005 1332 fecisse
1028 1305 1181 1344 putemus
1196 1324 1206 1339 ,
1254 1309 1338 1331 vera
1360 1297 1468 1330 videri
1504 1296 1546 1338 ei,

290 1344 349 1388 qui
373 1344 518 1378 locorum
541 1344 775 1378 difficultatem
798 1348 1066 1389 commeatusque
1088 1343 1234 1388 inopiam
1259 1343 1422 1386 cognorit,
1445 1347 1548 1385 negat

291 1389 491 1434 Cousinery.
517 1390 538 1423 l.
563 1391 584 1424 l.
605 1391 638 1423 11
663 1402 695 1435 p.
720 1391 777 1426 33.
825 1390 933 1430 Quem
955 1391 984 1423 si
1019 1390 1209 1430 audiamus,
1243 1390 1374 1423 Xerxes
1399 1399 1458 1431 per
1481 1390 1546 1421 Sa-

292 1447 454 1490 paeoruln
477 1436 592 1469 fauces
610 1435 642 1469 in
667 1435 839 1480 planitiem
864 1435 1113 1480 Philippensem
1129 1435 1314 1479 ingressus,
1339 1434 1452 1478 copias
1469 1445 1547 1467 suas

291 1493 328 1515 1n
358 1481 441 1514 duas
472 1481 584 1514 divisit
614 1485 750 1526 partes,
788 1492 928 1526 quarum
961 1493 1026 1515 una
1049 1483 1169 1524 magna
1190 1481 1247 1514 w‘a
1270 1481 1312 1514 ad
1337 1481 1549 1522 Strymonem

291 1527 460 1573 pervenit,
485 1527 591 1560 altera
614 1527 772 1570 Angitam
795 1527 933 1560 fluvium
957 1531 1072 1560 secuta
1096 1527 1138 1560 ad
1170 1526 1428 1571 septentrionem
1460 1525 1550 1559 Pan—

296 1572 373 1616 gaei
396 1572 606 1617 Amphipolin
645 1584 764 1606 versus
794 1573 862 1606 iter
895 1572 977 1606 fecit
1009 1572 1155 1617 indeque
1178 1583 1240 1617 per
1267 1571 1479 1604 Crestoniam
1503 1570 1548 1603 ad

292 1618 466 1662 planitiem
497 1630 648 1661 magnam
682 1618 758 1651 Axii
792 1618 956 1664 perrexit.
1013 1621 1060 1652 Et
1082 1629 1154 1651 eam
1184 1617 1272 1651 viam
1305 1616 1442 1650 indicari
1475 1618 1548 1649 vult

290 1663 458 1698 Herodoti
480 1665 592 1698 verbis
616 1664 690 1704 VII,
717 1665 793 1699 113.
839 1664 993 1698 Tertiam
1026 1664 1196 1697 exercitus
1231 1668 1360 1707 partem
1390 1673 1410 1694 a
1442 1661 1549 1706 prima

291 1709 476 1743 seiunctam
498 1709 575 1742 inde
599 1710 640 1743 ab
668 1721 707 1742 eo
732 1710 819 1751 loco,
843 1721 909 1755 quo
932 1710 1039 1742 Bolbe
1062 1710 1154 1743 lacus
1178 1709 1261 1742 mari
1271 1708 1463 1748 misceatur,
1488 1718 1550 1750 per

291 1755 449 1798 regiones
471 1756 623 1798 copiosas
646 1755 837 1800 victumque
860 1755 1081 1788 sufficientem
1105 1755 1306 1799 praebentes
1338 1754 1404 1786 iter
1428 1753 1550 1785 fecisse

294 1800 476 1841 contendit,
500 1801 549 1834 ita
571 1806 610 1834 ut
634 1813 654 1834 a
677 1801 799 1835 dextra
820 1801 844 1834 i.
869 1813 898 1834 e.
923 1813 942 1834 a
967 1800 1194 1845 septentrione
1228 1799 1398 1833 Bisaltiam
1422 1799 1549 1832 habue-

294 1846 360 1887 rit,
395 1858 416 1879 a
449 1846 563 1888 laeva,
595 1847 616 1881 i.
651 1859 680 1880 e.
714 1858 734 1880 a
765 1847 905 1880 meridie
938 1850 1066 1879 montes
1102 1845 1320 1880 Chalcidicae
1342 1844 1549 1888 peninsulae.

294 1893 340 1925 At
363 1892 431 1924 tale
453 1892 532 1935 quid
556 1892 619 1926 nisi
641 1896 822 1934 statuatur,
847 1892 1011 1926 Herodoti
1035 1892 1068 1925 in
1092 1903 1239 1925 errorem
1273 1891 1357 1934 lapsi
1383 1896 1441 1923 aut
1464 1889 1551 1922 falso

295 1937 407 1970 edocti
431 1938 509 1981 (nisi
533 1937 606 1982 ipsa
629 1939 747 1979 verba,
773 1938 885 1982 qualia
908 1950 995 1971 nunc
1018 1943 1163 1979 exstant,
1189 1941 1349 1981 corrupta
1372 1936 1466 1969 malis
1490 1936 1554 1968 ha·-

294 1984 377 2016 bere
387 1983 629 2027 autlacunosa)
655 1984 879 2017 narrationem
902 1983 1026 2017 fabulis
1049 1983 1234 2017 arbitratur
1258 1981 1429 2016 accenseri
1441 1992 1552 2026 posse,

295 2040 396 2073 quum
428 2029 561 2062 minime
592 2030 733 2063 Athonis
766 2030 904 2063 isthmus
935 2029 1195 2062 innumerabiles
1227 2028 1404 2061 Persarum
1436 2027 1551 2071 copias

296 2086 421 2119 capere
453 2074 621 2118 potnerit,
657 2075 722 2109 nisi
752 2075 786 2108 in
818 2075 924 2119 sylvis
959 2075 1154 2119 peninsulae
1179 2073 1393 2107 Chalcidicae
1415 2072 1491 2105 illas
1515 2084 1552 2105 se

296 2120 464 2153 abdidisse
488 2120 668 2163 existimes,
693 2121 728 2154 in
752 2120 869 2165 quibus
891 2126 1004 2154 tamen
1027 2124 1061 2154 et
1083 2120 1166 2165 ipsis
1190 2119 1331 2153 maxima
1365 2118 1476 2152 victus
1499 2118 1552 2151 in-

295 2165 386 2210 opia.
434 2166 612 2210 Equidem,
639 2167 727 2212 quod
752 2167 851 2211 paulo
875 2170 975 2200 antea
998 2166 1104 2210 posui,
1127 2166 1180 2199 hic
1204 2176 1337 2210 quoque
1363 2164 1470 2208 repeti
1493 2175 1554 2197 ve-

295 2210 370 2244 lim:
395 2211 479 2244 haec
502 2223 566 2245 non
589 2212 652 2246 nisi
675 2213 717 2246 ab
743 2224 782 2245 eo
805 2218 899 2246 recte
920 2211 1064 2246 iudicari
1088 2223 1209 2256 posse,
1234 2211 1292 2257 qui
1313 2210 1386 2256 ipse
1409 2211 1469 2243 has
1494 2220 1551 2243 re-

296 2256 413 2299 giones
435 2257 590 2290 inviserit
611 2262 836 2302 accurateque
858 2257 1129 2302 perlustraverit.

81 2297 133 2332 Ad
155 2297 235 2342 VH,
259 2303 327 2338 122
351 2314 428 2346 pag.
451 2302 518 2337 614
541 2302 598 2339 lin.
622 2305 654 2338 3.
703 2304 742 2337 In
765 2304 888 2338 veteris
915 2305 1056 2348 Galepsi
1079 2303 1185 2336 locum
1216 2313 1304 2336 nnnc
1341 2302 1457 2335 urbem
1487 2300 1555 2332 Ca-

297 2350 380 2382 vala
404 2348 567 2389 cessisse,
603 2361 691 2394 quae
713 2361 839 2394 paucas
862 2354 991 2383 tantuin
1023 2348 1235 2392 antiquitatis
1266 2347 1421 2389 reliquias
1446 2345 1553 2379 conti-

298 2397 390 2435 neat,
421 2394 608 2428 arbitratur
639 2395 836 2436 Consinery.
867 2396 888 2428 l.
918 2395 939 2429 l.
974 2395 1008 2428 ΙΙ
1041 2406 1074 2439 p.
1100 2396 1144 2429 69
1174 2394 1247 2427 coll.
1282 2395 1323 2427 61
1359 2404 1429 2436 seq.
1487 2390 1556 2430 Qui

295 2438 383 2473 idem
406 2440 428 2473 l.
454 2440 476 2474 l.
499 2439 532 2473 II
555 2452 589 2485 p.
618 2442 680 2475 161
712 2441 754 2474 de
788 2442 934 2485 Olyntho
979 2440 1130 2485 pluribus
1160 2438 1308 2484 exponit.
1365 2438 1475 2478 Quam
1496 2447 1556 2468 ur·-

298 2484 375 2518 bem
402 2485 650 2529 celeberrimam
675 2499 714 2520 eo
737 2489 810 2520 loco
835 2491 1039 2520 exstructam
1063 2486 1167 2519 fuisse
1179 2485 1340 2530 perhibet,
1364 2494 1459 2527 quem
1469 2491 1555 2514 nunc

299 2530 450 2564 vocitent
473 2533 713 2567 Aio-Mamma
737 2532 835 2566 laetis
859 2532 1094 2576 fertilibusque
1113 2530 1239 2575 campis
1264 2529 1497 2563 abundantem.
1511 2546 1554 2550 —

299 2574 339 2608 In
363 2581 432 2610 not.
458 2588 491 2620 p.
516 2578 584 2611 614
608 2578 658 2611 col
683 2578 818 2612 secund.
844 2578 902 2613 lin.
930 2579 971 2612 13
995 2589 1054 2621 pro
1079 2580 1208 2610 auctci
1231 2575 1361 2619 legend.
1387 2578 1501 2607 aucta.

84 2619 136 2655 Ad
159 2619 236 2662 VII,
260 2621 325 2656 123
349 2632 426 2666 pag·
449 2623 527 2656 615.
551 2624 629 2657 616.
679 2625 850 2667 B'eapolin
875 2620 996 2666 (Νέην
1019 2621 1138 2663 πόλιν,
1162 2626 1199 2654 ut
1223 2623 1322 2654 vocat
1346 2616 1556 2659 Herodotus)

300 2677 342 2699 eo
377 2666 450 2700 loco
485 2667 610 2710 fuisse,
634 2680 699 2712 quo
724 2681 810 2702 nunc
832 2669 988 2712 oppidum
1013 2668 1262 2707 Eski-Canale,
1286 2665 1384 2699 nullis
1409 2662 1558 2708 quamvis

298 2710 489 2755 insignitum
513 2713 723 2756 antiquitatis
746 2714 907 2759 reliquiis,
932 2713 1051 2747 statuit
1075 2712 1274 2754 Cousinery.
1298 2710 1351 2743 l.l.
1377 2710 1408 2742 11
1432 2720 1465 2753 p.
1482 2709 1557 2741 119.

301 2757 354 2791 Ad
378 2758 541 2792 Mendam
563 2759 679 2792 urbem
701 2759 790 2793 idem
813 2759 938 2800 ruinas,
962 2770 1045 2804 quas
1070 2759 1111 2792 ad
1145 2758 1285 2791 Sciones
1307 2756 1423 2790 urbem
1453 2754 1559 2787 refert

300 2802 495 2846 Danvinius,
518 2803 631 2849 aptius
654 2805 775 2839 referri
799 2815 897 2850 posse
921 2809 1019 2850 putat
1042 2804 1122 2839 ibid.
1151 2815 1185 2848 p.
1209 2803 1284 2836 110.
