1806 3181
408 224 492 264 634
806 214 1269 254 HERODOTI

408 347 477 383 τες
505 331 547 380 ἐς
568 328 648 383 τήν
670 324 852 370 Ἑλλάδα
880 324 948 368 ἐπὶ
977 326 1056 380 γῆς
1079 323 1249 378 αἴτησιν
1276 319 1494 364 ἀπικέατο·
1525 319 1569 361 οἱ
1596 317 1674 373 μὲν

253 405 349 449 132
408 398 561 449 nemrot,
594 398 638 440 οἱ
667 396 725 446 δὲ,
760 394 968 451 φέροντες
1004 393 1086 446 γῆν
1126 405 1170 432 τε
1199 389 1271 433 καὶ
1296 388 1434 440 ὕδωρ.

1498 389 1598 429 Τῶν
1628 384 1674 428 δὲ

80 469 353 540 ffgssufffgfggffffi
412 469 581 512 δόντων
619 468 755 508 ταῦτα
797 461 998 517 ἐγένοντο
1041 459 1155 501 οἵδε·
1202 456 1432 507 Θεσσαλοὶ,
1464 453 1675 506 Δόλοπες,

115 547 145 565 rr
299 538 306 544 ”

78 606 154 633 teris
173 604 300 633 Graecis

79 639 228 676 irrogata..

413 732 567 782 κεινοὶ]
599 734 626 770 i.
655 745 689 768 e.
712 730 841 776 vacui,
881 728 1017 772 inanes,

355 792 409 830 m'l
438 790 652 842 adserentes,
692 787 815 824 vacuis
843 784 1019 821 manibus.

355 848 480 886 Affert
514 847 748 894 Wesseling.
777 840 920 879 Herod.
949 841 1017 887 IX,

358 906 424 947 56.
439 905 506 947 85.
517 902 683 956 Hesych,
696 903 731 937 11
742 902 877 951 p.216.
888 899 1020 934 Evan-

359 963 435 1013 gel.
454 964 549 1001 Luc.
571 963 600 1010 I,
623 961 690 1002 53.
748 955 810 993 Ad
832 968 942 992 voces
955 952 1019 994 ἐπὶ

359 1021 434 1071 γῆς
474 1018 629 1070 αἴτησιν
678 1015 780 1054 conf.
819 1013 932 1049 allata
971 1009 1020 1047 ad

360 1077 443 1125 vn,
469 1078 534 1117 17.

531 1198 623 1249 Cap.
653 1194 850 1233 CXXXII.

424 1302 512 1340 Τῶν
545 1297 588 1339 δὲ
617 1293 767 1337 δόντων
792 1296 914 1334 ταῦτα
939 1291 1022 1345 ἐγέ-

361 1372 479 1397 νοντο
517 1354 633 1405 οἵδε]
677 1354 859 1391 observat
900 1349 1022 1387 Dahl-

362 1427 495 1451 mann.
517 1411 699 1449 Herodot.
721 1424 759 1460 p.
780 1411 853 1449 181
879 1421 926 1443 ex
949 1406 1021 1443 hoc

362 1472 536 1522 gentium
557 1471 813 1512 Graecarum,
845 1477 943 1516 quae
974 1463 1023 1500 ad

361 1529 495 1564 Persas
507 1533 639 1577 sponte
648 1523 875 1568 transierint,
897 1520 1023 1558 indice

361 1585 450 1622 satis
467 1583 627 1633 intelligi
640 1580 828 1630 scriptoris
839 1577 1021 1625 studium,

364 1642 430 1693 qui
450 1639 546 1677 nihil
574 1639 756 1676 reveritus
771 1648 861 1673 vera
880 1635 1023 1685 ubique

363 1697 526 1742 tradere,
538 1710 608 1733 nec
624 1695 701 1731 ulla
720 1694 832 1730 ullius
851 1692 929 1728 sive
950 1691 1024 1727 ho-

363 1755 477 1791 minis
498 1755 576 1791 sive
595 1753 717 1803 gentis
736 1751 814 1787 sive
826 1749 926 1785 male
946 1749 1025 1785 sive

366 1813 464 1849 bene
515 1810 615 1847 facta
661 1807 808 1846 silentio
849 1817 1024 1856 premere

364 1868 547 1914 voluerit,
581 1866 687 1902 nullo
723 1863 858 1901 duetus
897 1862 1026 1898 crimi-

367 1924 486 1962 nandi
501 1921 769 1974 increpaudive
779 1918 916 1957 studio.
929 1919 1028 1955 Eas-

373 1981 463 2019 dem
483 1994 574 2018 vero
595 1986 725 2030 gentes
738 1978 854 2014 etiam
874 1988 1029 2012 memo-

370 2046 428 2075 rat
447 2037 604 2074 Diodor.
628 2037 778 2073 Siculus
798 2034 866 2079 XI,
889 2035 926 2079 3,
962 2032 1028 2068 ubi

369 2108 438 2146 pro
501 2090 699 2143 Μιλήσιοι
752 2087 1029 2128 restituendum

370 2154 546 2200 Μηλιεῖς
567 2157 603 2186 et
629 2163 698 2200 pro
723 2145 872 2199 Ἀχαιοί
890 2160 931 2185 τε
963 2144 1029 2184 καὶ

375 2209 559 2246 Φθιῶται
588 2205 795 2256 legendum
813 2199 965 2254 Ἀχαιοὶ
992 2201 1033 2242 οἷ

380 2265 578 2303 Φθιῶται.

427 2326 631 2377 Δόλοπες]
650 2330 758 2363 Hauc
778 2333 935 2376 gentem
956 2325 1031 2361 iam

372 2390 560 2425 Homerus
581 2390 767 2422 memorat
786 2384 828 2418 ll.
850 2383 918 2428 IX,
949 2380 1031 2421 480

371 2447 541 2496 itemque
572 2443 713 2494 Scylax
740 2441 777 2485 §.
798 2438 849 2478 65
870 2450 956 2488 pag.
978 2437 1030 2477 25

373 2501 494 2538 Huds.
514 2515 552 2551 p.
574 2501 653 2540 276
671 2497 767 2534 Gail.
790 2493 932 2531 Herod.
948 2494 1029 2540 Vll,

376 2558 454 2600 185
474 2564 510 2594 et
530 2558 692 2593 Pausan.
713 2555 763 2601 X,
786 2554 809 2592 8
841 2553 878 2597 §.
901 2553 925 2590 2
944 2550 1032 2590 coll.

374 2613 530 2651 Diodor.
561 2614 586 2650 l.
618 2613 642 2649 l.
665 2618 701 2648 et
722 2609 846 2647 Strab.
866 2608 923 2644 IX
943 2619 1030 2657 pag.

376 2674 456 2712 663
472 2672 515 2709 Β.
538 2684 568 2707 s.
588 2683 625 2720 p.
643 2666 723 2708 434
745 2666 830 2703 coll.
847 2676 933 2716 pag.
952 2664 1031 2704 668

375 2729 419 2765 B.
440 2741 469 2764 s.
491 2739 578 2778 pag.
604 2724 698 2765 437.
735 2721 848 2760 Pindi
867 2722 955 2770 iuga
986 2719 1032 2755 ab

375 2785 492 2834 Epiro
520 2782 758 2820 Thessaliam
787 2790 914 2817 versus
944 2788 1034 2827 por-

379 2841 468 2879 recti
512 2853 605 2890 gens
630 2838 793 2875 tenuisse
828 2834 963 2872 dicitur
994 2834 1032 2869 in

224 542 354 598 {33¹⁰}ss
405 535 626 591 Ἐνιῆνες,
661 531 928 588 Πεῤῥαιβοὶ,
961 527 1146 583 Ammoi,
1164 525 1399 581 Μάγνητες
1420 557 1430 577 ,
1473 521 1674 579 Μηλιέες,

1075 723 1163 774 ipsis
1185 719 1404 758 Thessaliae
1426 716 1613 755 confiniis.
1645 714 1732 752 Vid.

1074 781 1264 816 Mannert.
1285 778 1354 814 VII
1373 790 1411 826 p.
1433 775 1513 816 578
1534 786 1614 825 seq.
1657 773 1733 809 Pro

1073 832 1265 886 Ἐνιῆνες
1286 833 1362 871 duo
1385 830 1496 869 codd.
1511 843 1602 868 cum
1627 829 1734 866 Valla

1074 893 1280 943 Αἰνιῆνες.
1320 890 1389 928 Cr.
1423 890 1512 925 citat
1551 884 1734 923 Matthiae

1075 948 1358 986 Animadverss.
1390 947 1430 982 iu
1460 946 1631 996 Hymnu.
1651 944 1735 979 Ho-

1076 1020 1191 1043 merr.
1212 1002 1413 1056 pag.‚152.
1453 1000 1668 1038 Herodotus
1699 1006 1736 1036 et

1076 1062 1150 1100 hoc
1181 1063 1265 1099 loco
1278 1068 1314 1097 et
1334 1061 1416 1107 VII,
1435 1058 1528 1099 185.
1553 1059 1630 1098 198
1651 1058 1736 1093 Ho-

1076 1133 1229 1157 merum
1270 1117 1378 1169 sequi
1423 1114 1594 1161 videtur,
1634 1111 1737 1164 apud

1077 1190 1195 1228 quem
1232 1171 1420 1224 Ἐνιῆνες
1465 1172 1509 1209 ΙΙ.
1554 1172 1601 1218 II,
1643 1170 1736 1210 749.

1074 1235 1203 1285 Atque
1223 1230 1413 1275 Αἰνιᾶνες
1433 1229 1625 1265 invenitur
1635 1224 1738 1276 apud

1074 1289 1231 1327 Diodor.
1260 1289 1286 1325 l.
1317 1289 1341 1326 l.
1370 1293 1407 1323 et
1437 1286 1551 1330 alios,
1573 1296 1739 1335 quorum

1076 1348 1179 1384 locos
1201 1346 1325 1382 attulit
1344 1345 1482 1380 Wasse
1503 1340 1553 1378 ad
1573 1339 1738 1392 Thucy-

1079 1403 1156 1442 did.
1182 1402 1225 1450 V,
1248 1403 1314 1449 51,
1336 1401 1402 1437 ubi
1426 1400 1541 1435 etiam
1564 1397 1739 1448 Dolopum

1079 1461 1120 1497 fit
1140 1460 1299 1496 mentio.
1334 1459 1371 1494 T
1375 1457 1522 1493 enuisse
1559 1453 1740 1492 dicuutur

1078 1518 1270 1563 Aenianes,
1305 1515 1397 1551 olim
1423 1513 1591 1549 multum
1610 1511 1738 1562 palati,

1080 1575 1163 1611 loca
1185 1576 1282 1610 intra
1304 1572 1440 1608 Oetam
1469 1576 1506 1606 et
1522 1567 1669 1619 Othryn
1690 1566 1739 1605 ad

1080 1629 1320 1681 Spercheum
1332 1628 1507 1674 fiuvium,
1523 1625 1667 1662 Aetolis
1678 1625 1740 1662 vi-

1080 1689 1170 1726 cini.
1229 1684 1313 1722 Vid.
1345 1684 1470 1721 Strab.
1502 1683 1559 1718 IX
1588 1695 1625 1731 p.
1658 1679 1740 1722 654

1081 1745 1129 1782 Α.
1161 1757 1191 1781 s·
1220 1741 1300 1782 427
1333 1747 1369 1776 et
1389 1742 1407 1776 I
1434 1751 1523 1790 pag.
1547 1737 1624 1778 105
1645 1738 1691 1774 B.
1708 1750 1739 1773 s.

1081 1815 1120 1852 p.
1148 1803 1198 1840 61
1221 1800 1411 1837 Mannert,
1441 1797 1509 1832 VII
1535 1807 1624 1845 pag.
1645 1791 1739 1834 524.

1082 1857 1175 1898 541.
1199 1858 1294 1897 628.
1325 1854 1484 1892 Siebelis
1507 1851 1555 1888 ad
1575 1852 1739 1888 Pausan.

1081 1915 1131 1961 X,
1153 1916 1178 1954 8
1200 1914 1237 1958 ξ.
1258 1915 1285 1952 2
1304 1926 1342 1962 p.
1362 1912 1454 1950 180.
1491 1910 1548 1945 De
1570 1907 1743 1945 Perrhae-

1084 1972 1135 2008 bis
1155 1969 1231 2008 vid.
1254 1975 1349 2007 nott.
1371 1966 1419 2003 ad
1439 1967 1522 2009 VII.
1548 1966 1639 2005 128.
1664 1962 1744 2000 Lo-

1087 2030 1236 2066 crz'sunt
1259 2025 1421 2076 Opuntii,
1444 2021 1636 2060 Thessalis
1653 2032 1744 2071 pro-

1083 2085 1179 2122 ximi
1207 2096 1228 2119 a
1257 2080 1430 2118 meridie.
1491 2077 1577 2116 vid.
1608 2078 1744 2127 Poppo

1086 2138 1307 2191 Thucydid.
1319 2140 1349 2186 I,
1363 2140 1388 2178 2
1397 2151 1436 2188 p.
1448 2135 1541 2183 304,
1563 2147 1613 2170 ne
1621 2134 1744 2184 plura.

1147 2204 1389 2258 Μάγνητες]
1439 2203 1501 2240 Ad
1531 2203 1664 2239 Ossam
1699 2213 1744 2237 ac

1087 2266 1236 2302 Pelium
1248 2263 1339 2300 haec
1351 2274 1443 2312 gens
1459 2259 1652 2296 habitabat
1664 2263 1744 2294 tra-

1087 2329 1192 2359 ctum
1221 2319 1457 2356 maritimum
1486 2327 1652 2366 eumque
1673 2326 1744 2350 an-

1087 2384 1253 2428 gmstum,
1276 2376 1341 2426 qui
1362 2387 1382 2410 a
1397 2374 1516 2410 Penei
1537 2373 1638 2408 ostiis
1658 2383 1744 2407 me-

1088 2434 1223 2471 ridiem
1255 2444 1383 2469 versus
1413 2430 1593 2481 pertinuit
1631 2426 1744 2464 inde-

1089 2504 1163 2543 que
1215 2487 1427 2537 Magnesiae
1464 2486 1549 2523 tulit
1586 2496 1743 2531 nomen,

1089 2560 1204 2599 quam
1224 2547 1345 2596 ipsam
1365 2544 1561 2594 scriptores
1573 2542 1744 2592 plerum-

1089 2618 1162 2656 que
1193 2616 1214 2639 a
1245 2601 1443 2638 Thessalia
1467 2604 1660 2650 separant,
1682 2595 1743 2633 cui

1088 2663 1353 2698 Romanorum
1382 2663 1503 2694 aetate
1532 2655 1644 2692 fuerit
1674 2650 1743 2689 ad·-

1089 2719 1230 2754 iuncta.
1287 2713 1486 2752 Meridiem
1524 2723 1651 2749 versus
1681 2721 1742 2745 re·-

1090 2776 1152 2826 gio
1173 2773 1398 2811 terminatur
1425 2771 1511 2807 sinu
1537 2770 1740 2817 Pagasaeo,

1091 2843 1267 2869 occasum
1284 2841 1413 2868 versus
1434 2825 1637 2870 montibus,
1656 2821 1743 2873 qui-
