1806 3181
396 110 480 151 734

797 108 1262 146 HERODOTI

399 217 514 274 ρέων
545 215 647 270 (ἅτε
685 215 769 272 γὰρ
806 219 889 260 τοῦ
929 217 1132 273 αἰγιαλοῦ
1169 215 1315 268 ἐόντος
1354 215 1410 261 οὔ
1451 214 1656 275 μεγάλου)

399 285 671 342 πρόκροσσαι
700 284 912 340 ὁρμέοντο
950 284 994 336 ἐς
1031 284 1221 338 πόντον,
1250 286 1323 330 καὶ
1351 286 1420 330 ἐπὶ
1449 282 1563 329 ὀκτώ
1593 285 1658 329 νέ-

373 361 470 405 Ξας.
522 351 684 408 ταύτην
712 354 790 407 μὲν
818 352 898 409 τὴν
933 351 1158 409 εὐφρόνην
1189 351 1317 397 οὕτω.
1363 352 1477 408 Ἅμα
1506 354 1551 397 δὲ
1581 353 1684 408 ὅρ-1

398 427 511 477 θρῳ,
542 421 584 473 ἐξ
613 421 790 477 αἰθρίης
817 437 863 465 τε
895 420 969 464 καὶ
995 421 1216 478 νηνεμίης,
1243 425 1319 477 τῆς
1345 421 1569 477 θαλάσσης
1601 426 1661 475 ζε-

344 584 452 609 ηαυεε
484 572 646 608 continuo
669 573 750 620 post
773 570 858 607 illas
890 570 999 607 collo-

346 632 446 666 catae
464 629 504 665 in
522 628 662 665 ancoris
681 630 782 664 erant
804 624 853 679 (s,
865 629 998 664 statio-

344 698 438 722 nem
463 683 703 733 ·abebant)3
753 696 901 734 namque
938 696 1000 721 ora

347 753 452 792 quum
467 755 537 779 non
556 745 629 778 tam
655 741 725 777 late
740 744 903 790 pateret,
919 754 1002 791 pro-

345 801 396 836 τῖε
408 801 501 835 mari
511 799 660 835 obversis
669 798 755 833 illae
771 798 822 834 ita
838 798 1000 846 stabant,

345 863 389 892 ut
421 862 506 893 octo
537 861 659 891 esseut
686 855 843 891 navium
873 856 1000 893 series.

343 915 389 950 In
411 913 546 964 quibus
565 911 804 962 potissimum
817 924 894 948 vox
905 907 1002 962 πρό-

344 981 512 1022 κροσσαι
549 968 716 1004 multum
745 969 914 1004 exercuit
941 971 1004 1003 in-

345 1032 541 1076 terpretes.
579 1025 765 1061 Aemilius
784 1026 921 1061 Portus
940 1025 1003 1060 in-

345 1083 545 1120 tellexerat
563 1094 681 1129 naveS,
704 1094 857 1131 quarum
873 1092 1004 1132 prorae

342 1143 448 1190 ponto
484 1140 645 1175 obversae
667 1141 790 1185 erant,
820 1150 898 1174 cum
917 1137 1002 1175 reli-

347 1208 436 1245 quae
455 1198 641 1232 stationem
656 1194 706 1231 ad
727 1194 812 1231 litus
827 1194 1004 1241 haberent,

347 1265 445 1304 quae
459 1253 575 1302 igitur
585 1253 625 1287 in
635 1249 742 1287 ordin
748 1264 809 1286 em
820 1257 1004 1301 perpetua

347 1308 450 1360 (octo
470 1308 646 1357 navium)
671 1308 766 1344 serie
789 1314 877 1344 sunt
898 1306 1006 1356 dige-

345 1367 495 1409 stae‚ita
507 1372 550 1401 ut
567 1377 697 1400 earum
708 1375 842 1414 prorae
858 1364 884 1400 i.
896 1377 929 1400 e.
941 1376 1003 1399 ca-

346 1423 424 1473 pita
440 1436 469 1459 s.
491 1422 633 1457 frontes
662 1421 922 1471 prominentes
943 1420 1002 1456 al-

347 1486 431 1516 tum
457 1491 586 1515 versus
616 1484 808 1527 spectent,
849 1483 1002 1527 paratae

347 1535 396 1572 ad
416 1535 703 1585 impressionem
723 1533 939 1570 faciendam
962 1533 1002 1568 iu

345 1591 525 1629 hostilem
546 1592 716 1628 classem.
766 1592 864 1626 Nam
880 1590 1004 1640 prima

347 1650 505 1686 navium
543 1649 676 1695 series,
719 1659 817 1698 quae
846 1646 894 1683 ad
913 1647 1002 1682 litus

345 1706 471 1757 ipsum
492 1706 693 1742 stationem
713 1702 888 1751 habebat,
910 1715 1003 1753 pro-

346 1776 417 1811 ras,
442 1763 589 1812 opinor,
619 1759 785 1797 habebat
799 1761 839 1796 in
858 1767 1001 1796 terram

346 1832 563 1864 conversas,
599 1819 766 1870 reliquae
786 1829 900 1854 naves
920 1821 1004 1867 post

348 1877 429 1913 illas
458 1876 663 1912 collocatae
695 1873 885 1910 habebant
909 1885 1002 1923 pro-

348 1946 407 1969 ras
449 1945 554 1968 mare
595 1944 725 1969 versus
774 1937 998 1981 spectantes.

349 1991 483 2041 Neque
503 2001 593 2026 vero
614 1987 708 2024 haec
731 1987 1001 2038 interpretatio,

351 2058 468 2096 quam
503 2047 618 2082 etiam
646 2045 815 2095 sequitur
842 2045 1003 2081 Wesse-

350 2103 501 2151 lingius,
523 2103 640 2138 citans
660 2103 815 2140 Homer.
836 2101 878 2138 11.
900 2100 1002 2147 XIV,

351 2157 405 2198 34
434 2159 562 2209 ibique
587 2156 758 2195 Eustath.
793 2164 830 2193 et
860 2155 1003 2193 Athen.

349 2216 368 2250 1
388 2227 426 2264 p.
439 2217 492 2255 30
513 2215 575 2260 A.,
598 2226 791 2265 quamque
808 2214 924 2249 etiam
943 2226 1003 2249 se-

351 2278 485 2308 cutum
506 2283 584 2307 esse
603 2268 714 2307 video
735 2270 894 2305 Rennel.
923 2270 947 2307 l.
977 2269 1003 2304 l.

351 2340 438 2378 pag.
461 2330 561 2373 702,
584 2328 752 2377 itemque
772 2323 1005 2362 Larcherum

353 2396 396 2420 ac
435 2385 578 2433 Lange,
628 2384 715 2420 satis
748 2395 826 2419 esse
857 2380 1005 2419 videtur

352 2439 729 2490 Schweighaeusero,
742 2441 807 2490 qui
816 2433 1005 2490 προκρόσ-

353 2508 425 2543 σας
447 2496 536 2542 νέας
557 2496 872 2546 intelligimavult
887 2506 1003 2531 naves

352 2554 555 2590 collocatas
572 2567 642 2604 par
666 2552 830 2599 echelons,
853 2558 894 2588 ut
905 2550 1003 2588 Galli

352 2611 470 2657 aiunt,
501 2623 545 2656 s.,
576 2617 617 2646 ut
647 2610 774 2646 Latini
804 2609 945 2655 dicunt,
964 2609 1004 2645 in

352 2669 578 2717 quincuncem
618 2667 774 2714 locatas,
815 2668 867 2703 ita
894 2671 937 2702 ut
957 2663 1004 2701 tle

353 2730 438 2760 octo
458 2724 623 2762 seriebus
632 2737 662 2761 s.
683 2723 890 2771 ordinibus,
913 2734 1007 2775 quos

1765 181 1794 263 q

1783 267 1795 334 i

1058 573 1194 609 Noster
1232 578 1528 620 commemoret,
1559 573 1717 624 quilibet
1777 598 1780 602 -

1060 628 1154 666 ordo
1186 629 1350 666 anterior
1375 641 1452 665 una
1480 630 1569 666 navi
1588 631 1715 683 minor

1059 699 1090 723 s.
1112 686 1263 724 brevior
1289 686 1404 722 fuerit
1432 698 1550 737 quam
1579 699 1715 723 conse-

1061 755 1182 794 quens
1203 741 1296 779 ordo
1325 749 1444 794 utque
1475 741 1569 778 adeo
1598 743 1716 780 veluti

1060 800 1240 849 trianguli
1260 799 1481 851 aequilateri
1499 799 1618 846 (nunc
1629 800 1716 851 qui-

1062 855 1152 893 dem
1180 857 1368 904 truncati)
1389 856 1555 892 formam
1574 856 1718 892 retule-

1060 914 1108 949 rit
1122 914 1299 950 universa
1319 913 1456 949 classis.
1501 911 1612 957 Quod
1622 911 1717 948 mihi

1061 971 1264 1021 speciosius
1285 981 1403 1021 quam
1422 969 1547 1006 verius
1566 968 1717 1006 videtur

1063 1039 1300 1078 quamquam
1329 1024 1530 1062 Reiskium
1562 1038 1716 1078 quoque

1062 1082 1125 1120 hic
1154 1084 1367 1133 intelligere
1396 1080 1507 1119 video
1527 1094 1644 1119 naves
1664 1095 1720 1118 se-

1063 1141 1185 1177 riatim
1215 1146 1252 1176 et
1277 1151 1341 1189 per
1371 1137 1509 1187 gradus
1535 1142 1720 1188 porrectas

1065 1203 1103 1232 et
1117 1196 1352 1246 procedente-5.
1409 1195 1489 1230 Nec
1515 1195 1637 1245 magis
1656 1195 1720 1231 iu-

1064 1259 1129 1290 vat
1158 1251 1301 1290 Suidae
1322 1251 1394 1300 (ΙΙΙ
1413 1264 1452 1301 p.
1477 1252 1583 1302 187)
1604 1258 1719 1303 atque

1065 1308 1255 1346 Eustathii
1306 1308 1566 1358 interpretatio
1620 1304 1718 1359 ἄλλη

1067 1360 1124 1404 ἐπ’
1148 1363 1259 1418 ἄλλῃ,
1282 1377 1380 1416 quae
1390 1363 1526 1400 eadem
1545 1365 1660 1401 etiam
1677 1365 1718 1401 in

1065 1423 1197 1459 Glossa
1230 1421 1278 1459 ad
1298 1420 1337 1459 h.
1357 1422 1384 1457 l.
1415 1427 1546 1458 exstat.
1569 1443 1621 1449 -—
1653 1419 1718 1460 ἐπὶ

1065 1475 1162 1518 ὀκτώ
1185 1477 1276 1525 νέας
1295 1484 1418 1524 recte,
1440 1478 1597 1528 opinor,
1616 1479 1719 1514 Lan-

1063 1547 1134 1585 ge:
1166 1536 1248 1572 aclaet
1273 1534 1410 1583 Scltzjffe
1437 1534 1542 1582 hoch3
1581 1535 1718 1571 clarius

1063 1593 1222 1628 Rennel.
1239 1592 1265 1627 l.
1289 1592 1316 1628 l.
1335 1592 1374 1628 in
1386 1590 1468 1626 ackt
1479 1590 1618 1627 Reihen
1632 1591 1717 1627 lain-

1061 1652 1115 1685 ter
1134 1647 1313 1685 einander.
1370 1647 1436 1683 Tu
1456 1647 1557 1683 conf.
1577 1647 1717 1698 Poly-‚b

1060 1706 1090 1752 I,
1112 1707 1261 1751 26,13
1291 1704 1384 1755 ibiq.
1407 1701 1718 1768 Schweighaeus-

1064 1762 1134 1799 Cr.
1156 1761 1203 1798 de
1233 1773 1328 1798 voce
1356 1754 1602 1810 πρόκροσσαι
1622 1773 1718 1797 con-

1061 1818 1152 1856 ferri
1168 1818 1251 1856 vult
1263 1817 1439 1867 Apollon
1452 1818 1548 1856 Lex.
1559 1818 1717 1854 Homer.

1063 1890 1102 1926 p.
1116 1875 1193 1915 571
1208 1875 1338 1925 ibique
1358 1874 1552 1910 Villoison.
1576 1896 1626 1901 ——
1648 1888 1718 1923 ορ-

1065 1930 1206 1997 μείονι-0
1226 1944 1316 1967 cum
1335 1937 1493 1967 recentt.
1515 1928 1604 1968 edd.
1624 1930 1718 1966 scri-

1062 2002 1120 2039 ps1
1128 2001 1196 2039 pro
1208 1988 1324 2037 vulgo
1341 1985 1563 2038 όρμέονται.
1602 1984 1718 2037 Apud

1065 2044 1227 2084 Suidam
1246 2044 1438 2081 invenitur
1467 2040 1717 2110 ὁρμαίνοντο.

1119 2097 1270 2151 ταύτην
1305 2097 1377 2151 μὲν
1405 2096 1479 2150 τήν
1511 2095 1717 2150 ευφρόνην

1065 2154 1188 2206 ου’τω]
1210 2152 1493 2207 εοί1.ω’ρμεον.
1535 2156 1593 2191 De
1621 2167 1716 2191 voce

1065 2210 1271 2265 εὐφρόνης
1302 2211 1403 2249 cont.
1432 2217 1530 2248 nott.
1567 2210 1614 2247 ad
1635 2211 1716 2259 VII,

1066 2274 1130 2318 12,
1153 2277 1190 2306 et
1210 2268 1258 2305 ad
1277 2280 1388 2305 voces
1404 2267 1444 2315 ἐξ
1463 2267 1717 2319 αἰθρίηςῨΠ,

1064 2329 1132 2367 37.
1164 2324 1226 2362 Ad
1255 2336 1390 2362 vocem
1410 2325 1590 2376 νηνεμίη,
1618 2337 1717 2376 quae

1064 2395 1153 2419 cum
1191 2382 1342 2433 proprie
1378 2382 1424 2419 sit
1473 2380 1715 2430 adiectivum‚

1064 2439 1286 2476 substantivi
1314 2439 1394 2475 vim
1424 2450 1519 2474 mox
1558 2439 1715 2489 accepit,

1066 2496 1168 2532 conf.
1198 2497 1357 2534 Homer.
1394 2493 1528 2546 Odyss.
1558 2494 1603 2542 V,
1635 2495 1717 2535 392

1064 2553 1193 2604 ibique
1226 2550 1390 2589 Nitzsch.
1424 2553 1510 2597 XII,
1543 2553 1636 2591 169.
1670 2550 1714 2589 ΙΙ.

1064 2610 1108 2658 V,
1131 2609 1225 2650 523.
1258 2607 1440 2645 Herodot.
1459 2608 1541 2655 VII,
1564 2609 1659 2648 218.

1120 2667 1192 2715 τῆς
1204 2662 1412 2716 θαλάσσης
1424 2659 1717 2714 ζεσάσης]Ταιι-

1066 2722 1121 2773 git
1138 2723 1303 2773 Longin.
1331 2723 1389 2759 De
1418 2721 1570 2759 sublim.
1591 2719 1628 2765 §.
1650 2716 1717 2765 42,
