1815 3181
321 477 386 522 92

117 543 246 571 Proeliis
265 542 342 572 binis

115 578 274 606 navalibus
306 577 388 606 dein-

116 620 188 646 ceps
215 613 393 650 commissis,

116 648 243 686 primum
268 645 358 673 Athe-

115 680 244 716 aienses,

446 226 531 266 856

835 226 1302 266 HERODOTI

447 333 666 389 ἐγίνοντο,
723 329 1025 385 ἀποκόψαντες
1071 333 1211 379 αὐτοῦ
1259 336 1338 388 τοὶς
1383 342 1550 393 χεῖρας,
1601 333 1711 394 ἦγον
1724 346 1769 380 25

450 400 588 444 οὕτω
631 404 765 456 χεῖρες
793 401 839 444 δὲ
871 406 1009 444 κεῖναι
1039 401 1329 458 ἐμπεφυκυῖαι
1356 400 1469 461 ἦσαν
1489 410 1603 448 τοῖσι
1629 405 1716 449 ἐπι·

447 472 697 524 σπαστῆρσι

449 541 576 593 νῆται
606 534 860 590 ἐργάσαντο.

764 472 910 512 Ταῦτα
939 470 1018 525 μὲν
1056 486 1139 512 νυν
1170 470 1305 527 σφέας
1336 471 1498 524 αὐτοὺς
1526 474 1569 516 οἱ
1595 475 1714 529 Αἰγι-

919 536 1188 594 Ἀθηναίοισι
1216 538 1261 581 ὁὲ
1289 538 1443 595 ἥκουσι
1475 539 1713 596 ἐναυμάχη-
1725 547 1770 581 30

450 616 534 647 σαν
569 604 699 660 νηυσὶ
743 602 1060 661 ἑβδομήκοντα·

1112 603 1372 658 ἑσσωθέντες
1404 608 1449 651 δὲ
1470 612 1522 664 τῇ
1551 625 1715 663 ναυμα-

455 672 547 727 χίῃ,
578 671 860 716 ἐπεκαλέοντο
885 672 1071 724 τούτους
1119 672 1281 725 αὐτούς
1319 675 1425 726 τούς
1461 676 1534 718 καὶ
1563 676 1714 731 πρότε-

418 745 552 793 Ξρον,
583 737 812 796 Ἀργείους.
856 742 929 784 καὶ
962 740 1016 796 δή
1046 752 1125 796 σφι
1167 736 1291 785 οὗτοι
1321 742 1399 797 μὲν
1434 742 1579 786 οὐκέτι
1606 746 1714 800 βοη-

444 805 615 860 θέουσι,
645 806 918 863 μεμφόμενοι
943 808 1009 852 ὅτι
1029 811 1252 865 Αἰγιναῖαι
1276 810 1380 861 νέες,
1412 809 1578 867 ἀνάγκη
1609 815 1713 866 λαμ-

446 878 627 929 φθεῖσαι
647 873 737 918 ὑπὸ
759 877 1050 931 Κλεομένεος,
1083 877 1209 932 ἔσχον
1245 893 1289 920 τε
1320 877 1361 928 ἐς
1391 877 1470 933 τὴν
1487 876 1713 934 Ἀργολίδα

416 946 438 981 3
447 940 619 998 χώρην,
648 944 722 986 καὶ
752 944 1060 1001 συναπέβησαν
1089 946 1484 1000 Λακεδαιμονίοισι.
1530 947 1769 990 συναπέ-35

445 1012 587 1065 βησαν
617 1010 662 1054 δὲ
693 1012 766 1055 καὶ
797 1009 880 1056 ἀπὸ
913 1015 1174 1056 Σικυωνίων
1211 1015 1324 1055 νεῶν
1363 1011 1519 1067 ἄνδρες
1557 1018 1610 1072 τῇ
1638 1013 1714 1059 αὐ-

445 1082 499 1135 τῇ
527 1075 663 1136 ταύτῃ
693 1079 868 1139 ἐσβολῇ.
909 1082 984 1124 καί
1024 1093 1104 1137 σφι
1131 1078 1210 1125 ὑπ’
1256 1079 1457 1137 Ἀργείων
1496 1082 1712 1141 ἐπεβλήθη

389 1268 472 1305 ρων
516 1254 674 1305 exponit
699 1256 780 1294 τῶν
807 1257 880 1306 τῆς
919 1252 1053 1308 θύρας

389 1308 677 1362 κρατημοέτων)
728 1309 882 1349 exhibet
931 1309 1051 1364 οἷπρὶξ

389 1366 533 1417 εἴχετο,
565 1366 605 1404 id
624 1367 819 1405 Herodoto
850 1370 1051 1405 restituen-

389 1422 483 1460 dum
501 1425 646 1461 censuit
657 1425 787 1476 Toup.
802 1426 841 1461 in
857 1425 1052 1462 Emendd.

388 1480 428 1516 in
449 1480 558 1519 Suid.
580 1482 634 1517 III
654 1494 741 1532 pag.
765 1483 843 1522 383
865 1483 1051 1533 probante

387 1535 592 1576 Larchero.
650 1540 701 1574 At
730 1552 750 1575 e
781 1539 938 1575 Polluce
966 1541 1048 1590 ipso

387 1606 490 1630 nunc
527 1595 661 1631 vocula
692 1590 811 1646 ἀπρὶξ
833 1597 950 1632 eiecta
982 1602 1049 1637 est,

389 1649 526 1687 Suidas
547 1658 677 1688 autem
690 1680 699 1698 ‚
730 1658 772 1688 ut
793 1652 890 1688 bene
899 1654 1050 1689 monuit

389 1705 622 1757 Schweigh„
653 1709 719 1746 vix
733 1709 861 1759 ipsum
880 1710 1047 1760 inspexit

388 1763 650 1812 Herodotum,
707 1778 843 1801 verum
883 1779 930 1802 ex
976 1767 1048 1802 alio

389 1832 465 1870 quo
507 1821 767 1858 Grammatico
805 1816 915 1859 haec
934 1823 1049 1860 verba

389 1875 596 1928 descripsit.

444 1937 567 1985 χεῖρες
587 1929 629 1972 δὲ
647 1936 776 1972 κεῖναι
817 1949 853 1973 κ.
878 1949 909 1973 τ.
928 1936 991 1984 λ.]
1022 1935 1050 1972 i.

389 2003 422 2025 e.
463 2002 589 2027 manus
622 1990 847 2028 inhaerebant
893 1993 1051 2029 annulis.

386 2046 461 2082 Ubi
482 2045 732 2096 ἐμπεφυκυῖα
750 2061 798 2084 ex
809 2049 965 2085 Homeii
978 2049 1052 2085 ssu-

387 2102 444 2138 xit
463 2103 636 2139 imitatio
642 2116 697 2141 ie:
718 2103 821 2155 apud
837 2118 954 2157 quem
975 2107 1052 2142 fre-

390 2170 530 2208 quens:
563 2154 654 2198 ε”ντ
686 2157 762 2212 ἄρα
794 2160 835 2200 οἱ
858 2164 918 2210 φῦ
937 2162 1050 2214 χειρί.

386 2214 431 2250 ΙΙ.
463 2215 526 2262 VI,
556 2214 652 2255 253·
676 2215 771 2257 406.
810 2218 925 2266 XIV,
954 2221 1049 2266 232,

390 2271 464 2308 alia
483 2270 523 2307 id
553 2284 688 2321 genus.

603 2361 696 2411 Cap.
715 2361 835 2398 XCII.

447 2436 716 2488 ἑσσωθέντες]
765 2440 875 2477 Conf.
905 2440 949 2489 V,
979 2444 1046 2483 72.

387 2496 445 2531 De
464 2496 614 2546 Argivis
634 2497 911 2546 Aeginetarum
938 2500 1046 2535 sociis

393 2552 494 2589 conf.
515 2559 610 2589 nott.
633 2552 681 2590 ad
702 2554 745 2600 V,
768 2555 833 2593 80.
854 2575 909 2580 —
946 2551 1047 2594 οἷνᾶ-

391 2624 465 2661 γκη
489 2611 734 2658 λαμφθεῖσαι
759 2616 812 2645 est
841 2612 879 2646 vi
909 2616 1051 2649 coactae

391 2678 415 2701 a
440 2665 621 2702 Cleomene.
664 2666 820 2716 Spectat
836 2665 906 2703 hoc
923 2668 970 2704 ad
992 2682 1048 2716 ea,

391 2734 488 2773 quae
511 2722 571 2770 Vl,
593 2724 645 2762 76
667 2729 899 2761 enarrantur.

450 2777 561 2828 ε’σχον
606 2792 645 2816 τε
675 2778 714 2825 ἐς
745 2794 816 2829 την
845 2774 1049 2832 Ἀργολίδα

389 2828 539 2885 χωρην]
570 2835 595 2870 i.
632 2847 666 2876 e.
698 2839 908 2883 tenuerunt,
937 2849 1050 2887 oppu-

1107 1254 1223 1293 lerunt
1265 1253 1314 1292 ad
1349 1262 1491 1292 terram
1527 1254 1767 1306 Argolidem.

1108 1312 1172 1349 Sic
1202 1313 1246 1359 V,
1270 1314 1336 1352 33.
1358 1313 1420 1360 VI,
1443 1312 1510 1353 95.
1536 1315 1626 1352 101.
1665 1315 1766 1350 Hinc

1106 1367 1242 1407 Matth.
1275 1369 1340 1408 Gr.
1372 1369 1438 1405 Gr.
1476 1382 1514 1419 p.
1545 1370 1627 1409 932
1667 1368 1767 1420 ἔχειν

1108 1424 1186 1474 (sc.
1218 1422 1288 1471 τοὶς
1319 1427 1448 1472 ναῦς)
1475 1426 1766 1476 interpretatur:

1107 1482 1298 1519 αηίαηάεη.

1164 1534 1230 1577 ’ὑπ’
1252 1534 1437 1591 Ἀργείων
1459 1535 1666 1590 ἐπεβλήθη
1699 1539 1766 1590 ζη-

1107 1594 1207 1646 μίη]
1231 1591 1459 1646 ἐπιβάλλειν
1477 1597 1650 1646 imponere
1667 1609 1706 1633 v.
1731 1609 1766 1633 c.

1107 1652 1296 1698 tributum,
1328 1652 1515 1699 mulctam,
1547 1653 1619 1689 alia
1637 1651 1678 1689 id
1695 1665 1767 1703 ge-

1106 1721 1196 1756 nus,
1227 1706 1332 1744 haud
1362 1708 1595 1760 infrequens.
1655 1709 1766 1746 Conf.

1104 1765 1135 1811 I,
1161 1766 1238 1805 106
1260 1765 1346 1802 coll.
1374 1765 1422 1814 ΙΙ,
1455 1766 1545 1804 180.
1604 1765 1717 1810 Quod
1735 1766 1767 1803 si

1105 1834 1197 1858 vero
1229 1834 1386 1872 quaeras
1399 1850 1409 1870 ,
1451 1833 1527 1872 quo
1547 1821 1629 1857 iure
1649 1823 1769 1872 Argi·-

1106 1879 1162 1915 vis
1202 1878 1353 1914 licuerit
1393 1889 1560 1928 poenam
1597 1879 1766 1928 irrogare

1107 1934 1296 1986 Sicyoniis
1308 1941 1420 1986 atque
1429 1935 1636 1985 Aeginetis,
1651 1936 1767 1987 quin-

1107 1998 1222 2041 genta
1240 1992 1396 2041 singulis
1416 1991 1580 2039 talentat,
1615 1991 1767 2030 videtur

1109 2049 1315 2100 antiquitus
1330 2046 1463 2085 foedus
1481 2048 1650 2098 plurium
1671 2050 1766 2087 civi-

1107 2112 1231 2142 tatum
1241 2106 1435 2153 exstitisse,
1444 2106 1542 2141 inter
1554 2118 1645 2157 quas
1656 2107 1765 2156 prin-

1108 2163 1234 2212 cipem
1253 2163 1384 2198 locum
1412 2162 1604 2198 tenuerint
1617 2163 1763 2212 Argivi,

1107 2225 1148 2254 ut
1168 2216 1242 2254 hoc
1262 2219 1342 2267 ipso
1370 2231 1391 2253 e
1411 2218 1495 2254 loco
1526 2218 1654 2268 colligi
1682 2220 1764 2256 vult

1107 2275 1149 2310 C.
1181 2276 1225 2311 Ο.
1252 2274 1400 2310 Muller.
1427 2275 1518 2310 Dor.
1547 2275 1565 2310 I
1593 2288 1632 2325 p.
1669 2275 1763 2316 153.

1109 2329 1188 2370 154
1203 2359 1213 2378 ‚
1253 2331 1320 2367 ubi
1340 2329 1418 2367 vid.
1441 2332 1573 2382 Itaque
1592 2343 1670 2368 non
1693 2344 1762 2368 suo

1104 2387 1275 2436 ipsorum
1295 2389 1467 2435 nomine,
1501 2386 1568 2424 sed
1599 2388 1706 2439 quasi
1739 2401 1761 2425 e

1104 2442 1261 2480 decretis
1273 2445 1445 2480 omnium
1458 2445 1654 2482 civitatum
1666 2457 1762 2481 con-

1102 2499 1382 2536 foederatorum
1392 2501 1553 2550 Argivos
1573 2513 1658 2537 eam
1666 2513 1761 2551 poe-

1105 2569 1197 2592 nam
1218 2557 1288 2593 illis
1307 2559 1490 2607 irrogasse
1520 2556 1686 2594 credam.
1705 2578 1761 2586 —-

1106 2613 1181 2649 Pro
1214 2613 1307 2652 ἕσαν
1331 2613 1418 2650 dedi
1438 2608 1555 2664 ἦσαν,
1576 2621 1619 2650 ut
1633 2626 1759 2665 supra.

1162 2671 1219 2706 De
1231 2671 1422 2707 locutione
1434 2667 1645 2722 στρατηγὸς
1657 2666 1758 2722 ἀνήρ

1108 2727 1208 2763 conf.
1237 2733 1333 2763 nott.
1361 2726 1409 2763 ad
1429 2727 1491 2775 Vl,
1514 2729 1579 2767 83.
1602 2747 1653 2753 —
1683 2727 1760 2763 Pro

1105 2778 1353 2822 πεντάεθλον
1368 2784 1470 2819 'male
1489 2781 1645 2834 quidam
1665 2779 1762 2821 πέν-

1105 2841 1278 2887 ταθλον,
1317 2839 1520 2876 accedente
1547 2836 1759 2887 Eustathio,
