<?xml version="1.0" encoding="UTF-8"?>
<!DOCTYPE html PUBLIC "-//W3C//DTD XHTML 1.0 Transitional//EN"
    "http://www.w3.org/TR/xhtml1/DTD/xhtml1-transitional.dtd">
<html xmlns="http://www.w3.org/1999/xhtml" xml:lang="en" lang="en">
 <head>
  <title>
</title>
<meta http-equiv="Content-Type" content="text/html;charset=utf-8" />
  <meta name='ocr-system' content='tesseract 3.04.00' />
  <meta name='ocr-capabilities' content='ocr_page ocr_carea ocr_par ocr_line ocrx_word'/>
</head>
<body>
  <div class='ocr_page' id='page_1' title='image "./musaeherodoto03hero_0223.png"; bbox 0 0 1870 3249; ppageno 0'>
   <div class='ocr_carea' id='block_1_1' title="bbox 369 190 1132 230">
    <p class='ocr_par' dir='ltr' id='par_1_1' title="bbox 369 190 1132 230">
     <span class='ocr_line' id='line_1_1' title="bbox 369 190 1132 230; baseline -0.004 0"><span class='ocrx_word' id='word_1_1' title='bbox 369 191 1028 230; x_wconf 86' lang='lat' dir='ltr'>TERPSICHORE.</span> <span class='ocrx_word' id='word_1_2' title='bbox 1086 190 1132 227; x_wconf 90' lang='lat' dir='ltr'>V.</span> 
     </span>
    </p>
   </div>
   <div class='ocr_carea' id='block_1_2' title="bbox 1305 191 1388 229">
    <p class='ocr_par' dir='ltr' id='par_1_2' title="bbox 1305 191 1388 229">
     <span class='ocr_line' id='line_1_2' title="bbox 1305 191 1388 229; baseline 0 0"><span class='ocrx_word' id='word_1_3' title='bbox 1305 191 1388 229; x_wconf 78' lang='lat'>213</span> 
     </span>
    </p>
   </div>
   <div class='ocr_carea' id='block_1_3' title="bbox 119 299 1387 427">
    <p class='ocr_par' dir='ltr' id='par_1_3' title="bbox 119 299 1387 427">
     <span class='ocr_line' id='line_1_3' title="bbox 119 299 1387 361; baseline -0.006 -13"><span class='ocrx_word' id='word_1_4' title='bbox 119 304 248 361; x_wconf 84' lang='grc' dir='ltr'><em>νηυσὶ</em></span> <span class='ocrx_word' id='word_1_5' title='bbox 277 300 504 356; x_wconf 75' lang='grc' dir='ltr'><em>διαβάντες</em></span> <span class='ocrx_word' id='word_1_6' title='bbox 532 299 579 343; x_wconf 79' lang='grc' dir='ltr'>ἐκ</span> <span class='ocrx_word' id='word_1_7' title='bbox 607 304 682 355; x_wconf 82' lang='grc' dir='ltr'>τῆς</span> <span class='ocrx_word' id='word_1_8' title='bbox 705 301 915 355; x_wconf 80' lang='grc' dir='ltr'><strong><em>Κιλικίης,</em></strong></span> <span class='ocrx_word' id='word_1_9' title='bbox 943 299 1073 354; x_wconf 81' lang='grc' dir='ltr'><em>ἤϊσαν</em></span> <span class='ocrx_word' id='word_1_10' title='bbox 1103 299 1170 342; x_wconf 79' lang='grc' dir='ltr'>ἐπὶ</span> <span class='ocrx_word' id='word_1_11' title='bbox 1199 299 1280 354; x_wconf 84' lang='grc' dir='ltr'>τὴν</span> <span class='ocrx_word' id='word_1_12' title='bbox 1300 301 1387 340; x_wconf 85' lang='grc' dir='ltr'>Σα-</span> 
     </span>
     <span class='ocr_line' id='line_1_4' title="bbox 119 366 1387 427; baseline -0.006 -12"><span class='ocrx_word' id='word_1_13' title='bbox 119 376 275 427; x_wconf 82' lang='grc' dir='ltr'><em>λαμῖνα</em></span> <span class='ocrx_word' id='word_1_14' title='bbox 304 372 429 425; x_wconf 78' lang='grc' dir='ltr'><em>πεζῇ·</em></span> <span class='ocrx_word' id='word_1_15' title='bbox 461 372 561 424; x_wconf 81' lang='grc' dir='ltr'><em>τῇσι</em></span> <span class='ocrx_word' id='word_1_16' title='bbox 583 367 628 410; x_wconf 82' lang='grc' dir='ltr'>δὲ</span> <span class='ocrx_word' id='word_1_17' title='bbox 657 368 788 423; x_wconf 81' lang='grc' dir='ltr'><em>νηυσὶ</em></span> <span class='ocrx_word' id='word_1_18' title='bbox 819 369 861 410; x_wconf 85' lang='grc' dir='ltr'>οἰ</span> <span class='ocrx_word' id='word_1_19' title='bbox 889 369 1092 416; x_wconf 83' lang='grc' dir='ltr'><em>Φοίνικες</em></span> <span class='ocrx_word' id='word_1_20' title='bbox 1117 366 1387 420; x_wconf 82' lang='grc' dir='ltr'><em>περιέπλωον</em></span> 
     </span>
    </p>
   </div>
   <div class='ocr_carea' id='block_1_4' title="bbox 120 435 400 494">
    <p class='ocr_par' dir='ltr' id='par_1_4' title="bbox 120 435 400 494">
     <span class='ocr_line' id='line_1_5' title="bbox 120 435 400 494; baseline -0.014 -12"><span class='ocrx_word' id='word_1_21' title='bbox 120 439 198 494; x_wconf 78' lang='grc' dir='ltr'>τήν</span> <span class='ocrx_word' id='word_1_22' title='bbox 238 435 378 492; x_wconf 73' lang='grc' dir='ltr'><em>ἄκρην</em></span> <span class='ocrx_word' id='word_1_23' title='bbox 389 470 400 488; x_wconf 86' lang='grc'>,</span> 
     </span>
    </p>
   </div>
   <div class='ocr_carea' id='block_1_5' title="bbox 462 433 1387 492">
    <p class='ocr_par' dir='ltr' id='par_1_5' title="bbox 462 433 1387 492">
     <span class='ocr_line' id='line_1_6' title="bbox 462 433 1387 492; baseline -0.002 -14"><span class='ocrx_word' id='word_1_24' title='bbox 462 439 509 478; x_wconf 86' lang='grc' dir='ltr'>αἳ</span> <span class='ocrx_word' id='word_1_25' title='bbox 551 439 784 478; x_wconf 84' lang='grc' dir='ltr'><em>καλεῦνται</em></span> <span class='ocrx_word' id='word_1_26' title='bbox 829 437 1013 492; x_wconf 76' lang='grc' dir='ltr'><em>Κληῖδες</em></span> <span class='ocrx_word' id='word_1_27' title='bbox 1060 438 1135 489; x_wconf 85' lang='grc' dir='ltr'>τῆς</span> <span class='ocrx_word' id='word_1_28' title='bbox 1184 433 1387 488; x_wconf 78' lang='grc' dir='ltr'><strong>Κύπρου.</strong></span> 
     </span>
    </p>
   </div>
   <div class='ocr_carea' id='block_1_6' title="bbox 0 501 1442 833">
    <p class='ocr_par' dir='ltr' id='par_1_6' title="bbox 0 501 1441 763">
     <span class='ocr_line' id='line_1_7' title="bbox 0 501 1441 558; baseline -0.005 -9"><span class='ocrx_word' id='word_1_29' title='bbox 0 510 54 556; x_wconf 63' lang='grc' dir='ltr'>[ὶ9</span> <span class='ocrx_word' id='word_1_30' title='bbox 127 504 296 549; x_wconf 79' lang='grc' dir='ltr'><em>Τούτου</em></span> <span class='ocrx_word' id='word_1_31' title='bbox 328 505 373 547; x_wconf 79' lang='grc' dir='ltr'>δὲ</span> <span class='ocrx_word' id='word_1_32' title='bbox 393 502 604 548; x_wconf 83' lang='grc' dir='ltr'><em>τοιούτου</em></span> <span class='ocrx_word' id='word_1_33' title='bbox 631 502 888 558; x_wconf 74' lang='grc' dir='ltr'><em>γινομένου,</em></span> <span class='ocrx_word' id='word_1_34' title='bbox 921 503 1067 554; x_wconf 72' lang='grc' dir='ltr'><em>ἔλεξαν</em></span> <span class='ocrx_word' id='word_1_35' title='bbox 1097 504 1141 546; x_wconf 86' lang='grc' dir='ltr'>οἷ</span> <span class='ocrx_word' id='word_1_36' title='bbox 1169 501 1382 555; x_wconf 82' lang='grc' dir='ltr'><em>τύραννοι</em></span> <span class='ocrx_word' id='word_1_37' title='bbox 1396 508 1441 541; x_wconf 86' lang='grc'>80</span> 
     </span>
     <span class='ocr_line' id='line_1_8' title="bbox 113 569 1386 628; baseline -0.003 -13"><span class='ocrx_word' id='word_1_38' title='bbox 113 575 188 628; x_wconf 83' lang='grc' dir='ltr'>τῆς</span> <span class='ocrx_word' id='word_1_39' title='bbox 218 571 428 626; x_wconf 81' lang='grc' dir='ltr'><em>Κύπρου,</em></span> <span class='ocrx_word' id='word_1_40' title='bbox 461 571 805 626; x_wconf 79' lang='grc' dir='ltr'><em>συγκαλέσαντες</em></span> <span class='ocrx_word' id='word_1_41' title='bbox 831 574 922 613; x_wconf 77' lang='grc' dir='ltr'>τῶν</span> <span class='ocrx_word' id='word_1_42' title='bbox 939 569 1099 613; x_wconf 77' lang='grc' dir='ltr'><em>Ἰώνων</em></span> <span class='ocrx_word' id='word_1_43' title='bbox 1128 569 1232 620; x_wconf 82' lang='grc' dir='ltr'><em>τοὺς</em></span> <span class='ocrx_word' id='word_1_44' title='bbox 1261 582 1386 624; x_wconf 80' lang='grc' dir='ltr'><em>στρα-</em></span> 
     </span>
     <span class='ocr_line' id='line_1_9' title="bbox 111 636 1386 697; baseline -0.003 -14"><span class='ocrx_word' id='word_1_45' title='bbox 111 640 290 697; x_wconf 84' lang='grc' dir='ltr'><em>τηγούς·</em></span> <span class='ocrx_word' id='word_1_46' title='bbox 318 638 516 694; x_wconf 69' lang='grc' dir='ltr'><em>,ζἈνδρες</em></span> <span class='ocrx_word' id='word_1_47' title='bbox 532 637 693 691; x_wconf 82' lang='grc' dir='ltr'><em>Ἴωνες,</em></span> <span class='ocrx_word' id='word_1_48' title='bbox 723 640 891 692; x_wconf 81' lang='grc' dir='ltr'><em>αἵρεσιν</em></span> <span class='ocrx_word' id='word_1_49' title='bbox 917 637 1026 693; x_wconf 77' lang='grc' dir='ltr'><em>ὑμῖν</em></span> <span class='ocrx_word' id='word_1_50' title='bbox 1055 639 1233 692; x_wconf 82' lang='grc' dir='ltr'><em>δίδομεν</em></span> <span class='ocrx_word' id='word_1_51' title='bbox 1263 636 1386 693; x_wconf 82' lang='grc' dir='ltr'><em>ἡμεῖς</em></span> 
     </span>
     <span class='ocr_line' id='line_1_10' title="bbox 112 704 1385 763; baseline -0.003 -12"><span class='ocrx_word' id='word_1_52' title='bbox 112 709 187 761; x_wconf 84' lang='grc' dir='ltr'><em>,,οῑ</em></span> <span class='ocrx_word' id='word_1_53' title='bbox 221 707 436 762; x_wconf 84' lang='grc' dir='ltr'><em>Κύπριοι,</em></span> <span class='ocrx_word' id='word_1_54' title='bbox 487 706 732 760; x_wconf 82' lang='grc' dir='ltr'><em>ὁκοτέροισι</em></span> <span class='ocrx_word' id='word_1_55' title='bbox 775 707 991 763; x_wconf 77' lang='grc' dir='ltr'><em>βούλεσθε</em></span> <span class='ocrx_word' id='word_1_56' title='bbox 1040 704 1385 761; x_wconf 80' lang='grc' dir='ltr'><em>προσφέρεσθαι,</em></span> 
     </span>
    </p>

    <p class='ocr_par' dir='ltr' id='par_1_7' title="bbox 81 772 1442 833">
     <span class='ocr_line' id='line_1_11' title="bbox 81 772 1442 833; baseline -0.001 -17"><span class='ocrx_word' id='word_1_57' title='bbox 81 775 170 832; x_wconf 77' lang='grc' dir='ltr'><em>2,,ὴ“</em></span> <span class='ocrx_word' id='word_1_58' title='bbox 202 777 420 833; x_wconf 85' lang='grc' dir='ltr'><em>Πέρσῃσι,</em></span> <span class='ocrx_word' id='word_1_59' title='bbox 450 774 479 831; x_wconf 83' lang='grc' dir='ltr'><em>ἢ</em></span> <span class='ocrx_word' id='word_1_60' title='bbox 510 775 694 827; x_wconf 85' lang='grc' dir='ltr'><em>Φοίνιξι.</em></span> <span class='ocrx_word' id='word_1_61' title='bbox 735 776 772 818; x_wconf 85' lang='grc' dir='ltr'><em>εἰ</em></span> <span class='ocrx_word' id='word_1_62' title='bbox 801 775 881 831; x_wconf 75' lang='grc' dir='ltr'>μὲν</span> <span class='ocrx_word' id='word_1_63' title='bbox 919 773 1005 831; x_wconf 70' lang='grc' dir='ltr'>γάρ</span> <span class='ocrx_word' id='word_1_64' title='bbox 1036 777 1142 831; x_wconf 81' lang='grc' dir='ltr'><em>πεζῇ</em></span> <span class='ocrx_word' id='word_1_65' title='bbox 1171 772 1442 829; x_wconf 76' lang='grc' dir='ltr'><em>βούλεσθεὸὅ</em></span> 
     </span>
    </p>
   </div>
   <div class='ocr_carea' id='block_1_7' title="bbox 58 884 326 893">
    <p class='ocr_par' dir='ltr' id='par_1_8' title="bbox 58 884 326 893">
     <span class='ocr_line' id='line_1_12' title="bbox 58 884 326 893; baseline 0 0"><span class='ocrx_word' id='word_1_66' title='bbox 58 884 326 893; x_wconf 95' lang='lat' dir='ltr'> </span> 
     </span>
    </p>
   </div>
   <div class='ocr_carea' id='block_1_8' title="bbox 29 948 717 2871">
    <p class='ocr_par' dir='ltr' id='par_1_9' title="bbox 29 948 717 2304">
     <span class='ocr_line' id='line_1_13' title="bbox 57 948 716 1000; baseline -0.002 -14"><span class='ocrx_word' id='word_1_67' title='bbox 57 949 210 999; x_wconf 77' lang='lat' dir='ltr'><em>aliquem</em></span> <span class='ocrx_word' id='word_1_68' title='bbox 237 949 368 998; x_wconf 82' lang='lat' dir='ltr'>locum,</span> <span class='ocrx_word' id='word_1_69' title='bbox 404 950 597 1000; x_wconf 82' lang='lat' dir='ltr'>attigimus</span> <span class='ocrx_word' id='word_1_70' title='bbox 618 948 666 986; x_wconf 86' lang='lat' dir='ltr'>ad</span> <span class='ocrx_word' id='word_1_71' title='bbox 686 951 716 998; x_wconf 83' lang='lat'>1,</span> 
     </span>
     <span class='ocr_line' id='line_1_14' title="bbox 57 1005 715 1046; baseline 0 -4"><span class='ocrx_word' id='word_1_72' title='bbox 57 1008 125 1046; x_wconf 82' lang='grc'>21.</span> <span class='ocrx_word' id='word_1_73' title='bbox 181 1008 354 1043; x_wconf 85' lang='lat' dir='ltr'>Annotat</span> <span class='ocrx_word' id='word_1_74' title='bbox 381 1005 567 1043; x_wconf 82' lang='lat' dir='ltr'>Valcken.</span> <span class='ocrx_word' id='word_1_75' title='bbox 598 1006 646 1043; x_wconf 84' lang='lat' dir='ltr'>ad</span> <span class='ocrx_word' id='word_1_76' title='bbox 676 1005 715 1043; x_wconf 88' lang='lat' dir='ltr'>h.</span> 
     </span>
     <span class='ocr_line' id='line_1_15' title="bbox 51 1059 717 1115; baseline -0.002 -16"><span class='ocrx_word' id='word_1_77' title='bbox 51 1063 77 1099; x_wconf 84' lang='lat' dir='ltr'>l.</span> <span class='ocrx_word' id='word_1_78' title='bbox 98 1075 210 1099; x_wconf 85' lang='lat' dir='ltr'>voces</span> <span class='ocrx_word' id='word_1_79' title='bbox 226 1062 265 1110; x_wconf 79' lang='grc' dir='ltr'>ἐς</span> <span class='ocrx_word' id='word_1_80' title='bbox 282 1060 356 1114; x_wconf 72' lang='grc' dir='ltr'>τήν</span> <span class='ocrx_word' id='word_1_81' title='bbox 378 1059 551 1115; x_wconf 77' lang='grc' dir='ltr'><em>Κύπρον</em></span> <span class='ocrx_word' id='word_1_82' title='bbox 570 1064 609 1098; x_wconf 86' lang='lat' dir='ltr'>in</span> <span class='ocrx_word' id='word_1_83' title='bbox 630 1076 717 1099; x_wconf 89' lang='lat' dir='ltr'>me-</span> 
     </span>
     <span class='ocr_line' id='line_1_16' title="bbox 53 1117 716 1172; baseline -0.002 -16"><span class='ocrx_word' id='word_1_84' title='bbox 53 1117 115 1156; x_wconf 83' lang='lat' dir='ltr'>dio</span> <span class='ocrx_word' id='word_1_85' title='bbox 135 1121 274 1170; x_wconf 79' lang='lat' dir='ltr'>positas</span> <span class='ocrx_word' id='word_1_86' title='bbox 301 1133 423 1172; x_wconf 88' lang='lat' dir='ltr'>aeque</span> <span class='ocrx_word' id='word_1_87' title='bbox 447 1121 637 1170; x_wconf 86' lang='lat' dir='ltr'>pertinere</span> <span class='ocrx_word' id='word_1_88' title='bbox 668 1119 716 1156; x_wconf 92' lang='lat' dir='ltr'>ad</span> 
     </span>
     <span class='ocr_line' id='line_1_17' title="bbox 50 1175 717 1228; baseline 0 -15"><span class='ocrx_word' id='word_1_89' title='bbox 50 1178 248 1228; x_wconf 87' lang='lat' dir='ltr'>sequentia</span> <span class='ocrx_word' id='word_1_90' title='bbox 269 1176 356 1226; x_wconf 84' lang='grc' dir='ltr'>(καὶ</span> <span class='ocrx_word' id='word_1_91' title='bbox 378 1176 421 1216; x_wconf 86' lang='grc' dir='ltr'>οἷ</span> <span class='ocrx_word' id='word_1_92' title='bbox 440 1175 624 1228; x_wconf 83' lang='grc' dir='ltr'>Πέρσαι),</span> <span class='ocrx_word' id='word_1_93' title='bbox 657 1183 717 1213; x_wconf 86' lang='lat' dir='ltr'>at-</span> 
     </span>
     <span class='ocr_line' id='line_1_18' title="bbox 52 1232 716 1286; baseline -0.002 -16"><span class='ocrx_word' id='word_1_94' title='bbox 52 1245 127 1284; x_wconf 87' lang='lat' dir='ltr'>que</span> <span class='ocrx_word' id='word_1_95' title='bbox 156 1232 205 1270; x_wconf 89' lang='lat' dir='ltr'>ad</span> <span class='ocrx_word' id='word_1_96' title='bbox 236 1246 303 1282; x_wconf 86' lang='lat' dir='ltr'>ea,</span> <span class='ocrx_word' id='word_1_97' title='bbox 351 1246 450 1286; x_wconf 87' lang='lat' dir='ltr'>quae</span> <span class='ocrx_word' id='word_1_98' title='bbox 489 1232 716 1270; x_wconf 84' lang='lat' dir='ltr'>antecedant</span> 
     </span>
     <span class='ocr_line' id='line_1_19' title="bbox 51 1287 712 1342; baseline -0.003 -14"><span class='ocrx_word' id='word_1_99' title='bbox 51 1287 202 1339; x_wconf 82' lang='grc' dir='ltr'><em>(Ἴωνές</em></span> <span class='ocrx_word' id='word_1_100' title='bbox 235 1305 275 1329; x_wconf 86' lang='grc' dir='ltr'><em>τε</em></span> <span class='ocrx_word' id='word_1_101' title='bbox 306 1288 357 1340; x_wconf 76' lang='grc' dir='ltr'>δή</span> <span class='ocrx_word' id='word_1_102' title='bbox 388 1290 593 1342; x_wconf 83' lang='grc' dir='ltr'><em>παρῆσαν)</em></span> <span class='ocrx_word' id='word_1_103' title='bbox 638 1288 712 1327; x_wconf 88' lang='lat' dir='ltr'>hoc</span> 
     </span>
     <span class='ocr_line' id='line_1_20' title="bbox 29 1346 712 1385; baseline 0 -2"><span class='ocrx_word' id='word_1_104' title='bbox 29 1347 128 1383; x_wconf 55' lang='lat' dir='ltr'>1fere</span> <span class='ocrx_word' id='word_1_105' title='bbox 149 1358 284 1384; x_wconf 87' lang='lat' dir='ltr'>sensu:</span> <span class='ocrx_word' id='word_1_106' title='bbox 317 1347 402 1385; x_wconf 88' lang='lat' dir='ltr'>Cum</span> <span class='ocrx_word' id='word_1_107' title='bbox 431 1360 448 1384; x_wconf 87' lang='lat' dir='ltr'>e</span> <span class='ocrx_word' id='word_1_108' title='bbox 476 1346 605 1384; x_wconf 76' lang='lat' dir='ltr'>Cilicia</span> <span class='ocrx_word' id='word_1_109' title='bbox 627 1346 712 1384; x_wconf 87' lang='lat' dir='ltr'>Per-</span> 
     </span>
     <span class='ocr_line' id='line_1_21' title="bbox 49 1403 711 1454; baseline 0 -13"><span class='ocrx_word' id='word_1_110' title='bbox 49 1416 110 1441; x_wconf 76' lang='lat' dir='ltr'>sae</span> <span class='ocrx_word' id='word_1_111' title='bbox 135 1405 282 1441; x_wconf 81' lang='lat' dir='ltr'>navibus</span> <span class='ocrx_word' id='word_1_112' title='bbox 308 1406 345 1442; x_wconf 81' lang='lat' dir='ltr'>in</span> <span class='ocrx_word' id='word_1_113' title='bbox 374 1417 470 1442; x_wconf 74' lang='lat' dir='ltr'>oram</span> <span class='ocrx_word' id='word_1_114' title='bbox 491 1403 604 1454; x_wconf 79' lang='lat' dir='ltr'>Cypri</span> <span class='ocrx_word' id='word_1_115' title='bbox 622 1404 711 1441; x_wconf 69' lang='lat' dir='ltr'>Cili-</span> 
     </span>
     <span class='ocr_line' id='line_1_22' title="bbox 48 1457 705 1512; baseline 0.003 -15"><span class='ocrx_word' id='word_1_116' title='bbox 48 1462 125 1497; x_wconf 80' lang='lat' dir='ltr'>ciae</span> <span class='ocrx_word' id='word_1_117' title='bbox 154 1462 375 1498; x_wconf 67' lang='lat' dir='ltr'>traieci-ssent</span> <span class='ocrx_word' id='word_1_118' title='bbox 407 1463 613 1511; x_wconf 76' lang='lat' dir='ltr'>oppositam,</span> <span class='ocrx_word' id='word_1_119' title='bbox 641 1457 705 1512; x_wconf 69' lang='grc' dir='ltr'>’ἤϊ-</span> 
     </span>
     <span class='ocr_line' id='line_1_23' title="bbox 49 1515 709 1572; baseline 0 -16"><span class='ocrx_word' id='word_1_120' title='bbox 49 1528 123 1556; x_wconf 83' lang='grc' dir='ltr'>σαν</span> <span class='ocrx_word' id='word_1_121' title='bbox 153 1516 216 1557; x_wconf 79' lang='grc' dir='ltr'>ἐπὶ</span> <span class='ocrx_word' id='word_1_122' title='bbox 254 1515 328 1568; x_wconf 75' lang='grc' dir='ltr'>τήν</span> <span class='ocrx_word' id='word_1_123' title='bbox 359 1520 580 1568; x_wconf 65' lang='grc' dir='ltr'><em>Σαλαμῖναὶ</em></span> <span class='ocrx_word' id='word_1_124' title='bbox 597 1519 709 1572; x_wconf 77' lang='grc' dir='ltr'><em>πεζῇ,</em></span> 
     </span>
     <span class='ocr_line' id='line_1_24' title="bbox 46 1573 710 1618; baseline 0.002 -8"><span class='ocrx_word' id='word_1_125' title='bbox 46 1573 147 1618; x_wconf 74' lang='lat' dir='ltr'>illinc</span> <span class='ocrx_word' id='word_1_126' title='bbox 171 1574 303 1611; x_wconf 80' lang='lat' dir='ltr'>relictis</span> <span class='ocrx_word' id='word_1_127' title='bbox 324 1575 475 1612; x_wconf 78' lang='lat' dir='ltr'>navibus</span> <span class='ocrx_word' id='word_1_128' title='bbox 494 1576 619 1611; x_wconf 74' lang='lat' dir='ltr'>itinere</span> <span class='ocrx_word' id='word_1_129' title='bbox 640 1578 710 1611; x_wconf 85' lang='lat' dir='ltr'>ter-</span> 
     </span>
     <span class='ocr_line' id='line_1_25' title="bbox 47 1630 705 1677; baseline 0.002 -11"><span class='ocrx_word' id='word_1_130' title='bbox 47 1633 153 1668; x_wconf 69' lang='lat' dir='ltr'>restra·</span> <span class='ocrx_word' id='word_1_131' title='bbox 169 1632 268 1668; x_wconf 82' lang='lat' dir='ltr'><strong><em>ibant</em></strong></span> <span class='ocrx_word' id='word_1_132' title='bbox 286 1643 407 1668; x_wconf 79' lang='lat' dir='ltr'>versus</span> <span class='ocrx_word' id='word_1_133' title='bbox 429 1630 636 1677; x_wconf 77' lang='lat' dir='ltr'><em>Salamina,</em></span> <span class='ocrx_word' id='word_1_134' title='bbox 664 1632 705 1667; x_wconf 89' lang='lat' dir='ltr'>in</span> 
     </span>
     <span class='ocr_line' id='line_1_26' title="bbox 47 1687 713 1739; baseline 0.003 -16"><span class='ocrx_word' id='word_1_135' title='bbox 47 1687 163 1724; x_wconf 86' lang='lat' dir='ltr'>altera</span> <span class='ocrx_word' id='word_1_136' title='bbox 190 1688 336 1724; x_wconf 88' lang='lat' dir='ltr'>insulae</span> <span class='ocrx_word' id='word_1_137' title='bbox 370 1695 477 1739; x_wconf 85' lang='lat' dir='ltr'>parte</span> <span class='ocrx_word' id='word_1_138' title='bbox 504 1689 616 1725; x_wconf 84' lang='lat' dir='ltr'>sitam</span> <span class='ocrx_word' id='word_1_139' title='bbox 633 1688 713 1739; x_wconf 88' lang='lat' dir='ltr'>Sy-</span> 
     </span>
     <span class='ocr_line' id='line_1_27' title="bbox 47 1743 711 1790; baseline 0.003 -11"><span class='ocrx_word' id='word_1_140' title='bbox 47 1744 124 1780; x_wconf 82' lang='lat' dir='ltr'>riae</span> <span class='ocrx_word' id='word_1_141' title='bbox 174 1745 377 1782; x_wconf 82' lang='lat' dir='ltr'>obiectam.</span> <span class='ocrx_word' id='word_1_142' title='bbox 446 1745 531 1790; x_wconf 77' lang='lat' dir='ltr'>Quo</span> <span class='ocrx_word' id='word_1_143' title='bbox 572 1743 711 1781; x_wconf 87' lang='lat' dir='ltr'>eodem</span> 
     </span>
     <span class='ocr_line' id='line_1_28' title="bbox 45 1802 712 1838; baseline 0.003 -2"><span class='ocrx_word' id='word_1_144' title='bbox 45 1807 228 1838; x_wconf 83' lang='lat' dir='ltr'>monente</span> <span class='ocrx_word' id='word_1_145' title='bbox 265 1802 409 1838; x_wconf 88' lang='lat' dir='ltr'>Paulus</span> <span class='ocrx_word' id='word_1_146' title='bbox 451 1808 488 1838; x_wconf 90' lang='lat' dir='ltr'>et</span> <span class='ocrx_word' id='word_1_147' title='bbox 517 1802 712 1838; x_wconf 81' lang='lat' dir='ltr'>Barnabas</span> 
     </span>
     <span class='ocr_line' id='line_1_29' title="bbox 47 1856 712 1909; baseline 0 -15"><span class='ocrx_word' id='word_1_148' title='bbox 47 1856 223 1894; x_wconf 83' lang='lat' dir='ltr'>Seleucia</span> <span class='ocrx_word' id='word_1_149' title='bbox 253 1870 350 1895; x_wconf 84' lang='lat' dir='ltr'>nave</span> <span class='ocrx_word' id='word_1_150' title='bbox 380 1858 541 1908; x_wconf 83' lang='lat' dir='ltr'>profecti</span> <span class='ocrx_word' id='word_1_151' title='bbox 569 1859 609 1894; x_wconf 93' lang='lat' dir='ltr'>in</span> <span class='ocrx_word' id='word_1_152' title='bbox 632 1859 712 1909; x_wconf 85' lang='lat' dir='ltr'>Cy-</span> 
     </span>
     <span class='ocr_line' id='line_1_30' title="bbox 47 1914 710 1964; baseline 0.005 -16"><span class='ocrx_word' id='word_1_153' title='bbox 47 1925 161 1963; x_wconf 84' lang='lat' dir='ltr'>prum</span> <span class='ocrx_word' id='word_1_154' title='bbox 190 1914 358 1964; x_wconf 87' lang='lat' dir='ltr'>primum</span> <span class='ocrx_word' id='word_1_155' title='bbox 389 1921 578 1950; x_wconf 81' lang='lat' dir='ltr'>venerunt</span> <span class='ocrx_word' id='word_1_156' title='bbox 599 1914 710 1951; x_wconf 83' lang='lat' dir='ltr'>Sala-</span> 
     </span>
     <span class='ocr_line' id='line_1_31' title="bbox 46 1970 709 2020; baseline 0.005 -16"><span class='ocrx_word' id='word_1_157' title='bbox 46 1970 176 2018; x_wconf 88' lang='lat' dir='ltr'>mina,</span> <span class='ocrx_word' id='word_1_158' title='bbox 207 1971 308 2007; x_wconf 74' lang='lat' dir='ltr'>Actt.</span> <span class='ocrx_word' id='word_1_159' title='bbox 338 1971 471 2020; x_wconf 87' lang='lat' dir='ltr'>Apost.</span> <span class='ocrx_word' id='word_1_160' title='bbox 511 1971 625 2017; x_wconf 85' lang='lat' dir='ltr'>XIII,</span> <span class='ocrx_word' id='word_1_161' title='bbox 669 1970 709 2018; x_wconf 90' lang='lat'>5,</span> 
     </span>
     <span class='ocr_line' id='line_1_32' title="bbox 47 2025 709 2078; baseline 0.002 -17"><span class='ocrx_word' id='word_1_162' title='bbox 47 2038 141 2062; x_wconf 88' lang='lat' dir='ltr'>mox</span> <span class='ocrx_word' id='word_1_163' title='bbox 173 2025 352 2063; x_wconf 74' lang='lat' dir='ltr'>dicuntur</span> <span class='ocrx_word' id='word_1_164' title='bbox 383 2027 547 2063; x_wconf 83' lang='lat' dir='ltr'>insulam</span> <span class='ocrx_word' id='word_1_165' title='bbox 576 2027 709 2078; x_wconf 86' lang='lat' dir='ltr'>perlu-</span> 
     </span>
     <span class='ocr_line' id='line_1_33' title="bbox 45 2081 707 2135; baseline 0.002 -17"><span class='ocrx_word' id='word_1_166' title='bbox 45 2088 178 2119; x_wconf 87' lang='lat' dir='ltr'>strasse</span> <span class='ocrx_word' id='word_1_167' title='bbox 198 2096 319 2135; x_wconf 90' lang='lat' dir='ltr'>usque</span> <span class='ocrx_word' id='word_1_168' title='bbox 332 2081 380 2119; x_wconf 88' lang='lat' dir='ltr'>ad</span> <span class='ocrx_word' id='word_1_169' title='bbox 392 2082 585 2133; x_wconf 81' lang='lat' dir='ltr'>Paphum,</span> <span class='ocrx_word' id='word_1_170' title='bbox 608 2096 707 2135; x_wconf 84' lang='lat' dir='ltr'>quae</span> 
     </span>
     <span class='ocr_line' id='line_1_34' title="bbox 45 2140 707 2190; baseline 0.003 -16"><span class='ocrx_word' id='word_1_171' title='bbox 45 2151 167 2190; x_wconf 74' lang='lat' dir='ltr'>qutun</span> <span class='ocrx_word' id='word_1_172' title='bbox 199 2140 238 2175; x_wconf 90' lang='lat' dir='ltr'>iu</span> <span class='ocrx_word' id='word_1_173' title='bbox 260 2140 433 2176; x_wconf 75' lang='lat' dir='ltr'>orientali</span> <span class='ocrx_word' id='word_1_174' title='bbox 453 2140 570 2190; x_wconf 84' lang='lat' dir='ltr'>Cypri</span> <span class='ocrx_word' id='word_1_175' title='bbox 589 2140 707 2176; x_wconf 80' lang='lat' dir='ltr'>latere</span> 
     </span>
     <span class='ocr_line' id='line_1_35' title="bbox 45 2195 706 2248; baseline 0 -16"><span class='ocrx_word' id='word_1_176' title='bbox 45 2202 140 2232; x_wconf 84' lang='lat' dir='ltr'>esset</span> <span class='ocrx_word' id='word_1_177' title='bbox 160 2197 241 2243; x_wconf 87' lang='lat' dir='ltr'>sita,</span> <span class='ocrx_word' id='word_1_178' title='bbox 263 2195 353 2233; x_wconf 87' lang='lat' dir='ltr'>hinc</span> <span class='ocrx_word' id='word_1_179' title='bbox 373 2197 414 2232; x_wconf 91' lang='lat' dir='ltr'>in</span> <span class='ocrx_word' id='word_1_180' title='bbox 434 2195 706 2248; x_wconf 81' lang='lat' dir='ltr'>Pamphyliam</span> 
     </span>
     <span class='ocr_line' id='line_1_36' title="bbox 43 2253 478 2304; baseline 0.005 -16"><span class='ocrx_word' id='word_1_181' title='bbox 43 2253 272 2290; x_wconf 88' lang='lat' dir='ltr'>traiecerunt</span> <span class='ocrx_word' id='word_1_182' title='bbox 291 2253 478 2304; x_wconf 84' lang='lat' dir='ltr'><strong>Apostoli.</strong></span> 
     </span>
    </p>

    <p class='ocr_par' dir='ltr' id='par_1_10' title="bbox 42 2309 706 2871">
     <span class='ocr_line' id='line_1_37' title="bbox 101 2309 706 2360; baseline 0.002 -12"><span class='ocrx_word' id='word_1_183' title='bbox 101 2309 144 2348; x_wconf 80' lang='grc' dir='ltr'>αἳ</span> <span class='ocrx_word' id='word_1_184' title='bbox 177 2312 390 2349; x_wconf 81' lang='grc' dir='ltr'><em>καλεῦνται</em></span> <span class='ocrx_word' id='word_1_185' title='bbox 429 2309 603 2360; x_wconf 71' lang='grc' dir='ltr'><em>Κληῖδες</em></span> <span class='ocrx_word' id='word_1_186' title='bbox 632 2311 706 2360; x_wconf 76' lang='grc' dir='ltr'>τῆς</span> 
     </span>
     <span class='ocr_line' id='line_1_38' title="bbox 46 2362 704 2414; baseline -0.002 -11"><span class='ocrx_word' id='word_1_187' title='bbox 46 2362 234 2414; x_wconf 80' lang='grc' dir='ltr'><em>Κύπρου]</em></span> <span class='ocrx_word' id='word_1_188' title='bbox 275 2366 338 2403; x_wconf 93' lang='lat' dir='ltr'>Ad</span> <span class='ocrx_word' id='word_1_189' title='bbox 367 2373 597 2403; x_wconf 81' lang='lat' dir='ltr'><strong>structuram</strong></span> <span class='ocrx_word' id='word_1_190' title='bbox 629 2367 704 2403; x_wconf 91' lang='lat' dir='ltr'>loci</span> 
     </span>
     <span class='ocr_line' id='line_1_39' title="bbox 43 2420 702 2474; baseline 0.002 -15"><span class='ocrx_word' id='word_1_191' title='bbox 43 2421 120 2459; x_wconf 89' lang='lat' dir='ltr'>vid.</span> <span class='ocrx_word' id='word_1_192' title='bbox 140 2420 277 2460; x_wconf 83' lang='lat' dir='ltr'>Matth.</span> <span class='ocrx_word' id='word_1_193' title='bbox 306 2425 371 2460; x_wconf 86' lang='lat' dir='ltr'>Gr.</span> <span class='ocrx_word' id='word_1_194' title='bbox 397 2423 463 2460; x_wconf 88' lang='lat' dir='ltr'>Gr.</span> <span class='ocrx_word' id='word_1_195' title='bbox 494 2435 582 2474; x_wconf 83' lang='lat' dir='ltr'>pag.</span> <span class='ocrx_word' id='word_1_196' title='bbox 605 2425 702 2464; x_wconf 77' lang='grc'><strong>822.</strong></span> 
     </span>
     <span class='ocr_line' id='line_1_40' title="bbox 44 2478 701 2530; baseline 0.005 -16"><span class='ocrx_word' id='word_1_197' title='bbox 44 2480 256 2516; x_wconf 85' lang='lat' dir='ltr'><strong>Hermann.</strong></span> <span class='ocrx_word' id='word_1_198' title='bbox 280 2478 329 2516; x_wconf 87' lang='lat' dir='ltr'>ad</span> <span class='ocrx_word' id='word_1_199' title='bbox 352 2480 480 2530; x_wconf 84' lang='lat' dir='ltr'>Viger.</span> <span class='ocrx_word' id='word_1_200' title='bbox 501 2492 588 2530; x_wconf 85' lang='lat' dir='ltr'>pag.</span> <span class='ocrx_word' id='word_1_201' title='bbox 606 2481 701 2520; x_wconf 85' lang='lat'><strong>708.</strong></span> 
     </span>
     <span class='ocr_line' id='line_1_41' title="bbox 43 2535 700 2586; baseline 0.003 -15"><span class='ocrx_word' id='word_1_202' title='bbox 43 2536 118 2572; x_wconf 93' lang='lat' dir='ltr'>Pro</span> <span class='ocrx_word' id='word_1_203' title='bbox 140 2535 311 2586; x_wconf 83' lang='grc' dir='ltr'><em>Κληΐδες</em></span> <span class='ocrx_word' id='word_1_204' title='bbox 330 2543 404 2572; x_wconf 90' lang='lat' dir='ltr'>tres</span> <span class='ocrx_word' id='word_1_205' title='bbox 424 2537 509 2573; x_wconf 85' lang='lat' dir='ltr'>libri</span> <span class='ocrx_word' id='word_1_206' title='bbox 529 2536 700 2586; x_wconf 79' lang='grc' dir='ltr'><em>Κλῆδες,</em></span> 
     </span>
     <span class='ocr_line' id='line_1_42' title="bbox 42 2591 702 2640; baseline 0 -12"><span class='ocrx_word' id='word_1_207' title='bbox 42 2591 166 2630; x_wconf 69' lang='lat' dir='ltr'>Attio-21</span> <span class='ocrx_word' id='word_1_208' title='bbox 186 2593 323 2640; x_wconf 88' lang='lat' dir='ltr'>forma,</span> <span class='ocrx_word' id='word_1_209' title='bbox 344 2605 434 2629; x_wconf 91' lang='lat' dir='ltr'>cum</span> <span class='ocrx_word' id='word_1_210' title='bbox 450 2591 544 2629; x_wconf 87' lang='lat' dir='ltr'>illud</span> <span class='ocrx_word' id='word_1_211' title='bbox 557 2593 603 2628; x_wconf 87' lang='lat' dir='ltr'>sit</span> <span class='ocrx_word' id='word_1_212' title='bbox 616 2605 702 2628; x_wconf 85' lang='lat' dir='ltr'>ma-</span> 
     </span>
     <span class='ocr_line' id='line_1_43' title="bbox 42 2647 701 2698; baseline -0.003 -12"><span class='ocrx_word' id='word_1_213' title='bbox 42 2649 98 2698; x_wconf 86' lang='lat' dir='ltr'>gis</span> <span class='ocrx_word' id='word_1_214' title='bbox 116 2650 269 2686; x_wconf 88' lang='lat' dir='ltr'>Ionum.</span> <span class='ocrx_word' id='word_1_215' title='bbox 309 2650 376 2685; x_wconf 91' lang='lat' dir='ltr'>Tu</span> <span class='ocrx_word' id='word_1_216' title='bbox 395 2649 496 2686; x_wconf 87' lang='lat' dir='ltr'>conf.</span> <span class='ocrx_word' id='word_1_217' title='bbox 516 2647 701 2688; x_wconf 81' lang='lat' dir='ltr'>Valcken.</span> 
     </span>
     <span class='ocr_line' id='line_1_44' title="bbox 43 2704 701 2757; baseline 0.002 -16"><span class='ocrx_word' id='word_1_218' title='bbox 43 2704 91 2742; x_wconf 86' lang='lat' dir='ltr'>ad</span> <span class='ocrx_word' id='word_1_219' title='bbox 107 2704 281 2757; x_wconf 87' lang='lat' dir='ltr'>Euripid.</span> <span class='ocrx_word' id='word_1_220' title='bbox 301 2704 499 2743; x_wconf 88' lang='lat' dir='ltr'>Phoeniss.</span> <span class='ocrx_word' id='word_1_221' title='bbox 530 2718 584 2742; x_wconf 80' lang='lat' dir='ltr'>vs.</span> <span class='ocrx_word' id='word_1_222' title='bbox 606 2707 701 2746; x_wconf 75' lang='lat'><strong>268.</strong></span> 
     </span>
     <span class='ocr_line' id='line_1_45' title="bbox 43 2760 702 2814; baseline 0 -16"><span class='ocrx_word' id='word_1_223' title='bbox 43 2762 321 2814; x_wconf 80' lang='lat' dir='ltr'>Wesselingius</span> <span class='ocrx_word' id='word_1_224' title='bbox 351 2760 401 2799; x_wconf 84' lang='lat' dir='ltr'>ad</span> <span class='ocrx_word' id='word_1_225' title='bbox 430 2761 469 2799; x_wconf 88' lang='lat' dir='ltr'>h.</span> <span class='ocrx_word' id='word_1_226' title='bbox 506 2762 532 2798; x_wconf 91' lang='lat' dir='ltr'>l.</span> <span class='ocrx_word' id='word_1_227' title='bbox 574 2760 702 2798; x_wconf 85' lang='lat' dir='ltr'>laudat</span> 
     </span>
     <span class='ocr_line' id='line_1_46' title="bbox 42 2816 700 2871; baseline 0.002 -16"><span class='ocrx_word' id='word_1_228' title='bbox 42 2817 252 2871; x_wconf 85' lang='lat' dir='ltr'>Antholog.</span> <span class='ocrx_word' id='word_1_229' title='bbox 267 2821 320 2857; x_wconf 91' lang='lat'>111</span> <span class='ocrx_word' id='word_1_230' title='bbox 343 2833 382 2871; x_wconf 86' lang='lat' dir='ltr'>p.</span> <span class='ocrx_word' id='word_1_231' title='bbox 404 2822 484 2861; x_wconf 82' lang='lat'>366</span> <span class='ocrx_word' id='word_1_232' title='bbox 509 2816 700 2868; x_wconf 83' lang='lat' dir='ltr'>[Brunck.</span> 
     </span>
    </p>
   </div>
   <div class='ocr_carea' id='block_1_9' title="bbox 766 948 1441 2078">
    <p class='ocr_par' dir='ltr' id='par_1_11' title="bbox 766 948 1441 2078">
     <span class='ocr_line' id='line_1_47' title="bbox 774 948 1441 998; baseline -0.003 -13"><span class='ocrx_word' id='word_1_233' title='bbox 774 950 968 986; x_wconf 82' lang='lat' dir='ltr'>Analectt.</span> <span class='ocrx_word' id='word_1_234' title='bbox 991 950 1042 986; x_wconf 92' lang='grc' dir='ltr'>Τ.</span> <span class='ocrx_word' id='word_1_235' title='bbox 1062 950 1098 984; x_wconf 92' lang='lat' dir='ltr'>II</span> <span class='ocrx_word' id='word_1_236' title='bbox 1117 961 1204 998; x_wconf 84' lang='lat' dir='ltr'>pag.</span> <span class='ocrx_word' id='word_1_237' title='bbox 1225 948 1292 987; x_wconf 80' lang='grc'>44.</span> <span class='ocrx_word' id='word_1_238' title='bbox 1314 948 1364 984; x_wconf 91' lang='grc' dir='ltr'>Τ.</span> <span class='ocrx_word' id='word_1_239' title='bbox 1387 949 1441 983; x_wconf 91' lang='grc' dir='ltr'>ΙΙΙ</span> 
     </span>
     <span class='ocr_line' id='line_1_48' title="bbox 772 1005 1441 1057; baseline 0.003 -15"><span class='ocrx_word' id='word_1_240' title='bbox 772 1019 861 1057; x_wconf 78' lang='lat' dir='ltr'>pag.</span> <span class='ocrx_word' id='word_1_241' title='bbox 894 1006 947 1046; x_wconf 85' lang='lat'>45</span> <span class='ocrx_word' id='word_1_242' title='bbox 974 1006 1140 1053; x_wconf 81' lang='lat' dir='ltr'>Iaoobs],</span> <span class='ocrx_word' id='word_1_243' title='bbox 1171 1005 1237 1041; x_wconf 89' lang='lat' dir='ltr'>ubi</span> <span class='ocrx_word' id='word_1_244' title='bbox 1271 1005 1441 1055; x_wconf 72' lang='grc' dir='ltr'><em>Κληῖδες</em></span> 
     </span>
     <span class='ocr_line' id='line_1_49' title="bbox 773 1060 1440 1112; baseline -0.003 -10"><span class='ocrx_word' id='word_1_245' title='bbox 773 1061 925 1102; x_wconf 81' lang='grc' dir='ltr'><em>πόντου</em></span> <span class='ocrx_word' id='word_1_246' title='bbox 956 1061 1023 1100; x_wconf 83' lang='grc' dir='ltr'>καὶ</span> <span class='ocrx_word' id='word_1_247' title='bbox 1052 1060 1224 1112; x_wconf 79' lang='grc' dir='ltr'><em>ἐσχατιαὶ</em></span> <span class='ocrx_word' id='word_1_248' title='bbox 1259 1063 1440 1110; x_wconf 79' lang='grc' dir='ltr'><em>Σαλαμῖ-</em></span> 
     </span>
     <span class='ocr_line' id='line_1_50' title="bbox 774 1118 1440 1168; baseline -0.005 -10"><span class='ocrx_word' id='word_1_249' title='bbox 774 1134 857 1166; x_wconf 85' lang='grc' dir='ltr'>νος.</span> <span class='ocrx_word' id='word_1_250' title='bbox 890 1119 1000 1156; x_wconf 87' lang='lat' dir='ltr'>Conf.</span> <span class='ocrx_word' id='word_1_251' title='bbox 1021 1120 1163 1155; x_wconf 86' lang='lat' dir='ltr'>Meurs.</span> <span class='ocrx_word' id='word_1_252' title='bbox 1187 1118 1300 1168; x_wconf 81' lang='lat' dir='ltr'>Cypr.</span> <span class='ocrx_word' id='word_1_253' title='bbox 1321 1119 1351 1164; x_wconf 89' lang='lat' dir='ltr'>I,</span> <span class='ocrx_word' id='word_1_254' title='bbox 1373 1120 1440 1158; x_wconf 80' lang='lat'>27.</span> 
     </span>
     <span class='ocr_line' id='line_1_51' title="bbox 773 1175 1441 1225; baseline 0.001 -13"><span class='ocrx_word' id='word_1_255' title='bbox 773 1177 891 1213; x_wconf 77' lang='lat' dir='ltr'>Tesoe</span> <span class='ocrx_word' id='word_1_256' title='bbox 923 1176 1113 1213; x_wconf 85' lang='lat' dir='ltr'>Strabone</span> <span class='ocrx_word' id='word_1_257' title='bbox 1143 1175 1234 1211; x_wconf 84' lang='lat' dir='ltr'>XIV</span> <span class='ocrx_word' id='word_1_258' title='bbox 1262 1187 1302 1225; x_wconf 92' lang='lat' dir='ltr'>p.</span> <span class='ocrx_word' id='word_1_259' title='bbox 1333 1177 1441 1213; x_wconf 83' lang='lat'>1000</span> 
     </span>
     <span class='ocr_line' id='line_1_52' title="bbox 774 1229 1437 1284; baseline -0.002 -14"><span class='ocrx_word' id='word_1_260' title='bbox 774 1233 818 1270; x_wconf 86' lang='lat' dir='ltr'>C.</span> <span class='ocrx_word' id='word_1_261' title='bbox 845 1247 874 1270; x_wconf 91' lang='lat' dir='ltr'>s.</span> <span class='ocrx_word' id='word_1_262' title='bbox 906 1246 945 1284; x_wconf 89' lang='lat' dir='ltr'>p.</span> <span class='ocrx_word' id='word_1_263' title='bbox 975 1234 1057 1273; x_wconf 79' lang='lat'>682</span> <span class='ocrx_word' id='word_1_264' title='bbox 1091 1231 1210 1269; x_wconf 73' lang='lat' dir='ltr'>Clz‘des</span> <span class='ocrx_word' id='word_1_265' title='bbox 1236 1229 1437 1281; x_wconf 75' lang='grc' dir='ltr'><em>(Κλεῖδες)</em></span> 
     </span>
     <span class='ocr_line' id='line_1_53' title="bbox 772 1289 1438 1338; baseline -0.008 -11"><span class='ocrx_word' id='word_1_266' title='bbox 772 1296 960 1327; x_wconf 70' lang='lat' dir='ltr'>vocantur</span> <span class='ocrx_word' id='word_1_267' title='bbox 998 1289 1144 1326; x_wconf 83' lang='lat' dir='ltr'>insulae</span> <span class='ocrx_word' id='word_1_268' title='bbox 1183 1289 1347 1338; x_wconf 75' lang='lat' dir='ltr'>exiguae</span> <span class='ocrx_word' id='word_1_269' title='bbox 1377 1301 1438 1323; x_wconf 80' lang='lat' dir='ltr'>se-</span> 
     </span>
     <span class='ocr_line' id='line_1_54' title="bbox 770 1344 1437 1398; baseline -0.006 -14"><span class='ocrx_word' id='word_1_270' title='bbox 770 1354 877 1398; x_wconf 84' lang='lat' dir='ltr'>ptem</span> <span class='ocrx_word' id='word_1_271' title='bbox 906 1345 1035 1384; x_wconf 78' lang='lat' dir='ltr'>stadiis</span> <span class='ocrx_word' id='word_1_272' title='bbox 1066 1352 1239 1382; x_wconf 85' lang='lat' dir='ltr'>remotae</span> <span class='ocrx_word' id='word_1_273' title='bbox 1270 1358 1291 1381; x_wconf 90' lang='lat' dir='ltr'>a</span> <span class='ocrx_word' id='word_1_274' title='bbox 1319 1344 1437 1380; x_wconf 82' lang='lat' dir='ltr'>fluvio</span> 
     </span>
     <span class='ocr_line' id='line_1_55' title="bbox 769 1402 1437 1455; baseline -0.004 -15"><span class='ocrx_word' id='word_1_275' title='bbox 769 1405 938 1455; x_wconf 83' lang='lat' dir='ltr'>Pyramo</span> <span class='ocrx_word' id='word_1_276' title='bbox 968 1416 1088 1454; x_wconf 84' lang='lat' dir='ltr'>prope</span> <span class='ocrx_word' id='word_1_277' title='bbox 1117 1403 1300 1439; x_wconf 80' lang='lat' dir='ltr'>orientale</span> <span class='ocrx_word' id='word_1_278' title='bbox 1321 1402 1437 1452; x_wconf 85' lang='lat' dir='ltr'>Cypri</span> 
     </span>
     <span class='ocr_line' id='line_1_56' title="bbox 767 1459 1437 1509; baseline -0.004 -11"><span class='ocrx_word' id='word_1_279' title='bbox 767 1462 888 1509; x_wconf 78' lang='lat' dir='ltr'>latus3</span> <span class='ocrx_word' id='word_1_280' title='bbox 927 1459 1032 1497; x_wconf 87' lang='lat' dir='ltr'>unde</span> <span class='ocrx_word' id='word_1_281' title='bbox 1055 1460 1203 1496; x_wconf 82' lang='lat' dir='ltr'>Plinius</span> <span class='ocrx_word' id='word_1_282' title='bbox 1232 1460 1281 1496; x_wconf 84' lang='grc' dir='ltr'>ΙΙ.</span> <span class='ocrx_word' id='word_1_283' title='bbox 1311 1460 1359 1495; x_wconf 86' lang='grc' dir='ltr'>Ν.</span> <span class='ocrx_word' id='word_1_284' title='bbox 1392 1459 1437 1506; x_wconf 81' lang='lat' dir='ltr'>V,</span> 
     </span>
     <span class='ocr_line' id='line_1_57' title="bbox 768 1516 1437 1568; baseline -0.009 -11"><span class='ocrx_word' id='word_1_285' title='bbox 768 1520 813 1558; x_wconf 82' lang='lat'>31</span> <span class='ocrx_word' id='word_1_286' title='bbox 844 1516 961 1567; x_wconf 85' lang='lat'>(35):</span> <span class='ocrx_word' id='word_1_287' title='bbox 1005 1523 1195 1568; x_wconf 87' lang='lat' dir='ltr'>„quatuor</span> <span class='ocrx_word' id='word_1_288' title='bbox 1229 1523 1316 1553; x_wconf 87' lang='lat' dir='ltr'>ante</span> <span class='ocrx_word' id='word_1_289' title='bbox 1344 1528 1437 1566; x_wconf 84' lang='lat' dir='ltr'>pro-</span> 
     </span>
     <span class='ocr_line' id='line_1_58' title="bbox 767 1572 1435 1624; baseline -0.004 -13"><span class='ocrx_word' id='word_1_290' title='bbox 767 1576 1008 1611; x_wconf 83' lang='lat' dir='ltr'>montorium</span> <span class='ocrx_word' id='word_1_291' title='bbox 1031 1587 1079 1610; x_wconf 82' lang='lat' dir='ltr'>ex</span> <span class='ocrx_word' id='word_1_292' title='bbox 1109 1572 1267 1611; x_wconf 81' lang='lat' dir='ltr'>adverso</span> <span class='ocrx_word' id='word_1_293' title='bbox 1298 1572 1435 1624; x_wconf 86' lang='lat' dir='ltr'>Syriae</span> 
     </span>
     <span class='ocr_line' id='line_1_59' title="bbox 770 1630 1435 1669; baseline -0.005 -1"><span class='ocrx_word' id='word_1_294' title='bbox 770 1631 930 1669; x_wconf 76' lang='lat' dir='ltr'>Clides.“</span> <span class='ocrx_word' id='word_1_295' title='bbox 988 1630 1084 1667; x_wconf 88' lang='lat' dir='ltr'>Inde</span> <span class='ocrx_word' id='word_1_296' title='bbox 1102 1630 1207 1667; x_wconf 86' lang='lat' dir='ltr'>idem</span> <span class='ocrx_word' id='word_1_297' title='bbox 1228 1643 1373 1666; x_wconf 89' lang='lat' dir='ltr'>nomen</span> <span class='ocrx_word' id='word_1_298' title='bbox 1394 1631 1435 1665; x_wconf 90' lang='lat' dir='ltr'>in</span> 
     </span>
     <span class='ocr_line' id='line_1_60' title="bbox 768 1689 1435 1739; baseline -0.003 -15"><span class='ocrx_word' id='word_1_299' title='bbox 768 1689 1078 1739; x_wconf 89' lang='lat' dir='ltr'>promontorium</span> <span class='ocrx_word' id='word_1_300' title='bbox 1106 1689 1278 1725; x_wconf 84' lang='lat' dir='ltr'>vicinum</span> <span class='ocrx_word' id='word_1_301' title='bbox 1308 1693 1435 1723; x_wconf 84' lang='lat' dir='ltr'>trans-</span> 
     </span>
     <span class='ocr_line' id='line_1_61' title="bbox 769 1743 1434 1795; baseline -0.003 -14"><span class='ocrx_word' id='word_1_302' title='bbox 769 1746 893 1782; x_wconf 87' lang='lat' dir='ltr'>latum</span> <span class='ocrx_word' id='word_1_303' title='bbox 906 1746 1021 1781; x_wconf 82' lang='lat' dir='ltr'>fuisse</span> <span class='ocrx_word' id='word_1_304' title='bbox 1032 1743 1195 1791; x_wconf 87' lang='lat' dir='ltr'>videtur,</span> <span class='ocrx_word' id='word_1_305' title='bbox 1209 1743 1313 1795; x_wconf 87' lang='lat' dir='ltr'>quod</span> <span class='ocrx_word' id='word_1_306' title='bbox 1323 1743 1434 1781; x_wconf 80' lang='lat' dir='ltr'>Stra-</span> 
     </span>
     <span class='ocr_line' id='line_1_62' title="bbox 766 1802 1435 1852; baseline -0.006 -13"><span class='ocrx_word' id='word_1_307' title='bbox 766 1802 861 1839; x_wconf 88' lang='lat' dir='ltr'>boni</span> <span class='ocrx_word' id='word_1_308' title='bbox 888 1802 916 1839; x_wconf 92' lang='lat' dir='ltr'>l.</span> <span class='ocrx_word' id='word_1_309' title='bbox 943 1802 969 1841; x_wconf 95' lang='lat' dir='ltr'>l.</span> <span class='ocrx_word' id='word_1_310' title='bbox 1004 1814 1093 1852; x_wconf 83' lang='lat' dir='ltr'>pag.</span> <span class='ocrx_word' id='word_1_311' title='bbox 1137 1803 1244 1841; x_wconf 80' lang='lat'>1002</span> <span class='ocrx_word' id='word_1_312' title='bbox 1277 1807 1435 1837; x_wconf 82' lang='lat' dir='ltr'>vocatur</span> 
     </span>
     <span class='ocr_line' id='line_1_63' title="bbox 767 1852 1434 1908; baseline -0.003 -11"><span class='ocrx_word' id='word_1_313' title='bbox 767 1853 989 1907; x_wconf 81' lang='grc' dir='ltr'><em>Βοόσουρα,</em></span> <span class='ocrx_word' id='word_1_314' title='bbox 1011 1858 1177 1895; x_wconf 88' lang='lat' dir='ltr'>Ptolem.</span> <span class='ocrx_word' id='word_1_315' title='bbox 1201 1852 1315 1908; x_wconf 69' lang='grc' dir='ltr'><em>Ου’ροέ</em></span> <span class='ocrx_word' id='word_1_316' title='bbox 1337 1853 1434 1907; x_wconf 75' lang='grc' dir='ltr'><em>βοός</em></span> 
     </span>
     <span class='ocr_line' id='line_1_64' title="bbox 768 1912 1433 1964; baseline -0.005 -13"><span class='ocrx_word' id='word_1_317' title='bbox 768 1912 879 1963; x_wconf 74' lang='lat' dir='ltr'>(bovis</span> <span class='ocrx_word' id='word_1_318' title='bbox 893 1914 1043 1964; x_wconf 77' lang='lat' dir='ltr'>cauda).</span> <span class='ocrx_word' id='word_1_319' title='bbox 1063 1914 1190 1950; x_wconf 89' lang='lat' dir='ltr'>Plinio</span> <span class='ocrx_word' id='word_1_320' title='bbox 1201 1914 1226 1948; x_wconf 96' lang='lat' dir='ltr'>l.</span> <span class='ocrx_word' id='word_1_321' title='bbox 1241 1914 1265 1949; x_wconf 90' lang='lat' dir='ltr'>l.</span> <span class='ocrx_word' id='word_1_322' title='bbox 1280 1912 1433 1950; x_wconf 78' lang='lat' dir='ltr'>videtur</span> 
     </span>
     <span class='ocr_line' id='line_1_65' title="bbox 768 1970 1429 2008; baseline -0.002 -1"><span class='ocrx_word' id='word_1_323' title='bbox 768 1983 847 2007; x_wconf 82' lang='lat' dir='ltr'>esse</span> <span class='ocrx_word' id='word_1_324' title='bbox 868 1970 1093 2008; x_wconf 79' lang='lat' dir='ltr'>Dinaretum.</span> <span class='ocrx_word' id='word_1_325' title='bbox 1115 1970 1429 2006; x_wconf 74' lang='lat' dir='ltr'>ConfiMannert.</span> 
     </span>
     <span class='ocr_line' id='line_1_66' title="bbox 767 2027 1268 2078; baseline -0.004 -14"><span class='ocrx_word' id='word_1_326' title='bbox 767 2028 909 2078; x_wconf 82' lang='lat' dir='ltr'>Geogr.</span> <span class='ocrx_word' id='word_1_327' title='bbox 929 2028 993 2075; x_wconf 79' lang='lat' dir='ltr'>Vl,</span> <span class='ocrx_word' id='word_1_328' title='bbox 1019 2030 1037 2067; x_wconf 88' lang='lat'>1</span> <span class='ocrx_word' id='word_1_329' title='bbox 1061 2039 1150 2078; x_wconf 84' lang='lat' dir='ltr'>pag.</span> <span class='ocrx_word' id='word_1_330' title='bbox 1173 2027 1268 2068; x_wconf 86' lang='grc'>570.</span> 
     </span>
    </p>
   </div>
   <div class='ocr_carea' id='block_1_10' title="bbox 983 2128 1200 2180">
    <p class='ocr_par' dir='ltr' id='par_1_12' title="bbox 983 2128 1200 2180">
     <span class='ocr_line' id='line_1_67' title="bbox 983 2128 1200 2180; baseline -0.005 -15"><span class='ocrx_word' id='word_1_331' title='bbox 983 2129 1075 2180; x_wconf 85' lang='lat' dir='ltr'>Cap.</span> <span class='ocrx_word' id='word_1_332' title='bbox 1099 2128 1200 2165; x_wconf 88' lang='lat' dir='ltr'><strong>CIX.</strong></span> 
     </span>
    </p>
   </div>
   <div class='ocr_carea' id='block_1_11' title="bbox 757 2192 1428 2872">
    <p class='ocr_par' dir='ltr' id='par_1_13' title="bbox 757 2192 1428 2872">
     <span class='ocr_line' id='line_1_68' title="bbox 826 2192 1428 2248; baseline -0.003 -13"><span class='ocrx_word' id='word_1_333' title='bbox 826 2192 980 2236; x_wconf 81' lang='grc' dir='ltr'><em>Τούτου</em></span> <span class='ocrx_word' id='word_1_334' title='bbox 1004 2194 1046 2235; x_wconf 80' lang='grc' dir='ltr'>δὲ</span> <span class='ocrx_word' id='word_1_335' title='bbox 1069 2192 1255 2235; x_wconf 79' lang='grc' dir='ltr'><em>τοιούτου</em></span> <span class='ocrx_word' id='word_1_336' title='bbox 1274 2194 1428 2248; x_wconf 73' lang='grc' dir='ltr'><em>γινομέ-</em></span> 
     </span>
     <span class='ocr_line' id='line_1_69' title="bbox 763 2252 1427 2302; baseline -0.008 -9"><span class='ocrx_word' id='word_1_337' title='bbox 763 2254 863 2302; x_wconf 86' lang='grc' dir='ltr'><em>νου]</em></span> <span class='ocrx_word' id='word_1_338' title='bbox 897 2253 1046 2290; x_wconf 86' lang='lat' dir='ltr'>Eadem</span> <span class='ocrx_word' id='word_1_339' title='bbox 1077 2252 1229 2290; x_wconf 87' lang='lat' dir='ltr'>dicendi</span> <span class='ocrx_word' id='word_1_340' title='bbox 1258 2254 1352 2289; x_wconf 83' lang='lat' dir='ltr'>ratio</span> <span class='ocrx_word' id='word_1_341' title='bbox 1382 2253 1427 2300; x_wconf 89' lang='lat' dir='ltr'>V,</span> 
     </span>
     <span class='ocr_line' id='line_1_70' title="bbox 765 2306 1426 2361; baseline -0.005 -12"><span class='ocrx_word' id='word_1_342' title='bbox 765 2308 922 2349; x_wconf 53' lang='lat'>114—</span> <span class='ocrx_word' id='word_1_343' title='bbox 936 2310 977 2350; x_wconf 80' lang='grc' dir='ltr'>οἱ</span> <span class='ocrx_word' id='word_1_344' title='bbox 991 2306 1181 2361; x_wconf 77' lang='grc' dir='ltr'><em>τύραννοι</em></span> <span class='ocrx_word' id='word_1_345' title='bbox 1199 2308 1316 2346; x_wconf 74' lang='lat' dir='ltr'>iidem</span> <span class='ocrx_word' id='word_1_346' title='bbox 1326 2317 1426 2356; x_wconf 79' lang='lat' dir='ltr'>sunt,</span> 
     </span>
     <span class='ocr_line' id='line_1_71' title="bbox 762 2367 1425 2418; baseline -0.002 -15"><span class='ocrx_word' id='word_1_347' title='bbox 762 2367 829 2418; x_wconf 86' lang='lat' dir='ltr'>qui</span> <span class='ocrx_word' id='word_1_348' title='bbox 847 2368 894 2414; x_wconf 86' lang='lat' dir='ltr'>V,</span> <span class='ocrx_word' id='word_1_349' title='bbox 918 2370 999 2407; x_wconf 86' lang='lat'>110</span> <span class='ocrx_word' id='word_1_350' title='bbox 1031 2367 1117 2403; x_wconf 87' lang='lat' dir='ltr'>coll.</span> <span class='ocrx_word' id='word_1_351' title='bbox 1141 2369 1234 2407; x_wconf 80' lang='lat'>113.</span> <span class='ocrx_word' id='word_1_352' title='bbox 1253 2367 1336 2413; x_wconf 89' lang='lat' dir='ltr'>VII,</span> <span class='ocrx_word' id='word_1_353' title='bbox 1359 2368 1425 2406; x_wconf 87' lang='lat'>90.</span> 
     </span>
     <span class='ocr_line' id='line_1_72' title="bbox 760 2421 1423 2475; baseline -0.003 -15"><span class='ocrx_word' id='word_1_354' title='bbox 760 2430 946 2460; x_wconf 85' lang='lat' dir='ltr'>vocantur</span> <span class='ocrx_word' id='word_1_355' title='bbox 968 2422 1009 2462; x_wconf 80' lang='grc' dir='ltr'>οἱ</span> <span class='ocrx_word' id='word_1_356' title='bbox 1034 2421 1224 2474; x_wconf 81' lang='grc' dir='ltr'><em>βασιλέες,</em></span> <span class='ocrx_word' id='word_1_357' title='bbox 1257 2424 1322 2475; x_wconf 86' lang='lat' dir='ltr'>qui</span> <span class='ocrx_word' id='word_1_358' title='bbox 1343 2423 1423 2459; x_wconf 80' lang='lat' dir='ltr'>scil.</span> 
     </span>
     <span class='ocr_line' id='line_1_73' title="bbox 761 2480 1424 2530; baseline -0.002 -14"><span class='ocrx_word' id='word_1_359' title='bbox 761 2493 888 2516; x_wconf 84' lang='lat' dir='ltr'>rerum</span> <span class='ocrx_word' id='word_1_360' title='bbox 920 2481 1029 2530; x_wconf 85' lang='lat' dir='ltr'>potiti</span> <span class='ocrx_word' id='word_1_361' title='bbox 1059 2486 1166 2516; x_wconf 87' lang='lat' dir='ltr'>erant</span> <span class='ocrx_word' id='word_1_362' title='bbox 1197 2480 1235 2515; x_wconf 83' lang='lat' dir='ltr'>iu</span> <span class='ocrx_word' id='word_1_363' title='bbox 1266 2480 1424 2529; x_wconf 79' lang='lat' dir='ltr'>singulis</span> 
     </span>
     <span class='ocr_line' id='line_1_74' title="bbox 759 2537 1403 2588; baseline 0.003 -15"><span class='ocrx_word' id='word_1_364' title='bbox 759 2538 877 2588; x_wconf 84' lang='lat' dir='ltr'>Cypri</span> <span class='ocrx_word' id='word_1_365' title='bbox 901 2538 1127 2574; x_wconf 67' lang='lat' dir='ltr'>civitatibus.</span> <span class='ocrx_word' id='word_1_366' title='bbox 1184 2537 1279 2573; x_wconf 84' lang='lat' dir='ltr'>Mox</span> <span class='ocrx_word' id='word_1_367' title='bbox 1299 2548 1403 2587; x_wconf 87' lang='grc' dir='ltr'><em>προσ</em></span> 
     </span>
     <span class='ocr_line' id='line_1_75' title="bbox 760 2592 1422 2644; baseline -0.008 -11"><span class='ocrx_word' id='word_1_368' title='bbox 760 2592 959 2644; x_wconf 82' lang='grc' dir='ltr'><em>φέρεσθαι</em></span> <span class='ocrx_word' id='word_1_369' title='bbox 974 2594 1073 2631; x_wconf 81' lang='lat' dir='ltr'>valet</span> <span class='ocrx_word' id='word_1_370' title='bbox 1084 2593 1253 2641; x_wconf 77' lang='lat' dir='ltr'>congredi</span> <span class='ocrx_word' id='word_1_371' title='bbox 1271 2605 1347 2630; x_wconf 81' lang='lat' dir='ltr'>cum</span> <span class='ocrx_word' id='word_1_372' title='bbox 1358 2593 1422 2628; x_wconf 78' lang='grc' dir='ltr'><em>Ιιο-</em></span> 
     </span>
     <span class='ocr_line' id='line_1_76' title="bbox 757 2647 1422 2699; baseline 0.003 -13"><span class='ocrx_word' id='word_1_373' title='bbox 757 2654 830 2697; x_wconf 77' lang='lat' dir='ltr'>ste,</span> <span class='ocrx_word' id='word_1_374' title='bbox 850 2651 1006 2687; x_wconf 78' lang='lat' dir='ltr'>cominus</span> <span class='ocrx_word' id='word_1_375' title='bbox 1025 2650 1202 2699; x_wconf 80' lang='lat' dir='ltr'>aggredi,</span> <span class='ocrx_word' id='word_1_376' title='bbox 1234 2656 1276 2686; x_wconf 86' lang='lat' dir='ltr'>ut</span> <span class='ocrx_word' id='word_1_377' title='bbox 1296 2647 1422 2697; x_wconf 82' lang='lat' dir='ltr'>V‚34,</span> 
     </span>
     <span class='ocr_line' id='line_1_77' title="bbox 757 2704 1424 2756; baseline -0.003 -14"><span class='ocrx_word' id='word_1_378' title='bbox 757 2707 837 2744; x_wconf 86' lang='lat' dir='ltr'>aliis</span> <span class='ocrx_word' id='word_1_379' title='bbox 866 2707 956 2744; x_wconf 80' lang='lat' dir='ltr'>locis</span> <span class='ocrx_word' id='word_1_380' title='bbox 988 2719 1009 2743; x_wconf 84' lang='lat' dir='ltr'>a</span> <span class='ocrx_word' id='word_1_381' title='bbox 1030 2704 1251 2756; x_wconf 78' lang='lat' dir='ltr'>Schweigli.</span> <span class='ocrx_word' id='word_1_382' title='bbox 1273 2706 1311 2740; x_wconf 91' lang='lat' dir='ltr'>in</span> <span class='ocrx_word' id='word_1_383' title='bbox 1327 2707 1424 2745; x_wconf 84' lang='lat' dir='ltr'>Lex,</span> 
     </span>
     <span class='ocr_line' id='line_1_78' title="bbox 759 2760 1425 2802; baseline -0.003 -3"><span class='ocrx_word' id='word_1_384' title='bbox 759 2762 902 2801; x_wconf 86' lang='lat' dir='ltr'>Herod.</span> <span class='ocrx_word' id='word_1_385' title='bbox 928 2777 957 2800; x_wconf 88' lang='lat' dir='ltr'>s.</span> <span class='ocrx_word' id='word_1_386' title='bbox 979 2777 1014 2802; x_wconf 90' lang='lat' dir='ltr'>v.</span> <span class='ocrx_word' id='word_1_387' title='bbox 1038 2764 1157 2800; x_wconf 77' lang='lat' dir='ltr'>allatis</span> <span class='ocrx_word' id='word_1_388' title='bbox 1181 2785 1229 2789; x_wconf 97' lang='lat'><strong>—</strong></span> <span class='ocrx_word' id='word_1_389' title='bbox 1253 2760 1315 2798; x_wconf 89' lang='lat' dir='ltr'>Ad</span> <span class='ocrx_word' id='word_1_390' title='bbox 1336 2775 1425 2798; x_wconf 79' lang='lat' dir='ltr'>ver-</span> 
     </span>
     <span class='ocr_line' id='line_1_79' title="bbox 758 2818 1422 2872; baseline -0.014 -11"><span class='ocrx_word' id='word_1_391' title='bbox 758 2820 850 2856; x_wconf 85' lang='lat' dir='ltr'>bum</span> <span class='ocrx_word' id='word_1_392' title='bbox 867 2820 1155 2872; x_wconf 78' lang='grc' dir='ltr'><em>διαπειρᾶσθαι</em></span> <span class='ocrx_word' id='word_1_393' title='bbox 1167 2818 1268 2856; x_wconf 80' lang='lat' dir='ltr'>conf.</span> <span class='ocrx_word' id='word_1_394' title='bbox 1278 2819 1343 2865; x_wconf 86' lang='lat'>111,</span> <span class='ocrx_word' id='word_1_395' title='bbox 1359 2818 1422 2858; x_wconf 82' lang='lat'>14.</span> 
     </span>
    </p>
   </div>
  </div>
 </body>
</html>
