1851 3181
438 201 524 241 518

835 196 1307 234 HERODOTI

440 305 608 364 ,,φοραὶ
646 306 1022 360 προσπίπτουσαι,
1061 305 1135 347 καὶ
1179 305 1225 349 αἱ
1262 307 1419 348 νοῦσοι
1470 302 1713 356 συνταράσ-

440 385 649 429 ,,σουσαι,
702 373 776 417 καὶ
811 373 986 429 βραχύν
1028 371 1156 416 ἐόντα
1188 372 1362 428 μακρὸν
1400 371 1570 416 δοκέειν
1604 368 1716 414 εἶναι

411 453 433 485 6
447 445 645 498 ,,ποιεῦσι
691 439 770 485 τόν
808 444 923 497 βίον.

985 439 1099 484 οὕτω
1130 440 1154 484 ὁ
1184 440 1262 496 μὲν
1304 440 1520 492 θάνατος,
1551 444 1770 495 puzan-75

440 514 547 567 ,,ρῆς
580 508 736 565 ἐούσης
765 513 840 565 τῆς
869 507 983 564 ζόης,
1013 507 1243 565 καταφυγὴ
1274 507 1537 563 αἱρετωτάτη
1557 512 1618 565 τῷ
1641 507 1714 551 ἀν-

439 577 634 635 „aquina
664 578 829 632 γέγονε·
860 576 883 621 ὁ
915 577 963 621 δὲ
991 576 1110 628 θεὸς,
1139 577 1305 632 γλυκύν
1320 576 1479 633 γεύσας
1506 575 1584 619 τόν
1615 577 1716 619 αἰῶ-

313 646 379 691 4Ί
437 665 542 700 „vm
605 643 831 701 φθονερὸς
871 644 919 688 ἐν
961 643 1081 704 αὐτῷ
1122 642 1364 698 εὑρίσκεται
1424 643 1550 687 ἐών.“
1609 641 1716 696 Ξέρ-

441 721 514 770 ξης
544 713 590 757 δὲ
621 711 822 768 ἀμείβετο
849 713 1009 768 λέγων·
1044 710 1323 768 ,,Ἀρτα’βανε,
1347 715 1495 766 βιοτῆς
1523 711 1602 767 μέν
1631 727 1716 753 νυν

440 780 754 837 »ἀνθρωπηίης
798 780 921 836 πέρι,
969 778 1125 836 ἐούσης
1173 779 1377 836 τοιαύτης
1420 780 1519 835 οἴην
1547 794 1626 834 περ
1657 777 1712 823 σύ
1728 784 1774 818 80

384 942 574 990 πτουσαι]
596 940 712 993 Apud
733 942 946 979 stobaeum
967 940 1053 993 (qui

384 999 556 1046 XCVIII,
590 1001 644 1039 62
678 999 730 1036 Τ.
768 1000 821 1034 III
851 1011 941 1050 pag.
970 1000 1051 1039 293

386 1054 576 1092 Gaisford.
609 1054 704 1092 haec
740 1057 908 1092 excitans
937 1054 1054 1092 habet

385 1111 728 1162 προσπίπτουσαι)
749 1126 788 1163 p.
814 1111 907 1160 536,
940 1116 963 1153 3
997 1109 1051 1163 (p.

386 1171 467 1210 298
488 1170 556 1218 G.)
579 1176 634 1205 est
662 1169 958 1219 συμπίπτουσαι
995 1175 1055 1204 at-

386 1238 463 1277 que
482 1226 533 1261 ita
554 1226 669 1261 etiam
696 1224 936 1262 Herodotum
957 1226 1052 1261 scri-

387 1283 504 1332 psisse
523 1289 632 1332 putat
642 1280 909 1329 Valckenaer.,
931 1282 1051 1318 citans

387 1337 571 1389 Thucyd,
602 1339 667 1387 III,
698 1340 765 1378 60.
795 1339 858 1386 IV,
881 1340 949 1379 68.
971 1339 1053 1373 He-

388 1393 472 1432 rod.
501 1396 530 1443 I,
558 1397 647 1435 139.
678 1395 721 1441 V,
744 1394 810 1436 35.
859 1393 1053 1447 Equidem

389 1452 452 1489 vel
480 1452 528 1488 ob
562 1450 790 1487 antecedens
821 1449 1054 1502 συμφοραὶ

389 1506 484 1544 nihil
518 1510 713 1546 mutarim.
784 1509 1055 1558 Intelliguntur

390 1571 521 1601 autem
553 1564 775 1601 calamitates
809 1565 946 1612 subito,
979 1566 1055 1602 ino-

387 1623 512 1672 pinato
523 1621 737 1659 incidentes:
770 1620 818 1657 ad
840 1634 933 1673 quas
953 1620 1057 1657 indi-

393 1676 532 1715 candas
579 1679 722 1728 optime
767 1680 883 1714 utitur
920 1679 1056 1714 Noster

391 1735 508 1772 verbo
519 1735 792 1785 προσπίπτειν.
804 1757 857 1762 --
873 1735 949 1771 Pro
961 1747 1057 1772 συν-

391 1788 661 1841 ταράσσουσαι
696 1804 795 1827 unus
835 1789 921 1828 eod.
967 1803 1057 1827 cum

392 1849 559 1886 Stobaeo
586 1844 905 1899 συνταράσσουσι
916 1875 932 1892 ,
954 1846 1058 1899 quod

394 1903 534 1941 arridet
560 1905 843 1954 Wesseliugio,
884 1904 1059 1955 iuugenti

394 1961 438 2000 αἱ
470 1963 613 2000 νοῦσοι
645 1956 967 2012 συνταράσσουσι
992 1959 1060 1999 καὶ

393 2019 567 2057 ποιεῦσι.
660 2018 711 2054 At
749 2024 851 2054 recte
885 2018 1060 2055 observat

396 2072 617 2124 Schweigh.
647 2073 716 2112 καὶ
752 2073 800 2111 ad
820 2075 934 2111 verba
956 2075 1061 2126 βρα-

395 2127 468 2180 χύν
481 2126 591 2169 ἐόντα
601 2132 722 2180 pertin
728 2144 801 2178 ere,
815 2138 856 2167 ut
866 2132 925 2168 sit:
938 2143 1062 2180 quam-

395 2188 449 2224 vis
469 2187 580 2223 brevis
602 2189 650 2223 sit
681 2186 811 2235 (vita).

454 2238 559 2281 οὕτω
593 2240 617 2281 ό
648 2240 721 2292 μὲν
754 2239 953 2291 θάνατος,
986 2257 1060 2293 μο-

395 2300 554 2350 χθηρῆς
583 2295 727 2347 ἐούσης
748 2313 785 2337 κ.
821 2314 854 2336 τ.
874 2300 926 2346 L]
961 2299 1060 2335 Citat

395 2352 570 2393 Eustath.
598 2353 645 2390 ad
675 2355 718 2395 11,
740 2367 829 2405 pag.
858 2353 953 2401 411,
975 2357 1000 2395 7
1030 2368 1058 2393 s,

397 2414 492 2458 311,
529 2409 596 2451 34.
654 2410 717 2447 Ad
749 2413 871 2461 ipsam
903 2417 1060 2447 senten—

397 2469 489 2505 tiam
512 2474 597 2517 apte
618 2468 734 2504 citant
764 2468 916 2505 Sallust.
949 2468 1059 2504 Catil.

398 2523 465 2572 50,
486 2524 552 2562 ubi
569 2525 697 2561 Wass.
719 2531 756 2560 et
786 2522 1003 2560 Herodotea
1024 2531 1060 2561 et

398 2581 470 2617 alia
499 2581 709 2617 consimilia
739 2587 913 2617 veterum
938 2581 1062 2618 attulit

400 2636 512 2685 dicta,
535 2638 620 2674 coll.
632 2636 783 2674 Choric.
795 2637 897 2674 Orat.
910 2638 948 2672 iu
964 2638 1063 2674 Pro-

400 2695 554 2744 copium
590 2707 649 2744 cp.
672 2693 746 2741 24,
769 2695 834 2745 qui
854 2692 927 2730 hoc
948 2694 1063 2730 Arta-

401 2750 489 2786 bani
510 2749 668 2786 effatum
686 2749 867 2788 laudavit.

456 2804 604 2858 γλυκύν
640 2804 784 2859 γεύσας
814 2802 881 2847 τὸν
903 2805 1062 2855 αἰῶνα]

1109 937 1253 994 γεύσας
1274 939 1389 978 habet
1408 938 1603 977 Plutarch.
1622 941 1659 977 11
1685 951 1776 990 pag.

1113 1001 1221 1039 1106
1266 1000 1310 1036 F.
1353 999 1524 1049 itemque
1587 997 1775 1035 Stobaeus

1111 1056 1278 1095 Sermm.
1301 1055 1428 1092 CXXI
1450 1054 1596 1105 (CXX)
1618 1054 1671 1094 40
1686 1066 1776 1103 pag.

1112 1115 1190 1152 611
1229 1110 1285 1163 (p.
1305 1110 1384 1152 485
1403 1109 1551 1163 Gaisf.)‚
1583 1111 1650 1162 qui
1671 1109 1776 1146 idem

1111 1175 1274 1220 utroque
1294 1169 1360 1204 illo
1381 1169 1486 1215 loco,
1521 1180 1638 1218 quem
1657 1166 1775 1203 modo

1111 1224 1350 1263 laudavimus
1363 1255 1372 1272 ,
1411 1225 1477 1261 ubi
1514 1222 1607 1260 haec
1639 1222 1777 1259 eadem

1109 1281 1219 1318 affert
1240 1280 1468 1329 Herodotea,
1490 1279 1605 1316 habet
1624 1280 1687 1317 vel
1706 1274 1777 1318 τά·-

1111 1340 1179 1386 ξας
1199 1339 1262 1376 vel
1297 1334 1436 1384 τεύξας
1457 1338 1518 1375 vel
1537 1335 1693 1384 πλέξας,
1729 1334 1778 1373 de

1112 1408 1187 1445 qua
1217 1396 1382 1432 lectione
1410 1393 1513 1431 conf.
1533 1400 1629 1430 nott.
1662 1392 1711 1429 ad
1730 1393 1777 1439 V,

1111 1454 1165 1492 92
1187 1453 1225 1496 ξ.
1247 1454 1287 1492 6.
1344 1452 1407 1487 Ex
1427 1449 1652 1487 Herodoteis
1674 1450 1778 1487 libris

1111 1509 1217 1545 nulla
1255 1514 1431 1545 enotatur
1460 1508 1632 1544 lectionis
1650 1507 1779 1543 varie-

1112 1572 1180 1603 tas.
1215 1565 1341 1602 Verbo
1362 1559 1496 1617 γεύειν
1517 1565 1638 1601 activa
1648 1564 1779 1600 notio—

1112 1635 1162 1657 ne
1172 1620 1233 1658 hic
1246 1620 1415 1658 adhibito
1433 1619 1667 1670 (gustandum
1671 1632 1780 1670 prae-

1113 1678 1199 1725 bere,
1223 1682 1368 1726 gustum
1395 1673 1510 1727 dare)
1551 1679 1688 1714 Noster
1708 1675 1780 1713 ad-

1113 1737 1250 1771 struxit
1289 1735 1546 1771 accusativum
1562 1763 1572 1782 ,
1614 1732 1662 1769 de
1701 1745 1779 1784 quo

1113 1790 1191 1828 vid.
1212 1789 1346 1829 Matth.
1359 1791 1423 1827 Gr.
1435 1791 1501 1829 Gr.
1513 1803 1550 1841 p.
1567 1787 1780 1830 772.Add.

1114 1847 1227 1885 Held.
1250 1847 1299 1884 ad
1317 1845 1513 1883 Plutarch.
1535 1846 1775 1883 Timoleont-

1114 1917 1203 1955 pag.
1237 1907 1331 1945 327.
1360 1902 1655 1941 Valckenaerius
1677 1909 1781 1940 attu—

1115 1962 1159 1998 lit
1174 1959 1315 1998 Athen.
1336 1962 1354 1996 I
1367 1962 1467 2010 p.28
1484 1961 1527 1996 F.
1541 1960 1626 1996 alia.
1650 1982 1701 1987 —-
1721 1960 1780 1995 De

1115 2018 1175 2055 deo
1200 2018 1318 2055 invido
1338 2016 1416 2054 vid.
1438 2029 1537 2068 quae
1578 2016 1779 2053 citavimus

1117 2074 1166 2111 ad
1185 2075 1266 2122 VII,
1291 2076 1342 2113 10
1363 2075 1399 2119 ξ.
1422 2073 1461 2114 5.
1491 2094 1536 2100 -
1575 2074 1651 2109 Pro
1673 2076 1780 2122 φθο·

1118 2128 1228 2182 νερὸς
1253 2130 1439 2167 Stobaeus
1462 2131 1527 2177 98,
1549 2131 1603 2168 62
1625 2132 1677 2178 (p.
1698 2130 1780 2169 533

1115 2201 1146 2224 s.
1186 2185 1285 2238 293)
1327 2185 1482 2222 exhibet
1517 2180 1779 2232 δυσξύνετοςτ,

1117 2243 1221 2295 quod
1236 2243 1339 2279 idem
1361 2244 1426 2290 98,
1448 2244 1500 2282 73
1521 2241 1588 2277 fin.
1618 2240 1675 2291 (p.
1697 2240 1779 2282 536

1115 2313 1144 2338 s.
1168 2313 1204 2349 p.
1237 2299 1337 2347 298)
1367 2300 1407 2334 in
1427 2299 1599 2348 margine
1621 2299 1778 2336 Gesner.

1117 2363 1238 2392 exstat
1251 2386 1260 2403 ,
1291 2356 1358 2392 ubi
1378 2356 1417 2391 in
1438 2356 1520 2406 ipso
1540 2361 1653 2392 textu‘
1677 2360 1779 2391 recte

1117 2409 1334 2464 φθονερός.

1319 2503 1411 2552 Cap.
1434 2501 1587 2539 XLVII.

1174 2574 1317 2630 ἐούσης
1339 2576 1524 2630 τοιαύτης
1541 2609 1551 2627 ,
1594 2579 1684 2630 οἵην
1705 2591 1778 2628 περ

1120 2633 1167 2676 σύ
1193 2634 1362 2687 διαιρέαι
1403 2632 1537 2685 εἶναι]
1585 2635 1646 2673 Ad
1664 2633 1777 2685 parti-

1119 2694 1261 2744 cipium
1291 2689 1434 2742 ἐούσης
1473 2694 1617 2730 consul.
1645 2688 1777 2726 Matth.

1121 2751 1187 2787 Gr.
1216 2751 1282 2786 Gr.
1302 2762 1391 2800 pag.
1413 2751 1507 2796 207,
1529 2750 1593 2801 qui
1616 2745 1719 2784 idem
1739 2759 1779 2796 p.

1122 2807 1204 2848 379
1225 2805 1321 2846 exh.
1337 2807 1363 2844 l.
1380 2806 1470 2842 citat
1489 2801 1689 2857 διαιρὲεαι,
1709 2815 1780 2840 cu-
