1851 3181
304 677 405 725 128

131 740 222 768 Proci
241 750 297 776 per
322 752 376 770 an-

131 782 225 802 nuum
244 777 323 811 spati
328 786 375 804 um

131 808 265 883 §.21¹4
271 811 368 871 {¹30¹
362 811 407 871 {3’
393 852 407 872 ε

130 878 391 969 ξιξεῖΐιῖοὒειῗῐῖῃι-
331 920 366 938 ur

131 944 179 1004 Ξῖ
184 953 357 1017 geinlttmlsnesl:
366 979 409 1006 al

131 1015 199 1073 ἓεθδο
227 1011 386 1048 Hippocli-

465 239 551 280 4⁰6

866 235 1330 274 HERODOTI

466 342 586 399 παροέ
616 345 816 397 Κροῖσον
846 341 1142 399 ἀπικομένου,
1180 345 1252 388 καὶ
1281 345 1414 397 ἄλλος
1436 344 1733 402 Ἱπποκλείδης

469 412 740 466 Τισάνδρου,
770 411 946 469 πλούτῳ
976 413 1049 456 καὶ
1079 415 1184 457 εἴδεϊ
1210 413 1450 469 προφέρων
1477 413 1732 471 Ἀθηναίων.

436 480 555 524 ὀάπό
594 479 641 523 δὲ
673 477 914 538 Ἐρετρίης,
966 479 1183 538 ἀνθεύσης
1230 486 1392 525 τοῦτον
1441 480 1522 525 τόν
1558 483 1731 539 χρόνον,

465 550 711 603 Λυσανίης·
751 542 881 599 οὗτος
921 549 969 593 δὲ
1007 548 1084 593 ἀπ’
1127 549 1321 606 Εὐβοίης
1361 554 1539 605 μοῦνος.
1598 550 1646 594 ἐκ
1684 553 1788 596 δὲ75

468 619 707 673 Θεσσαλίης
735 609 844 673 ἦλθε
873 621 962 660 τῶν
994 618 1261 663 Σκοπαδέων
1289 619 1584 674 Διακτορίδης
1612 621 1733 673 Κρα-

462 684 643 735 νώνιος·
683 684 730 728 ἐκ
768 685 815 728 δὲ
855 688 1131 739 Μολοσσῶν,
1164 686 1347 730 Ἄλκων.

1409 690 1624 730 Τοσοῦτοι
1652 687 1732 743 μὲν

467 753 669 809 ἐγένοντο
700 754 745 798 οἱ
780 759 1032 810 μνηστῆρες.
1086 753 1378 810 ’Λπικομένων
1417 754 1463 798 δὲ
1490 751 1662 801 τούτων
1690 755 1733 807 ἐς

464 821 546 878 την
576 822 895 878 προειρημένην
918 822 1107 880 ἡμέρην,
1138 822 1162 867 ὁ
1182 821 1450 878 Κλεισθένης
1476 826 1627 876 πρῶτα
1655 824 1736 879 μὲν
1791 813 1851 858 49⁴⁴

465 889 543 941 τοὶς
570 888 737 945 πάτρας
765 907 809 936 τε
832 890 978 935 αὐτῶν
1000 891 1257 946 ἀνεπύθετο,
1287 893 1361 937 καὶ
1378 893 1505 948 γένος
1528 892 1714 937 ἑκάστου
1729 900 1789 934 ’80

468 957 574 1014 μετα
605 958 673 1009 δὲ,
713 958 906 1015 κατέχων
935 960 1159 1015 ἐνιαυτόν,
1200 964 1442 1016 διεπειρᾶτο
1479 959 1629 1004 αὐτῶν
1656 964 1734 1017 τῆς

467 1042 514 1070 τε,
543 1024 862 1084 ἀνδραγαθίης,
904 1030 978 1072 καὶ
1006 1032 1081 1084 τῆς
1111 1026 1265 1086 ὀργῆς,
1307 1031 1382 1074 καὶ
1408 1027 1662 1081 παιδεύσιός
1689 1045 1734 1073 τε

464 1094 537 1138 καὶ
566 1094 755 1150 τρόπου·
794 1097 869 1139 καὶ
898 1095 964 1139 ἑνὶ
991 1094 1155 1156 ἑκάστῳ
1196 1097 1277 1141 ἰών
1315 1099 1358 1150 ἐς
1387 1099 1631 1154 συνουσίην
1658 1097 1733 1141 καὶ

465 1161 705 1217 συνάπασι,
735 1164 810 1207 καὶ
838 1164 882 1216 ἐς
909 1164 1134 1220 γυμνάσιά
1164 1181 1208 1209 τε
1239 1165 1471 1221 ἐξαγινέων
1501 1163 1599 1210 ὅσοι
1620 1161 1733 1221 ἦσαν
1745 1170 1788 1204 85

408 1383 485 1418 Pro
521 1381 653 1422 Παίου
679 1384 782 1420 male
809 1384 897 1421 libri
926 1385 1073 1437 aliquot

411 1434 575 1503 Πάγου,
617 1439 810 1476 Sancrofti
849 1441 944 1478 liber
967 1444 1072 1481 Παι-

411 1490 611 1543 ουπολιος,
621 1495 726 1533 unde
735 1498 842 1535 Paw.
862 1499 1071 1549 suspicatus

413 1559 493 1588 erat
507 1549 820 1600 Παλαιοπόλιος.
876 1556 961 1606 Ipsa
981 1556 1071 1593 urbs

410 1607 459 1644 ad
477 1607 679 1646 Ladonem
699 1610 891 1648 fluvium
880 1625 921 1648 in
942 1625 987 1648 ea
996 1613 1072 1648 Ar—

409 1663 540 1702 cadiae
567 1674 674 1715 parte
696 1666 942 1717 occidentali,
972 1682 1071 1721 quae

407 1720 456 1758 ad
474 1722 663 1760 Azaniam
680 1731 821 1761 teiram
843 1724 936 1775 (vid.
957 1727 1071 1763 Man-

409 1785 506 1815 nert.
528 1779 615 1816 VIII
634 1794 670 1831 p
693 1780 794 1831 429)
824 1783 1069 1830 referebatur,

407 1842 598 1872 exstructa
607 1836 736 1875 fertur.
749 1839 942 1890 Reliquias
956 1852 1072 1891 quas-

410 1891 502 1929 dam
532 1902 811 1932 commemorat
837 1897 949 1935 Paus.
969 1897 1070 1945 VIII,

407 1951 474 1996 23,
497 1951 535 1989 6.
554 1972 611 1978 -
649 1950 713 1989 Ad
743 1954 1002 1990 narrationem
1022 1952 1070 1990 de

406 2006 598 2044 Dioscuris
606 2006 770 2060 hospitio
780 2011 939 2061 receptis
950 2011 1071 2048 Wes-

408 2063 543 2112 seliug.
565 2065 712 2103 confert
730 2067 895 2103 similem
915 2069 1070 2105 Plutar-

406 2116 469 2154 chi
489 2120 524 2154 ΙΙ
539 2133 578 2170 p.
602 2123 708 2162 1103
727 2124 775 2161 A.
797 2122 844 2160 de
863 2123 1072 2162 Phormio-

405 2187 457 2211 ne
490 2175 700 2226 Spartauo,
730 2181 797 2231 qui
826 2187 864 2218 et
882 2183 963 2232 ipse
985 2183 1069 2219 illos

407 2233 599 2282 excepisse
620 2232 828 2274 dicebatur.
868 2233 1069 2276 Pro'Ovo-

406 2285 550 2338 μαστὸς
572 2289 731 2329 Siebelis
752 2291 800 2329 ad
829 2293 992 2330 Pausan.
1021 2295 1066 2342 V,

405 2347 431 2386 8
454 2345 492 2389 §0
516 2347 540 2383 3
565 2345 701 2396 refingi
728 2350 810 2386 vult
827 2344 1070 2401 Ὀνόμαστος

406 2407 567 2438 accentu
586 2410 760 2442 retracto.

464 2455 626 2512 πλουτῳ
647 2459 714 2499 καὶ
739 2460 837 2501 εἴδεϊ
853 2459 1070 2513 προφέρων

405 2500 671 2566 Ἀθηναίων]
699 2517 726 2554 i.
740 2531 771 2555 e.
793 2518 931 2556 devitiis
946 2522 979 2555 et
992 2532 1071 2556 cor-

405 2573 502 2622 poris
515 2572 617 2623 facie
640 2573 883 2624 (venustate)
908 2588 997 2625 prae
1016 2589 1070 2613 ce-

408 2631 492 2666 teris
512 2629 780 2669 Atheniensibus
799 2631 978 2669 excellens.
1011 2634 1070 2669 De

408 2691 596 2722 structura
615 2688 721 2724 verbi
741 2686 960 2740 προφέρειν
980 2702 1069 2726 mo-

408 2743 562 2779 nuimus
584 2741 633 2779 ad
652 2744 681 2792 Ι,
708 2747 753 2792 1;
784 2743 832 2782 de
847 2757 941 2782 voce
963 2741 1069 2793 εἶδος

409 2799 510 2835 conf.
534 2800 634 2847 vm,
667 2801 760 2842 105.
799 2804 890 2843 113.
919 2802 948 2848 1,
974 2804 1065 2842 199.

407 2856 464 2891 De
477 2855 657 2894 Tisandri
678 2864 792 2910 atque
813 2856 1064 2909 Hippoclidae

1127 1390 1243 1434 gente
1264 1381 1436 1422 Schultz.
1450 1396 1539 1434 pag.
1553 1386 1572 1423 1
1582 1386 1602 1424 1
1616 1396 1696 1435 seq.
1709 1390 1790 1421 not.

1127 1444 1181 1481 26
1211 1442 1299 1477 citat
1329 1441 1518 1478 Hellanici
1550 1440 1731 1491 fragmm.
1750 1454 1791 1491 p.

1128 1497 1182 1538 50
1210 1511 1315 1550 seqq.
1347 1497 1471 1535 Sturz.
1503 1496 1552 1534 ad
1578 1496 1791 1548 Pherecyd-

1126 1554 1308 1605 sragmm.
1328 1568 1367 1605 p.
1399 1555 1452 1594 99
1473 1553 1531 1593 ed.
1544 1555 1672 1605 prior„
1693 1556 1792 1591 Lar-

1128 1609 1288 1648 cherum
1323 1612 1492 1662 aliosque
1521 1614 1659 1648 merito
1687 1612 1791 1649 vitu-

1127 1681 1276 1718 perans,
1290 1666 1394 1719 quod
1403 1667 1672 1718 Hippoclidam
1685 1666 1790 1704 hunc

1127 1725 1268 1762 faciant
1304 1737 1421 1762 avum
1457 1723 1637 1761 Miltiadis
1674 1725 1789 1772 illius,

1129 1782 1191 1834 qui
1224 1794 1258 1819 a.
1291 1779 1378 1817 Chr.
1399 1794 1441 1818 n.
1470 1781 1553 1823 560
1574 1779 1790 1818 Chersone-

1127 1851 1214 1876 sum
1244 1836 1468 1876 condiderit.
1525 1839 1626 1874 Nam
1666 1838 1790 1875 obstat

1126 1901 1347 1946 temporum
1374 1895 1470 1931 ratio
1483 1922 1493 1941 ‚
1514 1907 1605 1931 cum
1625 1895 1789 1931 minime

1125 1953 1173 1989 sit
1191 1952 1272 1990 veri
1289 1951 1412 1989 simile
1423 1980 1433 2000 ,
1464 1963 1567 2000 eum,
1598 1952 1667 2004 qui
1685 1964 1788 1989 anno

1129 2010 1212 2050 576
1241 2009 1304 2047 vel
1334 2008 1417 2050 570
1450 2008 1551 2045 inter
1589 2009 1788 2058 Agaristae

1126 2078 1262 2117 procos
1283 2065 1457 2117 apparuit
1484 2065 1650 2117 satisque
1675 2065 1788 2103 iuve-

1130 2124 1257 2159 niliter
1276 2136 1316 2160 se
1335 2123 1449 2172 gessit
1464 2150 1474 2169 ‚
1503 2129 1687 2172 nepotem
1714 2120 1791 2159 ha-

1126 2180 1268 2227 buisse,
1300 2181 1366 2230 qui
1387 2178 1521 2215 decem
1537 2185 1603 2215 aut
1622 2177 1790 2216 sedecim

1124 2243 1210 2286 post
1241 2237 1349 2272 annis
1382 2233 1663 2272 Chersonesum
1692 2248 1789 2272 con-

1126 2291 1276 2329 diderit.
1295 2313 1352 2320 —-
1371 2292 1430 2327 De
1460 2289 1651 2342 Scopadis,
1672 2298 1788 2342 gente

1123 2361 1192 2399 per
1211 2347 1450 2386 Thessaliam
1477 2349 1713 2385 nobilissima
1743 2361 1788 2386 ac

1124 2405 1306 2442 ditissima
1326 2403 1502 2443 Schultz.
1527 2405 1555 2443 l.
1582 2405 1607 2443 l.
1627 2417 1717 2456 pag.
1735 2406 1787 2446 12

1125 2468 1204 2500 not.
1235 2465 1289 2503 28
1318 2462 1429 2513 plura
1458 2462 1568 2499 citat:
1608 2462 1787 2498 Perizon.

1127 2517 1176 2555 ad
1185 2519 1333 2556 Aelian.
1346 2519 1392 2556 V.
1401 2520 1450 2555 H.
1462 2519 1549 2567 XII,
1565 2520 1599 2558 1.
1610 2516 1786 2555 Boeckh.

1125 2576 1331 2627 Explicatt.
1358 2574 1408 2612 ad
1427 2574 1584 2613 Pindar.
1615 2573 1785 2627 Pyth.x

1126 2645 1215 2684 pag.
1246 2635 1326 2674 333
1348 2645 1428 2684 seq.

1296 2722 1389 2775 Cap.
1406 2721 1614 2760 CXXVIII.

1179 2797 1448 2851 Ἀπικομένων
1461 2797 1503 2840 δὲ
1513 2793 1784 2847 τούτων]τού-

1123 2872 1201 2897 των
1222 2865 1259 2895 et
1278 2853 1412 2897 αυτῶν
1432 2855 1521 2894 dedi
1538 2868 1608 2907 pro
1627 2850 1782 2895 avt-‘scm‘
