1806 3181
455 222 539 262 626

425 328 618 374 Ξθάνετο
647 325 771 369 εἶναι.

849 212 1311 252 HERODOTI

833 323 892 376 ὥς
921 324 966 368 δὲ
992 320 1261 377 ἐπεθύμησε,
1290 320 1360 364 καὶ
1393 317 1530 362 ἐποίεε
1559 319 1710 361 ταῦτα.

454 395 583 451 ἐσβὰς
620 394 664 446 ἐς
706 393 931 448 Σιδωνίην
962 391 1064 442 νέα,
1113 389 1156 440 ἐς
1184 388 1262 445 τήν
1291 403 1371 440 περ
1404 387 1597 443 ἐσέβαινε
1628 384 1713 428 αἰεὶ

457 464 570 515 ὅκως
609 479 650 506 τι
689 460 834 505 ἐθέλοι
869 463 1042 503 τοιοῦτο
1083 460 1288 512 ποιῆσαι,
1327 454 1494 506 ἀνέδεξε
1525 452 1713 510 σημήϊον

455 532 528 576 καὶ
559 536 671 575 τοῖσι
700 528 868 573 ἄλλοισι
898 526 1163 582 ἀνοίγεσθαι,
1190 523 1438 568 καταλιπών
1468 520 1607 565 αὐτοῦ
1635 518 1713 562 τὸν
1768 535 1806 578 5(

428 598 591 652 3πεζόν
642 596 838 651 στρατόν.
896 595 984 639 ἐπεὶ
1031 594 1076 638 δὲ
1114 592 1309 642 ἀπίκετο,

1379 591 1451 634 καὶ
1505 587 1716 645 ἐθεήσατο
1725 593 1768 629 51

457 667 617 722 Ξέρξης
655 666 735 721 τήν
774 662 958 720 ἐκβολὴν
996 666 1076 705 τοῦ
1108 662 1313 717 Πηνειοῦ,
1346 659 1391 702 ἐν
1414 657 1617 712 θωύματι
1646 671 1716 710 με·

456 733 575 791 γάλῳ
617 732 820 788 ἐνέσχετο.
879 729 1061 781 καλέσας
1103 730 1148 772 δὲ
1187 726 1291 778 τούς
1320 725 1613 781 κατηγεμόνας
1641 727 1717 780 τῆς

457 802 592 855 ὁδοῦ,
625 804 760 856 εἴρετο
793 801 828 842 εἰ
856 798 935 842 τόν
964 798 1161 851 ποταμὸν
1191 797 1279 840 ἔστι
1308 794 1645 848 παρατρέψαντα
1675 792 1717 836 ἓ-

300 885 400 929 129
456 871 559 929 τέρῃ
602 871 646 922 ἐς
682 868 911 913 θάλασσαν
949 866 1181 922 ἐξαγαγεῖν.

127 948 309 977 Thessaliae
326 948 366 976 si-

128 987 185 1011 tus.
206 982 354 1011 Planities

401 1072 470 1111 pro
489 1065 661 1096 veterum
681 1056 819 1094 Gonno
840 1052 972 1091 haberi
991 1064 1057 1089 vo-

400 1117 485 1154 lunt
512 1115 695 1166 Walpole
717 1111 843 1165 (apud
872 1109 1057 1147 Vaudon-

402 1179 509 1211 court
537 1173 563 1210 l.
594 1172 619 1208 l.
648 1184 735 1222 pag.
769 1171 850 1210 300
877 1181 970 1218 seq.‚
990 1166 1057 1202 ubi

401 1230 510 1281 plura
527 1228 573 1265 de
601 1226 672 1264 hac
703 1227 859 1276 regione
889 1224 1058 1260 afferun-

400 1287 480 1335 tur)
504 1293 540 1322 et
561 1283 744 1321 Hawkins
766 1280 874 1334 (ibid.
903 1294 940 1331 p.
963 1282 1058 1320 312.

400 1341 479 1384 343
501 1342 625 1393 seq.);
657 1339 899 1378 dissentiente
929 1338 1059 1373 Pouc-

400 1399 579 1451 quevillio
601 1399 648 1447 (Ι,
669 1399 695 1437 2
717 1409 798 1446 cap.
820 1398 873 1436 76
895 1391 1058 1444 p.406)‚

403 1456 469 1507 qui
491 1456 650 1493 Gonnum
680 1466 724 1490 eo
746 1454 830 1489 loeo
851 1451 962 1487 fuisse
983 1455 1061 1485 sta-

401 1513 485 1559 tuit,
516 1524 591 1563 quo
612 1523 714 1547 nunc
741 1509 812 1546 Oro
831 1507 975 1545 Castron
997 1518 1062 1541 ca-·

402 1569 566 1607 stellum.
624 1568 682 1603 Ibi
712 1566 817 1602 enim
847 1566 909 1600 via
930 1563 1063 1599 arctis-

403 1626 497 1662 sima
527 1625 682 1676 rupibus
719 1623 897 1672 utrinque
927 1620 1061 1665 cincta,

403 1683 543 1734 quibus
585 1682 676 1717 olim
710 1692 778 1715 arx
808 1681 1062 1728 superstructa

403 1738 496 1786 fuit,
538 1739 644 1774 cuius
670 1735 823 1772 moenia
854 1731 978 1770 adhuc
999 1744 1062 1768 su-

401 1800 569 1846 persunt.
610 1795 760 1830 Nomen
783 1791 896 1837 arcis,
917 1796 958 1825 ut
969 1787 1061 1835 dixi,

405 1851 478 1888 Oro
501 1850 652 1887 Castron
671 1851 697 1886 i.
720 1862 752 1888 e.
775 1860 843 1883 arx
862 1852 1060 1891 montana,

404 1906 647 1957 Bergsclzloss.
685 1929 689 1933 -
715 1907 842 1956 Atque
889 1903 1062 1939 locorum

405 1963 622 2005 distantiam
641 1973 848 2013 congruere
870 1958 975 1996 idem
995 1959 1062 1995 ob-

405 2028 540 2058 servat.

460 2085 579 2138 ἐσβοῖς
598 2086 636 2134 ἐς
652 2084 855 2134 Σιδωνίην
870 2082 960 2133 νέα]
982 2083 1063 2119 Vo-

406 2144 531 2181 culam
562 2139 602 2182 6’
623 2150 709 2179 aute
731 2141 771 2188 ἐς
795 2154 843 2178 ex
863 2153 940 2177 uno
963 2140 1064 2177 San-

406 2200 515 2236 crofti
535 2200 630 2236 libro
662 2212 684 2235 a
708 2196 913 2236 Schaefero
941 2197 1063 2233 inser-

406 2263 487 2292 tam
508 2255 685 2306 equidem
701 2267 790 2291 cum
801 2255 953 2305 reliquis
975 2251 1062 2289 edd.

409 2311 546 2349 delevi.
604 2310 667 2347 Ad
699 2305 855 2357 ἀνέδεξε
885 2310 936 2350 cf.
967 2315 1063 2348 nott.

410 2367 459 2405 ad
480 2368 540 2415 VI,
565 2369 654 2406 121.

462 2430 692 2474 καταλιπών
709 2428 834 2472 αὐτοῦ
858 2428 923 2470 τὸν
944 2428 1060 2477 πεζὸν

405 2487 598 2542 στρατὸν]
647 2485 774 2528 αὐτοῦ
800 2487 847 2525 ad
879 2487 1061 2525 Thermum

407 2547 543 2585 refero.
599 2547 692 2584 Mox
707 2541 892 2594 θωύματι
912 2543 1062 2594 reposui

407 2617 476 2656 pro
507 2599 680 2654 θώματι.
755 2601 817 2638 Ad
844 2601 950 2638 verbi
979 2597 1063 2638 ἐνέ-

407 2665 549 2711 χεσθαι
568 2673 678 2696 usum
698 2659 738 2695 in
757 2658 892 2696 talibus
923 2657 971 2693 cf.
1002 2656 1060 2691 al—

407 2718 483 2754 lata
503 2716 551 2754 ad
569 2717 632 2764 1V,
646 2717 712 2758 56.
724 2737 780 2743 —-
808 2716 852 2751 Iu
871 2726 977 2765 seqq.
990 2725 1059 2763 pro

406 2768 583 2824 ποταμόν
599 2771 678 2812 ἐστι
698 2771 854 2810 exhibui
879 2766 1059 2818 ποταμόν

405 2829 499 2870 ἔστι.
555 2827 617 2866 Ad
636 2841 772 2867 vocem
790 2821 1060 2879 κατηγεμόνας

1255 862 1345 919 Τὴν
1385 862 1431 906 δὲ
1477 861 1773 916 Θεσσαλίην55

1113 1050 1214 1089 conf.
1235 1050 1282 1099 V,
1306 1047 1355 1089 14
1376 1049 1504 1101 ibique
1524 1053 1622 1085 nott.
1670 1043 1775 1082 Add.

1114 1107 1309 1145 Schaefer.
1343 1106 1392 1144 ad
1425 1106 1551 1156 Longi
1589 1102 1773 1140 Pastoral.

1112 1177 1200 1216 pag.
1224 1165 1318 1204 387.

1171 1241 1313 1293 εἴρετο]
1353 1239 1480 1289 „Quid
1509 1245 1682 1290 spectans
1711 1237 1776 1274 in-
1804 1248 1806 1250 ·

1113 1299 1359 1349 terrogaverit
1387 1297 1459 1334 hoc
1489 1298 1659 1343 Xerxes,
1691 1307 1776 1345 cap.

1118 1359 1136 1396 1
1145 1359 1196 1396 30
1229 1354 1453 1392 declaratur.
1465 1354 1489 1373 “
1530 1352 1564 1390 S
1573 1366 1591 1390 c
1601 1352 1663 1389 hw
1675 1364 1693 1389 e
1703 1352 1777 1399 ig-

1115 1413 1139 1450 Ιι
1151 1426 1173 1450 a
1189 1425 1205 1449 e
1215 1426 1238 1449 u
1248 1426 1278 1448 s.

1300 1501 1393 1551 Cap.
1426 1495 1606 1536 CXXIX.

1180 1577 1263 1631 Τήν
1273 1577 1316 1619 δὲ
1327 1578 1549 1629 Θεσσαλίην
1564 1573 1682 1630 λόγος
1694 1574 1777 1617 ἐστὶ

1117 1633 1162 1676 τό
1173 1634 1341 1675 παλαιὸν
1353 1632 1456 1674 εἶναι
1478 1635 1641 1686 λίμνην]
1664 1631 1777 1680 Quod

1121 1693 1361 1730 Thessaliam
1381 1692 1474 1728 olim
1488 1691 1591 1727 fama
1622 1691 1695 1727 fert
1713 1697 1777 1727 to-

1117 1758 1197 1788 tam
1213 1751 1318 1802 aquis
1339 1749 1529 1785 obtectam
1539 1748 1665 1795 fuisse,
1677 1759 1776 1799 quae

1119 1814 1250 1858 aperta
1277 1807 1376 1842 inter
1397 1805 1605 1856 Olympum
1636 1810 1673 1840 et
1703 1803 1778 1840 Os-

1118 1877 1201 1901 sam
1227 1861 1384 1913 ruptura
1415 1860 1573 1898 demum
1602 1859 1651 1897 ad
1670 1872 1777 1896 mare

1120 1922 1266 1957 exitum
1285 1919 1511 1966 invenerint,
1531 1916 1572 1955 id
1585 1917 1666 1968 ipso
1686 1917 1776 1953 fau-

1119 1979 1223 2014 cium
1281 1977 1354 2013 situ
1412 1981 1569 2026 totaque
1611 1973 1777 2024 regionis

1119 2033 1362 2071 Thessalicae
1382 2030 1510 2069 indole
1522 2031 1673 2082 egregie
1684 2042 1778 2080 pro-

1117 2092 1200 2128 bari
1219 2095 1392 2127 monent.
1460 2087 1547 2125 vid.
1590 2086 1778 2124 Vaudon-
1804 2084 1806 2086 ’

1121 2153 1229 2185 court
1249 2147 1274 2183 l.
1295 2147 1321 2183 l.
1341 2158 1430 2197 pag.
1452 2147 1545 2186 300.
1559 2143 1653 2191 346,
1673 2141 1784 2180 unde·
1803 2151 1806 2189 Ι

1120 2202 1362 2241 Herodotum
1380 2202 1574 2238 verissime
1582 2198 1779 2236 tradidisse
1803 2197 1806 2238 Ι

1119 2260 1311 2298 discimus.
1369 2256 1471 2294 Add.
1499 2258 1620 2293 Kruse
1650 2256 1779 2293 Hellas
1802 2259 1806 2291 1

1118 2319 1136 2353 I
1155 2329 1243 2367 pag.
1274 2313 1369 2356 284.
1427 2313 1672 2365 Quamquam
1699 2323 1783 2364 quo

1120 2380 1293 2422 tempore
1345 2382 1466 2421 aquae
1523 2369 1776 2421 perruperint,

1117 2427 1270 2466 difficile
1309 2425 1468 2471 dixerist,
1535 2425 1584 2463 ad
1627 2435 1782 2462 aunum-

1119 2484 1225 2525 1885
1258 2496 1291 2522 a.
1315 2482 1404 2520 Chr.
1435 2483 1663 2534 plerumque
1684 2481 1775 2518 reii-

1118 2542 1244 2586 ciuntz,
1266 2538 1314 2577 ad
1334 2551 1479 2576 aunum
1501 2538 1606 2579 1541
1630 2550 1666 2575 a.
1683 2535 1774 2575 Chr.

1118 2611 1158 2634 n.
1198 2597 1328 2633 referri
1360 2597 1442 2633 vult
1471 2596 1625 2632 Dureau
1661 2592 1710 2631 de
1735 2594 1775 2631 la

1117 2654 1231 2690 Malle
1251 2650 1471 2704 Ge'ograph.
1491 2649 1642 2703 physiq.
1664 2649 1712 2687 de
1734 2649 1775 2687 la

1116 2712 1199 2748 Mer
1218 2711 1336 2748 noire.
1351 2721 1434 2760 cap.
1453 2710 1507 2749 29
1529 2720 1612 2759 seq.
1631 2719 1670 2758 p.
1691 2705 1774 2747 207

1116 2780 1223 2820 seqq.
1243 2787 1299 2794 -
1311 2765 1513 2803 caeterum
1531 2777 1581 2801 ex
1601 2767 1775 2801 accurata

1116 2823 1189 2862 hac
1216 2822 1387 2860 faucium
1406 2820 1658 2871 descriptione
1676 2819 1774 2856 beno

1797 2861 1800 2935 J
