1815 3181
95 786 162 806 rum
187 780 333 814 Aeginam

94 812 268 847 relinquere
293 821 342 840 co-

113 845 189 872 itur:
211 847 316 882 quibus

117 879 218 906 unium
229 881 264 907 ab
276 879 364 908 Athe-

91 912 245 941 niensibus
261 915 313 942 da-

91 950 164 974 tum.

427 237 512 277 354

823 235 1290 274 HERODOTI

428 346 566 388 εἴκοσι
615 342 736 393 νέας,
795 344 971 387 διδοῦσι
1022 343 1069 387 δὲ
1118 344 1476 401 πενταδράχμους
1536 341 1697 387 ἀποδό-

424 425 571 469 μενοι·
615 412 802 466 δωτίνην
830 410 915 466 γὰρ
959 412 1007 455 ἐν
1036 416 1098 468 τῷ
1127 413 1248 471 νόμῳ
1281 411 1363 456 οὐκ
1394 414 1492 468 ἐξῆν
1523 414 1724 455 δοῦναι.5

398 479 590 529 3ταύτας
620 494 663 521 τε
694 478 747 534 δὴ
779 477 988 534 λαβόντες
1019 482 1062 522 οἱ
1091 478 1338 537 Ἀθηναῖοι,
1376 482 1448 523 καὶ
1486 479 1562 530 τὰς
1593 492 1696 535 σφε-

422 548 570 600 τέρας,
601 544 907 601 πληρώσαντες
936 545 1234 603 ἑβδομήκοντα
1269 549 1372 599 νέας
1401 548 1476 599 τὰς
1508 544 1691 599 ἁπάσας,

424 614 576 657 ἔπλεον
605 614 675 656 ἐπὶ
718 613 797 669 τὴν
825 616 1034 670 Αἴγιναν·

298 682 364 726 90
421 685 496 737 τῆς
527 681 820 739 συγκειμένης.

94 752 159 772 cum
184 748 273 780 parte
297 754 365 772 suo-

1082 615 1153 657 καὶ
1183 614 1415 671 ὑστέρισαν
1444 615 1582 670 ἡμέρῃ
1614 617 1691 671 μιῇ

882 680 1165 738 Νικόδρομος
1197 685 1262 735 δὲ,
1307 683 1366 735 ὥς
1398 685 1441 726 οἱ
1467 682 1692 736 Ἀθηναῖοι

423 748 466 799 ἐς
495 747 573 791 τὸν
600 748 760 802 καιρὸν
792 749 846 792 ου’
867 752 1174 804 παρεγίνοντο,
1207 752 1248 802 ἐς
1268 757 1422 795 πλοῖον
1453 748 1594 805 ἐσβὰς,
1626 749 1748 792 {ac—10

425 816 645 872 διδρήσκει
676 818 723 860 ἐκ
753 821 829 872 τῆς
857 819 1057 873 Αἰγίνης·
1105 818 1189 862 σύν
1229 821 1275 862 δέ
1315 821 1358 863 οἱ
1388 819 1459 862 καὶ
1489 818 1615 860 ἄλλοι
1643 816 1690 860 ἐκ

422 889 511 928 τῶν
541 884 810 941 Αἰγινητέων
851 885 1061 937 ἕσποντο,
1098 892 1210 929 τοῖσι
1236 885 1463 943 Ἀθηναῖοι
1495 884 1691 928 Σούνιον

392 955 598 1009 Ξοίκῆσαι
620 953 789 996 ἔδοσαν.
827 951 1034 996 ἐνθεῦτεν
1065 953 1110 997 δὲ
1141 950 1264 997 οὗτοι
1296 952 1567 1009 ὁρμεώμενοι
1597 951 1691 1008 ἔφε-

422 1020 502 1076 ρόν
529 1037 572 1066 τε
601 1021 675 1064 καὶ
704 1014 816 1077 ἦγον
845 1019 949 1072 τούς
979 1021 1026 1064 ἐν
1055 1026 1109 1080 τῇ
1140 1021 1259 1078 νήσῳ
1289 1021 1535 1078 Αἰγινήτας.
1587 1024 1689 1063 ταῦ-

368 1215 455 1241 σαν.
513 1201 577 1238 Ad
608 1202 647 1250 ἒς
668 1200 716 1242 τοὶ
736 1197 904 1255 μάλιστα
923 1204 1027 1241 conf.

368 1265 468 1299 nott.
488 1258 538 1295 ad
552 1259 614 1308 VI,
633 1260 700 1300 65.

425 1315 582 1355 διδοῦσι
622 1313 665 1354 δὲ
704 1310 1027 1366 πενταδράχμους

366 1367 631 1422 ἀποδόμενοι]
662 1373 687 1408 i.
704 1385 738 1409 e.
759 1374 877 1422 quinis
896 1372 1028 1409 drack-

366 1430 433 1465 mz‘s
477 1429 643 1477 singulas
682 1441 787 1466 rnaves
832 1429 1026 1477 vendentes,

367 1485 630 1532 commodantes.

365 1538 613 1592 ταδροὲχμους
647 1542 748 1578 conf.
784 1541 920 1579 Martii.
960 1543 1027 1579 Gr.

367 1598 434 1634 Gr.
462 1610 551 1648 pag.
581 1599 661 1638 268
693 1605 730 1635 et
749 1611 863 1649 supra
883 1599 927 1646 V,
949 1602 1026 1639 77:

367 1650 515 1693 ἔλυσάν
547 1665 671 1704 σφεας
705 1655 876 1705 διμνέως
917 1656 968 1704 (i.
993 1668 1028 1692 e.

367 1711 542 1748 solverunt
560 1723 636 1759 eos,
666 1711 757 1748 binis
777 1713 882 1750 minis
902 1713 938 1748 in
953 1713 1027 1748 sin-

367 1767 458 1815 gula
489 1770 609 1816 capita
634 1768 834 1818 erogatis).
905 1768 1030 1812 Quiu-

367 1836 443 1874 que
463 1836 554 1860 vero
586 1822 791 1860 drachmae
823 1825 1028 1861 conficiunt

365 1893 558 1916 summam
586 1881 622 1915 Π
641 1880 850 1928 fiorenorr.,
881 1882 919 1916 X
939 1894 1030 1918 cru-

367 1937 502 1986 cigerr.
523 1944 561 1973 et
581 1936 686 1988 quod
708 1939 895 1985 excurrit3
929 1950 1027 1989 quae

364 2006 516 2030 summa
547 2006 669 2045 quum
697 1990 793 2031 satis'
811 1995 950 2044 exigua
969 1995 1028 2042 sit,

365 2050 613 2086 manifestum
642 2056 697 2087 est
732 2049 946 2088 Corinthios
968 2050 1030 2087 di-

367 2107 419 2142 cis
442 2118 554 2142 causa
581 2105 676 2143 haec
697 2107 851 2155 fecisse,
881 2114 924 2144 ut
950 2108 1028 2158 legi

366 2162 644 2211 satisfacerent,
682 2165 871 2216 simulque
913 2166 1028 2200 etiam

367 2231 443 2270 qua
471 2220 512 2254 in
536 2218 787 2256 Athenienses
809 2228 930 2257 essent
956 2233 1029 2256 vo-

367 2275 533 2321 luntate,
582 2275 830 2312 declararent.
895 2278 1028 2327 Itaque

368 2331 576 2382 prudenter
614 2330 797 2368 Corinthii
827 2339 913 2368 ante
945 2333 1029 2368 bel-

368 2388 450 2424 lum
485 2388 854 2438 Peloponnesiacum
875 2401 1028 2425 causam

367 2457 477 2481 suam
496 2443 655 2480 Athenis
685 2452 901 2495 perorantes
916 2473 926 2492 ,
955 2443 1028 2481 ha-

368 2513 454 2537 rum
484 2502 641 2537 navium
670 2502 819 2551 publice
850 2508 885 2537 et
913 2503 1027 2550 gratis

368 2557 447 2593 sere
477 2570 741 2594 concessarum
788 2558 1027 2594 mentionem

368 2614 511 2650 faciunt
539 2613 640 2665 apud
668 2612 849 2665 Thucyd.
890 2614 921 2661 Ι,
958 2614 1025 2654 41.

373 2693 422 2698 —-
446 2670 557 2715 Quod
580 2683 647 2721 pro
669 2670 840 2720 δωτίνην
868 2671 907 2706 in
937 2672 1027 2706 Flo-

371 2728 532 2774 rentino,
554 2728 634 2764 aliis
654 2727 843 2764 invenitur
858 2727 1025 2778 δωρεήν,

369 2782 411 2819 id
441 2797 488 2820 ex
515 2785 850 2834 interpretamento
880 2785 919 2819 in
940 2790 1026 2819 tex-

371 2845 455 2875 tum
500 2841 690 2891 irrepsisse
735 2839 897 2880 videtur.
966 2841 1026 2878 Cf.

1085 1203 1149 1250 VJ,
1172 1205 1238 1243 62.
1258 1204 1288 1250 Ι,
1310 1206 1378 1244 70.
1405 1205 1564 1244 Homer.
1586 1201 1657 1240 Od.
1675 1203 1746 1250 lx,

1085 1262 1187 1306 267,
1227 1261 1294 1296 ubi
1333 1260 1505 1310 δωτίνην
1545 1259 1747 1297 Scholium

1084 1315 1209 1352 reddit
1244 1313 1410 1367 δωρεάν.
1468 1318 1563 1353 Mox
1591 1329 1661 1367 pro
1697 1314 1748 1355 v‘-

1085 1371 1264 1423 στέρισαν
1294 1374 1432 1410 retinui
1464 1386 1555 1410 cum
1588 1379 1748 1410 recentt.

1084 1427 1170 1468 edd.
1193 1428 1438 1482 ὑστέρησαν,
1459 1437 1502 1467 ut
1515 1432 1545 1478 I,
1566 1432 1637 1471 70!

686 1484 750 1521 Ad
769 1498 907 1522 vocem
936 1500 1026 1524 πεν-
1073 1510 1076 1514 ·

1321 1554 1414 1605 Cap.
1432 1554 1518 1592 XC.

1139 1655 1430 1706 παρεγίνοντο]
1469 1657 1528 1691 Ita
1558 1666 1650 1692 cum
1681 1666 1747 1689 re-

1084 1718 1201 1748 centt.
1223 1710 1311 1748 edd.
1339 1712 1468 1762 scripsi
1491 1724 1559 1762 pro
1580 1708 1748 1762 παρεγέ-

1084 1782 1202 1806 νοντο
1221 1796 1232 1815 ,
1271 1767 1376 1820 quod
1408 1766 1604 1806 Sohaefer.
1653 1767 1747 1804 reti-

1082 1826 1182 1861 nuit.

1141 1875 1288 1932 ἔφερόν
1308 1895 1348 1919 τε
1363 1878 1430 1919 καὶ
1451 1874 1576 1931 ἦγον]
1607 1878 1747 1930 „Opti-

1083 1949 1148 1973 me
1177 1939 1288 1974 vertit
1320 1938 1459 1974 Galeus
1486 1939 1526 1973 in
1555 1937 1654 1972 notis
1683 1935 1747 1973 de-

1080 1993 1370 2045 praedabantur3
1402 2007 1450 2030 ex
1464 1994 1561 2044 agris
1582 1992 1746 2043 popula-

1084 2052 1185 2088 rium
1204 2051 1389 2101 rapiebant
1417 2051 1636 2100 agebantque
1657 2060 1748 2099 quae

1076 2106 1173 2158 ferri
1193 2110 1325 2158 agique
1344 2111 1522 2158 poterant.
1581 2106 1745 2156 Semper

1084 2163 1187 2214 apud
1198 2171 1341 2201 veteres
1353 2166 1392 2200 iu
1404 2165 1494 2200 istac
1507 2163 1746 2199 usitatissima

1083 2220 1249 2257 formula
1269 2221 1487 2257 observatur
1507 2219 1747 2255 aGramma-

1084 2277 1165 2312 ticis
1195 2276 1332 2313 tradita
1364 2274 1603 2326 significandi
1630 2273 1745 2310 diffe-

1084 2334 1218 2368 rentia.
1277 2333 1400 2378 Quam
1415 2333 1608 2382 portabant
1629 2343 1745 2381 prae-

1086 2387 1187 2436 dam,
1201 2387 1338 2439 φέρειν
1353 2401 1362 2425 :
1389 2402 1504 2440 quam
1513 2401 1600 2438 prae
1611 2400 1646 2424 se
1657 2399 1747 2436 age-

1084 2445 1193 2491 bant,
1223 2447 1393 2482 iumenta
1413 2458 1573 2495 nempe,
1606 2442 1744 2481 dicun-

1083 2508 1145 2538 tur
1175 2498 1307 2553 ἅγεινε
1353 2503 1431 2539 sive
1471 2500 1668 2553 φέρεσθαι
1694 2495 1742 2539 τὰ

1083 2554 1378 2610 βασταζόμενα,
1409 2556 1577 2610 ἄγεσθαι
1601 2553 1649 2596 τοὶ
1667 2556 1744 2607 βα-

1084 2611 1251 2654 διστικά.
1310 2616 1405 2661 Quia
1434 2616 1604 2651 iumenta
1623 2613 1743 2664 potis-

1083 2672 1223 2708 simum
1271 2670 1455 2722 praedam
1513 2670 1740 2716 efficiebant,

1081 2728 1300 2779 frequenter
1339 2729 1473 2778 legitur
1520 2723 1594 2777 τήν
1630 2725 1741 2764 λείαν

1083 2781 1194 2836 ἄγειν
1241 2792 1278 2822 et
1314 2780 1542 2824 ἑλαύνειν.“
1582 2779 1740 2819 Valck·
1771 2812 1773 2815 .

1083 2841 1195 2878 Conf.
1215 2848 1310 2880 nott.
1343 2840 1393 2878 ad
1410 2841 1476 2887 ΠΙ,
1498 2840 1565 2879 39.
1586 2837 1650 2886 VI,
1669 2835 1739 2878 42.
