1870 3249
568 199 870 237 ERATO.
928 200 1002 238 Vl.

1335 201 1420 242 235

156 314 253 369 περὶ
285 310 520 361 ἐλάσσονος
547 308 855 366 ποιησάμενοι·
892 312 974 352 τοῦ
1004 308 1050 352 δὲ
1079 312 1292 351 ναυτικοῦ
1315 310 1417 352 Φοί-

155 397 270 431 νικες
298 379 377 435 μὲν
413 373 523 435 ἦσαν
551 376 906 432 προθυμότατοι,
948 375 1343 429 συνεστρατεύοντο
1373 375 1418 420 δὲ

155 448 227 493 καὶ
266 445 482 501 Κύπριοι,
520 446 674 490 νεωστὶ
712 445 1092 500 κατεστραμμένοι,
1130 445 1205 488 καὶ
1243 444 1419 496 Κίλικές

60 519 90 563 7
154 532 198 560 τε
226 515 298 559 καὶ
327 514 575 571 Αἰγύπτιοι.

636 514 691 557 Οἱ
720 514 800 568 μὲν
826 513 881 570 δὴ
908 512 976 556 ἐπὶ
1003 512 1083 569 τὴν
1112 515 1315 569 Μίλητον
1342 512 1417 556 καὶ
1474 519 1560 547 lours
1579 527 1680 554 pugna
1695 528 1748 547 na-

1475 553 1537 580 vaH

1565 554 1731 581 decernere

151 582 230 639 τὴν
260 582 396 639 ἄλλην
421 581 589 638 Ἰωνίην
618 581 891 638 ἐστράτευον.
936 579 1083 632 Ἴωνες
1112 580 1170 632 δὲ,
1192 578 1419 624 πυνθανό-
1429 588 1656 621 Τοεῑῦῐυειιῑεε,

153 667 278 706 μενοι
305 653 466 702 ταῦτα,
498 650 688 704 ἔπεμπον
714 648 997 705 προβούλους
1025 648 1172 704 σφέων
1200 648 1347 692 αὐτῶν
1376 649 1418 700 ἐς

123 717 426 763 2Πανιώνιον.
468 717 769 773 ἀπικομένοισι
794 718 840 761 δὲ
868 715 1063 760 τούτοισι
1092 716 1134 767 ἐς
1161 720 1322 760 τοῦτον
1339 715 1417 760 τόν

154 790 297 843 χῶρον
325 787 399 830 καὶ
429 785 812 843 βουλευομένοισι,
853 786 974 837 ἔδοξε
1008 784 1138 838 πεζὸν
1175 784 1254 838 μὲν
1291 796 1417 839 στρα-

151 852 231 897 τὸν
267 852 327 909 μή
365 853 585 910 συλλέγειν
625 852 830 906 ἀντίξοον
860 853 1076 910 Πέρσῃσι,
1120 850 1229 896 ἀλλὰ
1256 852 1311 895 τοὶ
1339 854 1419 896 ‘cet'-

149 937 225 978 χεα
262 921 449 976 ῥύεσθαι
499 921 661 974 αὐτοὺς
702 923 972 979 Μιλησίους·
1028 919 1078 964 τό
1121 919 1168 964 δὲ
1205 921 1416 965 ναυτικὸν
1429 926 1473 961 75

151 1119 337 1168 Φοίνικες
360 1117 434 1171 μὲν
464 1114 568 1169 ἦσαν
598 1123 755 1171 προθυ-

92 1173 280 1228 μότατοι]
330 1176 543 1214 Phoenices
575 1178 755 1214 novimus

93 1234 199 1270 omni
206 1233 285 1270 fere
298 1241 420 1271 aetate
433 1234 586 1271 Graecis
598 1241 633 1270 et
642 1246 755 1284 prae-

92 1291 222 1328 sertim
230 1292 385 1328 Ionibus
395 1291 673 1328 inimicissimos
685 1303 756 1326 ex-

40 1362 55 1383 ⁴.
93 1348 248 1396 stitisse3
277 1349 412 1399 procul
437 1347 553 1385 dubio
575 1349 623 1385 ob
650 1360 757 1383 mer-

93 1411 277 1453 caturam,
305 1406 346 1441 in
367 1418 443 1456 qua
458 1412 559 1442 certe
574 1406 627 1441 ita
637 1417 751 1455 prae-

93 1462 262 1498 stiterant
290 1463 422 1509 Iones,
461 1468 505 1498 ut
537 1460 751 1498 Phoenices

92 1517 172 1554 fere
191 1531 384 1570 superasse
412 1517 644 1557 viderentur.
673 1519 753 1554 Ita-

94 1588 169 1626 que
178 1576 234 1611 nil
243 1576 385 1611 mirum
400 1574 612 1612 Phoenices
624 1576 752 1611 animo

91 1633 346 1682 promtissimo
357 1630 452 1670 haec
470 1632 600 1670 omnia
609 1631 753 1676 fecisse,

94 1689 230 1740 quibus
258 1690 399 1726 Ionum
433 1702 523 1740 opes
540 1690 665 1726 minui
685 1687 756 1725 ad-

95 1757 216 1797 eoque
271 1747 388 1784 everti
426 1759 555 1797 posse,
605 1758 756 1797 sperare

95 1808 283 1852 poterant.

329 1881 423 1932 Cap.
443 1881 526 1918 VII.

153 1964 416 2021 ἐστράτευον]
456 1970 640 2006 Nonnulli
659 1969 754 2017 ‚libri

95 2021 398 2077 ἐστρατεύοντο,
431 2024 478 2063 de
499 2039 576 2078 quo
596 2026 697 2064 conf.
723 2027 753 2073 Ι,

95 2084 163 2122 77.
206 2081 302 2124 204,
358 2084 453 2119 Mox
493 2081 627 2122 αὐτῶν
665 2081 755 2120 dedi

94 2151 164 2188 pro
195 2133 360 2180 αὐτέων.
403 2140 585 2177 Observat
622 2147 754 2176 antem

94 2193 405 2246 Schweighaeus.
427 2197 466 2232 in
479 2197 612 2236 Lex-ic.
628 2198 756 2233 Hero-

95 2250 174 2291 dot.
194 2266 225 2290 s,
243 2267 281 2292 v.
293 2249 532 2305 πρόβουλος,
553 2251 592 2290 h.
606 2253 632 2292 l.
656 2251 756 2304 σφέ-

95 2323 152 2347 ων
195 2305 328 2349 αὐτῶν
369 2323 449 2347 non
468 2317 550 2347 tam
573 2323 642 2360 pro
669 2312 756 2361 ipsis

95 2377 213 2417 quam
233 2366 277 2404 de
300 2378 364 2403 suo
383 2379 524 2404 numero
542 2366 756 2418 significare

94 2421 227 2459 videri.
284 2422 347 2460 Ad
368 2436 474 2476 seqq.
503 2425 555 2461 ita
587 2423 633 2461 W
640 2436 757 2462 esse-

94 2478 161 2515 lin
173 2489 231 2527 g.:
260 2474 478 2531 πρόβουλοι
511 2487 599 2517 sunt
631 2480 756 2530 legati,

98 2534 150 2572 ad
160 2547 333 2573 commune
351 2534 478 2574 Ionum
495 2536 536 2574 de
554 2540 674 2586 gentis
693 2552 754 2576 sa-

96 2591 170 2628 lute
189 2591 384 2630 consultum
400 2594 519 2641 missi,
551 2600 592 2630 ut
610 2594 640 2640 Ι,
660 2597 752 2635 170.

96 2648 213 2685 Tales
242 2645 464 2700 πρόβουλοι
481 2651 551 2699 τῆς
565 2647 753 2698 Ἑλλάδος

96 2705 211 2742 simili
229 2717 341 2742 causa
361 2703 409 2741 ad
433 2703 623 2742 Isthmum
649 2707 754 2744 missi

97 2761 179 2808 VII,
204 2764 322 2802 172.“
360 2760 463 2799 Add.
481 2760 752 2801 Wachsmuth.

100 2818 197 2856 Heu.
217 2817 376 2856 Alterth.
410 2820 440 2866 I,
478 2821 498 2859 1
531 2831 619 2871 pag.
662 2822 756 2867 113,

810 1118 879 1170 qui
914 1117 1156 1168 potissimum
1184 1116 1348 1154 conferri
1394 1118 1475 1154 vult

809 1175 1094 1212 Aristot.P01it.
1109 1173 1174 1220 IV,
1198 1176 1260 1213 11.
1274 1175 1312 1214 9.
1328 1173 1392 1220 IV,
1410 1177 1474 1214 12.

812 1234 851 1273 8.
873 1230 938 1279 VI,
960 1231 998 1279 5,
1022 1233 1087 1271 10.
1117 1232 1175 1267 De
1195 1231 1250 1277 iis,
1269 1231 1334 1282 qui
1349 1227 1473 1266 Athe-

811 1289 870 1325 nis
879 1289 1114 1325 vocabantur
1126 1281 1357 1338 πρόβουλοι,
1367 1285 1473 1323 idem

812 1345 959 1382 consul.
987 1342 1262 1382 Wachsmuth.
1290 1345 1316 1382 l.
1347 1344 1374 1382 l.
1395 1344 1425 1391 1,
1446 1346 1473 1384 2

806 1415 896 1453 pag.
921 1403 1014 1443 198.
1092 1403 1151 1438 De
1176 1401 1324 1452 reliquo
1358 1399 1472 1437 huius

807 1460 883 1496 loci
916 1465 1143 1509 argumento
1171 1457 1267 1494 haec
1304 1456 1474 1495 Valcke-

807 1517 976 1553 naerius:
1012 1517 1102 1564 „De
1119 1514 1324 1552 duodecim
1342 1515 1474 1551 Ioniae

810 1573 1022 1610 civitatibus
1050 1571 1252 1609 foederatis
1283 1578 1367 1608 octo
1382 1577 1474 1608 tau-

810 1637 896 1667 tum
925 1628 974 1666 ad
1001 1628 1097 1666 illud
1122 1641 1329 1666 commune
1349 1630 1472 1678 gentis

811 1687 1019 1725 concilium
1058 1699 1145 1723 suos
1183 1684 1258 1722 hoc
1301 1693 1476 1736 tempore

810 1745 955 1781 misisse
979 1743 1159 1780 videntur
1191 1744 1336 1793 legatos
1365 1741 1412 1779 de
1432 1755 1473 1778 re

812 1813 964 1838 summa
984 1801 1281 1847 consultatus-og
1310 1798 1473 1835 totidem

813 1858 919 1893 enim
937 1863 1090 1892 tantum
1103 1862 1369 1892 memorantur
1389 1868 1473 1906 cap.

813 1926 892 1964 seq.
910 1941 920 1960 ‚
951 1925 1050 1964 quae
1087 1925 1156 1963 pro
1191 1912 1266 1948 suis
1297 1924 1475 1964 quaeque

808 1970 951 2006 viribus
980 1982 1097 2006 naves
1126 1966 1305 2006 adversus
1339 1970 1473 2006 Persas

807 2026 1068 2064 instruxerint.
1138 2027 1296 2062 Praeter
1321 2026 1412 2063 istas
1429 2026 1471 2061 in

814 2079 1048 2121 Πανιώνιον
1085 2083 1290 2119 convenire
1334 2095 1473 2119 sueve-

809 2146 895 2176 rant
912 2137 1069 2189 Ephesii
1082 2168 1092 2186 ,
1123 2137 1374 2189 Colophonii,
1394 2140 1472 2175 Le-

808 2195 912 2233 bedii
943 2202 980 2232 et
1009 2196 1256 2233 Clazomenii.
1285 2197 1473 2233 Recenset

810 2254 898 2290 istas
919 2251 1126 2290 duodecim
1145 2253 1313 2290 civitates
1329 2251 1474 2290 Herod.

810 2312 841 2358 Ι,
864 2309 957 2357 142,
989 2323 1087 2362 quae
1104 2308 1152 2346 de.
1171 2311 1295 2360 gentis
1315 2310 1474 2346 nomine

810 2367 1002 2417 templum
1052 2362 1287 2405 Πανιώνιον
1327 2366 1475 2403 dictum

814 2422 909 2472 [vid.
929 2425 960 2471 I,
985 2422 1084 2472 148]
1115 2422 1356 2460 condiderint
1370 2451 1384 2467 ‚
1404 2436 1475 2460 cu-

811 2481 870 2517 ius
889 2481 948 2517 sui
967 2481 1116 2530 generis
1137 2481 1229 2517 alios
1257 2481 1384 2517 nullos
1403 2493 1476 2517 vo-

812 2537 952 2574 luerint
1004 2550 1084 2574 esse
1123 2537 1346 2588 participes3
1395 2534 1472 2573 vid.

808 2594 1041 2643 Wesseling.
1063 2592 1111 2630 ad
1126 2593 1283 2630 Diodor.
1303 2594 1387 2639 XV,
1397 2594 1467 2632 49.

808 2651 965 2687 Praeter
1000 2657 1168 2687 caeteros
1195 2651 1269 2689 τοῦ
1306 2651 1472 2687 Πανιω-

809 2707 900 2746 νίου
912 2708 1170 2743 meminerunt
1179 2707 1470 2756 Diogen.Laert.

810 2765 839 2811 Ι,
851 2762 918 2805 40.
933 2765 1098 2800 Pausan.
1112 2763 1194 2810 Vll,
1215 2765 1239 2802 3
1253 2769 1290 2799 et
1305 2760 1345 2801 4.
1365 2763 1470 2799 Max.

811 2821 907 2871 Tyr.
939 2820 1102 2866 XXVII,
1124 2822 1162 2860 2.
1193 2817 1271 2857 vid.
1291 2817 1471 2871 Append.
