1851 3181
448 241 533 279 460
839 240 1308 278 HERODOTI

116 354 188 373 raus
199 348 392 380 argumenta,

115 380 161 406 ita
186 383 339 413 movetur,
358 382 393 405 ut

115 413 197 440 bello
213 413 369 439 abstineu-

117 447 187 473 dum
207 450 341 473 censeat.

118 480 235 519 Eadem
253 483 341 506 nocte

115 521 198 540 somn
202 513 241 547 ἰο,
258 521 295 539 ne
309 513 393 547 prius

117 533 274 574 consilium
296 554 358 572 mu-

116 583 164 608 tet
178 582 391 608 commonetur.

450 365 504 403 νη
534 364 577 391 τε
609 348 793 402 ἐγίνετο,
816 347 889 391 καὶ
909 347 1070 402 Ξέρξεα
1100 348 1281 405 ἔκνιζεὴ
1306 347 1573 406 Ἀρταβάνου
1602 351 1709 406 γνώ-

452 433 523 472 μη,
553 417 679 458 νυκτὶ
710 415 756 459 δὲ
789 416 955 473 βουλήν
986 415 1160 468 διδούς,
1201 418 1342 473 πάγχυ
1379 418 1552 473 εὕρισκέ
1583 420 1626 461 οἱ
1655 417 1709 462 οὐ

422 487 628 538 2πρῆγμα
658 481 770 526 εἶναι
800 483 1114 537 στρατεύεσθαι
1138 484 1206 528 ἐπὶ
1233 485 1311 542 τὴν
1335 486 1541 529 Ἑλλάδα·
1579 488 1704 530 δεδο-
1721 492 1766 526 50

450 554 619 606 γμένων
666 550 711 595 δέ
749 553 793 594 οἱ
831 547 953 602 αὖτις
990 551 1177 606 τούτων,
1225 553 1493 598 κατύπνωσε.
1551 555 1625 598 καὶ
1655 554 1709 610 δή

446 638 528 665 κου
559 621 606 664 ἐν
634 623 687 676 τῇ
717 620 841 662 νυκτὶ
872 619 956 663 εἶδε
987 620 1090 671 ὄψιν
1119 620 1311 676 τοιήνδε,
1343 620 1399 672 ὡς
1427 621 1592 677 λέγεται
1620 621 1708 666 ὑπὸ

451 688 666 743 Περσέων.
728 688 870 731 ἐδόκεε
897 687 920 732 ὁ
943 689 1105 745 Ξέρξης
1135 688 1273 741 ἄνδρα
1303 691 1346 731 οἱ
1374 689 1609 733 ἐπιστάντα
1628 691 1710 745 μέ-

446 773 530 814 γαν
559 772 604 800 τε
632 757 705 800 καὶ
735 755 900 799 εὐειδέα
930 758 1083 799 εἰπεῖν·
1127 755 1281 809 ,,Μετα
1312 756 1364 812 δὴ
1395 754 1642 811 βουλεύεαι,
1674 760 1708 800 ὠ

448 826 641 880 ,,Πέρσα.,
672 823 914 879 στράτευμα
935 825 993 878 μὴ
1024 839 1144 878 αγειν
1172 824 1240 866 ἐπὶ
1260 822 1341 878 τήν
1365 821 1570 877 ‘Ermum
1604 841 1709 880 προ-
1721 833 1766 867 55

447 896 598 948 „eluas
640 890 800 944 ἁλίζειν
835 893 1007 947 Πέρσας
1036 891 1244 944 στρατόνς
1274 889 1373 933 οὔτε
1404 886 1466 934 ὧν
1503 897 1709 949 μεταβου-

448 961 706 1017 ,,λευόμενος
745 959 904 1011 ποιέεις
939 954 1008 1013 εὗ,
1048 959 1147 1003 οὔτε
1183 959 1207 1003 ὁ
1249 958 1608 1016 συγγνωσόμενός
1640 978 1709 1005 τοι

1107 1137 1265 1184 sopitus,
1317 1136 1516 1173 dedormiz't.
1571 1134 1681 1172 conf.
1701 1135 1764 1183 IV,

1106 1194 1146 1233 8.
1167 1191 1247 1240 VII,
1269 1191 1307 1232 4.
1333 1192 1396 1232 15.
1423 1196 1486 1233 16.
1512 1193 1574 1231 17.

1164 1244 1291 1287 ἐδόκεε
1323 1247 1347 1288 ὅ
1381 1248 1527 1299 Ξέρξης
1561 1245 1690 1299 ἄνδρα
1727 1247 1769 1287 οἷ

389 1140 524 1174 Noster
537 1150 605 1187 pro
620 1139 726 1182 nocte,
750 1133 901 1172 videtur
920 1136 1051 1184 i11e‚ut

389 1196 487 1231 bene
516 1194 723 1244 suspicatur
766 1192 981 1229 Blomfield.
1011 1194 1050 1228 in

389 1252 552 1288 Glossar.
575 1249 623 1286 ad
644 1247 821 1299 Aeschyl.
853 1248 1050 1286 Prometh.

378 1310 471 1348 1676
493 1306 660 1343 alludere
681 1305 727 1342 ad
740 1318 824 1341 eam
844 1307 946 1342 vocis
967 1313 1052 1357 ety-

387 1365 608 1414 mologiam,
632 1362 705 1414 qu&
726 1369 881 1399 noctem
902 1358 1051 1413 εὐφρό-

389 1436 466 1470 νην
506 1420 580 1456 dici
619 1427 764 1456 veteres
810 1421 1050 1468 glammatici

388 1476 502 1528 (quos
523 1475 740 1513 Blomfield.
757 1476 914 1525 excitat)
932 1475 1048 1512 doce-

388 1534 479 1570 bant
513 1531 579 1572 δια
597 1530 650 1571 ’τὸ
682 1527 727 1571 εὖ
748 1535 927 1582 φρονεῖν.
987 1534 1049 1568 Ex

387 1589 569 1629 Herodot.
611 1590 711 1626 conf.
746 1590 826 1636 VII,
858 1589 923 1628 56-
955 1592 1048 1630 188.

385 1648 453 1695 IX,
484 1650 550 1687 37.
582 1649 648 1686 39.
672 1669 721 1673 —-
746 1645 856 1690 Quod
877 1647 1047 1696 sequitur

387 1702 510 1750 ἔκνιζε
538 1703 660 1740 valet:
689 1704 864 1752 pupugit,
895 1715 1046 1738 momor-

386 1760 462 1807 dit,
501 1761 671 1797 irritavit.
731 1758 817 1795 vid.
859 1766 954 1795 nott.
995 1758 1044 1796 ad

385 1817 465 1864 VII,
498 1819 550 1857 10
572 1817 608 1861 ᾗ.
626 1816 665 1856 5.

439 1871 553 1912 νυκτὶ
593 1869 635 1910 δὲ
676 1868 830 1923 βουλὴν
877 1868 1042 1920 διδούς]

383 1927 789 1979 Schweighaeuserus,
850 1929 922 1965 nisi
954 1930 1042 1978 ipsis

382 1987 504 2023 verbis
547 1985 771 2023 Herodoteis
807 1985 899 2021 olim
931 1984 1042 2022 addi-

381 2050 465 2079 tum
504 2043 633 2091 fuerit,
674 2043 905 2092 subintelligi
942 2049 1042 2079 certe

382 2101 463 2136 vult
484 2098 628 2153 ἑωυτῷ,
657 2107 699 2137 ut
732 2112 775 2136 ea
799 2100 934 2136 existat
953 2113 1042 2136 sen-

383 2156 520 2191 tentia:
560 2160 666 2193 noctu
698 2170 812 2194 secum
836 2157 1042 2204 deliberans,

382 2212 587 2249 consiliam
572 2217 694 2259 i',niens
714 2212 1043 2265 quemadmodum

382 2268 484 2305 haud
504 2269 722 2320 infrequens
743 2270 845 2321 apud
864 2272 1043 2306 Nostrum

381 2320 500 2375 λόγον
522 2323 656 2376 ἑωυτῷ
672 2322 824 2365 διδόναι
843 2329 1040 2374 1,209.11,

385 2382 572 2429 162.111‚
605 2382 807 2430 25,alibi3
841 2384 911 2418 nisi
931 2384 1040 2420 malis

382 2438 433 2474 ita
473 2440 664 2489 accipere:
711 2441 807 2475 nocti
843 2440 1039 2487 consilium,

382 2494 660 2533 deliberationem
688 2497 912 2545 permittens,
958 2499 1039 2532 tra-

379 2551 541 2588 dens.—
573 2551 636 2589 Ad
666 2553 781 2589 verba
809 2548 964 2604 εὕρισκέ
1000 2552 1042 2591 οἵ

385 2604 433 2646 οὕ
458 2610 621 2659 πρῆγμα
640 2605 741 2647 εἶναι
769 2609 870 2645 cons.
892 2610 1039 2646 Aristo-

384 2663 497 2713 phan.
513 2666 658 2702 Eccles.
680 2666 776 2707 656.
806 2665 987 2702 Herodot.
1009 2668 1038 2714 1,

383 2724 434 2760 79
454 2722 582 2773 ibique
594 2729 689 2761 nott.
704 2745 750 2750 —
775 2723 851 2760 Pro
871 2721 1041 2762 τουτέων

374 2776 463 2813 ‹ledi
483 2774 649 2818 τούτων.

443 2831 705 2884 κατύπνωσε]
748 2835 772 2872 i.
795 2849 829 2872 e.
858 2847 971 2872 somno
991 2838 1041 2872 est

1108 1301 1322 1343 ἐπιστάντα
1342 1320 1376 1344 κ.
1397 1321 1430 1343 τ.
1450 1306 1500 1353 λ.]
1526 1304 1766 1341 structuram

1105 1362 1210 1397 verbi
1233 1363 1364 1400 δοκεῖν
1394 1374 1483 1398 cum
1503 1362 1715 1398 accusativo
1728 1367 1766 1398 et

1108 1417 1293 1454 infinitivo
1314 1420 1460 1456 notavit
1481 1417 1593 1456 Held.
1606 1417 1654 1454 ad
1666 1418 1765 1454 Plut.

1106 1476 1341 1512 Timoleont.
1375 1478 1400 1516 8
1422 1488 1510 1525 pag.
1538 1474 1631 1515 353.
1662 1473 1764 1511 Add.

1105 1531 1288 1568 Herodot.
1309 1534 1338 1579 I,
1364 1535 1441 1574 108
1462 1533 1553 1584 ibiq.
1574 1539 1669 1569 nott.
1681 1532 1762 1579 VII,

1123 1591 1188 1629 18.
1223 1591 1287 1628 19.
1342 1588 1404 1625 Ad
1442 1602 1553 1626 voces
1574 1587 1697 1640 μέγαν
1724 1603 1765 1628 τε

1103 1645 1170 1685 καὶ
1221 1642 1373 1685 εὐειδέα
1427 1647 1527 1683 conf.
1580 1653 1676 1684 nott.
1715 1645 1763 1683 ad

1101 1703 1146 1749 V,
1171 1704 1235 1741 12.

1157 1754 1374 1809 στράτευμα
1396 1755 1451 1809 μή
1470 1755 1596 1810 ἄγειν]
1620 1760 1763 1796 Vocula

1102 1810 1155 1864 μὴ
1186 1815 1286 1851 male
1317 1817 1356 1851 in
1396 1815 1624 1866 quibusdam
1660 1817 1763 1852 libris

1101 1869 1218 1907 deest.
1275 1871 1360 1908 vid.
1385 1870 1521 1909 Matth.
1549 1874 1614 1911 Gr.
1637 1873 1702 1910 Gr.
1726 1876 1765 1920 §-

1101 1927 1183 1967 534
1203 1934 1283 1965 not.
1305 1927 1342 1976 4,
1365 1931 1391 1968 2
1410 1943 1448 1979 p.
1474 1928 1580 1970 1047
1601 1936 1637 1966 et
1665 1928 1763 1966 adde

1099 1984 1147 2020 sis
1168 1984 1248 2031 VII,
1271 1987 1333 2024 13.
1354 2007 1409 2012 -—
1439 1987 1533 2022 Mox
1564 1999 1632 2036 pro
1656 1984 1762 2037 Πέρ-

1101 2051 1192 2094 σῃσι
1213 2039 1335 2092 (quod
1355 2055 1404 2078 ex
1423 2044 1761 2093 interpretamento

1099 2097 1252 2134 fluxisse
1279 2097 1453 2147 videtur)
1475 2102 1650 2137 revocavi
1671 2113 1760 2137 cum

1100 2153 1320 2204 Schweigh.
1360 2162 1397 2191 et
1431 2157 1547 2196 Gaisf.
1590 2155 1758 2208 Πέρσας,

1100 2210 1205 2261 quod
1223 2212 1308 2248 libri
1328 2214 1468 2263 scripti,
1499 2225 1576 2249 uno
1598 2220 1758 2264 excepto

1101 2267 1290 2304 Sancrofti
1303 2268 1445 2315 codice,
1457 2269 1640 2306 ferebant.
1656 2270 1758 2307 Sen—

1098 2337 1159 2361 sus
1189 2332 1267 2361 est:
1314 2326 1460 2363 edixisti
1489 2325 1676 2376 (Persis),
1716 2330 1758 2363 ut

1098 2379 1224 2418 Persae
1246 2382 1447 2430 colligerent
1464 2384 1661 2420 exercitum.
1694 2382 1757 2420 Ad

1096 2445 1365 2488 argumentum
1415 2439 1489 2475 loci
1524 2440 1756 2490 Wesseling.

1095 2495 1241 2531 confert
1269 2494 1447 2546 Aeschyl.
1476 2497 1579 2535 Pers.
1602 2498 1668 2544 93,
1690 2498 1756 2548 qui

1096 2548 1306 2602 δολόμητιν
1350 2566 1507 2590 απαταν
1543 2555 1646 2592 θεοῦ
1684 2566 1754 2590 vo-

1097 2614 1176 2655 cat,
1206 2607 1281 2659 quit
1301 2610 1449 2645 Xerxes
1469 2622 1537 2659 per
1562 2610 1754 2646 somnium

1095 2665 1279 2715 impulsus
1310 2672 1393 2715 post
1423 2665 1684 2703 fluctuationes
1712 2666 1752 2701 in

1095 2722 1239 2758 belhun
1259 2723 1386 2759 ruerit.

1154 2775 1243 2817 οὔτε
1274 2776 1298 2818 ὅ
1338 2773 1658 2830 συγγνωσόμενός
1693 2791 1752 2815 τοι

1096 2832 1234 2886 πάρα]
1274 2833 1432 2886 „Neque
1461 2837 1578 2884 adest,
1609 2837 1671 2885 qui
1688 2836 1754 2872 tien·
