1789 3213
441 194 914 237 POLYMNIVA.
971 194 1070 233 VII.
1312 195 1396 235 759

114 303 219 347 52ch
257 302 307 346 τό
337 305 504 359 πλῆθος
545 301 778 358 ἐμάνθανε.
836 301 997 357 μαθών
1036 302 1082 346 δὲ
1110 300 1250 346 πάντα
1280 299 1451 355 aime-75

139 370 265 422 κέως,
304 369 524 426 ἀπήλαυνε
563 369 703 414 ὀπίσω
741 367 833 413 κατ’
860 369 1062 425 ἡσυχίην·
1094 368 1193 413 οὔτε
1220 367 1304 425 γάρ
1331 386 1397 420 τις

139 438 302 490 ἐδίωκε,
332 435 509 493 ἀλογίης
536 453 580 481 τε
609 435 836 492 ἐνεκύρησε
865 441 1038 494 πολλῆς.
1098 436 1303 482 ἀπελθών
1335 438 1394 488 δὲ,

140 505 253 561 ε’λεγε
280 504 392 560 πρὸς
420 505 578 559 Ξέρξεα
606 504 658 548 τά
687 519 767 560 περ
797 502 964 550 ὀπώπεε
991 505 1146 549 πάντα.
1202 504 1393 549 Ἀκούωυ
1450 511 1557 539 Xerxis
1577 519 1614 540 ²10
1631 512 1676 540 De

139 573 186 617 δὲ
215 573 388 629 Ξέρξης,
417 572 499 617 οὐκ
528 572 612 629 εἶχε
641 573 938 629 συμβαλέσθαι
965 573 1013 617 τὸ
1044 572 1130 626 ἐόν,
1162 572 1230 617 ὅτι
1257 589 1393 629 παρα·
1407 553 1561 629 8ῡιῗῗι3ιιιι
1581 602 1618 629 de
1634 602 1672 629 ho

139 638 415 693 σκευάζοιντο
454 657 512 692 ως
546 638 828 697 ἀπολεόμενοί
856 658 900 685 τε
940 641 1011 684 καὶ
1041 640 1296 693 ἀπολέοντες
1321 659 1395 686 κοι-
1451 635 1562 705 ξξξξξξξξιξ
1575 636 1665 663 ‘⁰¹¹⁰

0 497 76 545 209

136 705 190 750 τοὶ
222 709 430 765 δύναμιν·
462 706 564 763 ἀλλ’,
595 708 716 766 αὐτῷ
742 714 891 766 γελοῖα
918 709 1003 766 γὰρ
1034 710 1270 765 ἐφαίνοντο
1300 725 1393 753 ποι·

80 882 356 933 Spartanorum
376 889 455 920 erat
466 895 618 919 comam
638 883 739 920 alere

80 951 242 991 eamque
254 947 341 976 ante
351 940 484 990 proelii
498 940 649 977 initium
667 953 739 990 pe-

79 1001 194 1043 ctere,
213 1003 415 1048 totumque
436 1003 550 1047 caput
579 997 737 1033 omnino

78 1065 264 1089 exornare
285 1052 458 1104 adeoque
478 1054 626 1090 coronis
653 1054 738 1089 cin-

76 1120 188 1158 gere,
209 1110 316 1160 quasi
337 1109 385 1146 ad
400 1110 497 1146 laeta
514 1116 636 1146 essent
644 1122 737 1160 pro—

75 1165 211 1201 fecturi
229 1166 307 1202 sive
326 1178 428 1202 mors
446 1172 619 1203 secutura
640 1172 735 1202 esset

74 1221 154 1258 sive
172 1222 343 1258 victoria.
375 1243 427 1248 —-
475 1222 570 1258 Mox
589 1222 734 1259 restitui

75 1273 283 1344 ἐθωύμαζε
304 1291 373 1329 pro
395 1272 591 1328 ἐθώμαζε.

131 1329 294 1399 ἀλογίης
321 1349 362 1373 τε
391 1329 606 1386 ἐνεκύρησε
633 1335 733 1373 πολ-

46 1406 54 1411 ,
72 1391 164 1440 λῆς]
194 1391 221 1427 i.
243 1404 277 1428 e.
296 1403 403 1441 neque
418 1392 601 1440 quisquam
620 1391 733 1428 ullam

72 1448 148 1483 eius
174 1450 346 1484 ratzonem
376 1447 500 1483 habuit
529 1461 558 1485 s.
591 1449 629 1484 in
656 1459 734 1484 ma-

71 1514 183 1551 gnam
199 1504 327 1540 incidit
341 1502 526 1553 infamiam
540 1516 569 1540 s.
584 1507 734 1540 contem-

70 1562 160 1597 tum.
216 1561 274 1597 Ita
293 1561 371 1596 iam
390 1561 527 1597 Portus
547 1566 648 1596 recte
668 1574 733 1596 ce-

69 1617 127 1666 pit
146 1614 241 1653 haec
261 1617 377 1654 verba
405 1617 574 1667 itemque
594 1616 732 1653 Strabo

71 1673 96 1710 l.
107 1673 134 1709 l.
146 1671 332 1710 adhibens
347 1673 510 1710 verbum
529 1687 732 1724 καταφρο-

71 1730 266 1780 νηθῆναι.
310 1728 413 1768 Add.
437 1727 574 1766 suidas
592 1742 620 1766 s.
632 1742 668 1768 v.
685 1725 732 1768 οἷ-

70 1785 185 1853 λογία
214 1787 234 1822 I
262 1800 301 1837 p.
333 1788 412 1826 119
441 1788 527 1837 qui:
567 1781 729 1836 οἷλογίοι·

72 1840 102 1892 ἦ
139 1837 390 1892 ἄφροντισία.
454 1840 640 1878 Valcken.
682 1842 730 1878 ob

72 1898 233 1935 verbum
251 1893 491 1948 ἐνεκύρησε,
519 1897 636 1934 modo
656 1895 732 1934 hoc

68 1967 205 1992 sanum
224 1955 292 2002 sit,
313 1955 467 1990 rescribi
486 1955 568 1991 vult
588 1949 728 2021 ἀλογίῃ

68 2013 197 2065 πολλῇ
212 2018 325 2063 atque
345 2011 397 2047 sic
418 2011 533 2047 etiam
552 2011 612 2047 vel
634 2006 729 2049 α’λο-

68 2067 178 2120 γίησι
197 2069 364 2121 πολλῇσι
395 2066 639 2104 scribendum
667 2067 729 2103 vi-

68 2122 728 2175 debaturSchweighaeusero,quum

67 2180 185 2216 verbo
217 2180 396 2230 ἐγκυρεῖν
430 2180 576 2217 dativus
606 2178 726 2216 adda-

67 2243 130 2272 tur
146 2238 193 2283 Π,
206 2239 273 2278 82.
291 2238 357 2283 III,
371 2238 437 2276 77.
457 2238 521 2285 IV,
540 2239 617 2276 123
639 2237 726 2272 coll.

67 2293 148 2337 Vll,
169 2295 264 2334 218.
323 2290 420 2328 Mihi
438 2294 503 2330 vix
524 2305 617 2343 opus
637 2305 728 2329 mu-

68 2349 209 2385 tatione
227 2348 391 2398 videtur,
412 2350 443 2386 si
463 2349 633 2402 quidem,
650 2361 726 2401 quo

68 2404 185 2441 modo
213 2406 336 2442 verbis
369 2410 501 2456 τυχεῖν
516 2435 526 2454 ,
574 2411 724 2457 κυρεῖν,

69 2462 162 2505 aliis,
182 2462 424 2512 consequendi,
435 2463 657 2512 adipiscendi
673 2464 727 2499 si-

68 2517 312 2568 gnificatione
341 2519 531 2568 genitivus
560 2517 723 2568 additur,

68 2581 112 2611 ut
138 2574 221 2620 VII,
244 2574 335 2615 158.
353 2576 400 2621 II,
419 2577 512 2623 136,
547 2588 592 2612 eo
611 2576 725 2612 etiam

68 2631 184 2668 verbo
196 2629 373 2682 ἕγκυρεῖν
383 2631 493 2666 illum
508 2629 598 2667 addi
616 2644 725 2681 posse

68 2686 248 2725 credibile
268 2693 335 2732 est,
363 2699 451 2723 cum
478 2687 595 2724 verba
614 2700 726 2724 com-

68 2744 189 2794 posita
228 2743 460 2793 simplicium
497 2750 725 2781 structuram

67 2799 171 2838 haud
179 2813 264 2838 raro
271 2799 726 2852 sequantur‚testeMatth.

795 883 861 922 Gr.
887 884 951 922 Gr.
981 883 1019 929 ξ.
1052 881 1146 931 428,
1180 885 1204 924 3
1233 895 1322 934 pag·
1354 884 1448 930 793,

793 941 860 977 ubi
879 941 978 977 bene
998 946 1126 976 tuetur
1143 940 1347 977 lectionem
1362 941 1449 976 vul-

792 1004 934 1048 gatam,
965 1009 1080 1048 quam
1101 997 1215 1032 etiam
1239 998 1291 1033 sic
1310 997 1450 1032 mutari

792 1066 901 1104 posse
921 1054 1066 1090 censuit
1086 1052 1267 1092 Valcken.
1273 1060 1343 1101 ,ut
1357 1053 1443 1089 scri

793 1111 968 1147 beretur:
1019 1104 1182 1160 αλογίης
1207 1124 1257 1159 τε
1282 1105 1450 1160 ἐκύρησε

790 1169 942 1217 πολλῆς
966 1166 992 1202 i.
1014 1179 1047 1204 e.
1070 1163 1172 1218 ἄγαν
1203 1162 1449 1217 κατεφρονή-

789 1225 870 1272 θη,
901 1225 1086 1259 contemtus
1123 1225 1193 1270 est,
1223 1223 1255 1258 si
1294 1221 1470 1273 quidem(

789 1281 922 1328 τυχεῖν
954 1279 1016 1316 vel
1043 1281 1181 1329 κυρεῖν
1212 1274 1373 1330 οἷλογίης
1402 1279 1449 1314 sit

789 1337 995 1372 contemtum
1004 1336 1169 1385 consequi
1176 1335 1201 1371 i.
1215 1347 1248 1371 e.
1269 1337 1448 1381 contemni,

786 1391 935 1440 negligi,
955 1386 1246 1443 ἅλιγωρεῖσθαι.
1275 1392 1353 1428 Nec
1374 1392 1447 1427 allo

787 1447 867 1484 fere
898 1461 1010 1485 sensu
1039 1447 1082 1486 ἐν
1112 1443 1252 1500 οἷλογίῃ
1282 1463 1319 1486 τι
1347 1447 1448 1498 ἔχειν

787 1504 851 1552 Vl,
873 1505 938 1551 75,
959 1504 1026 1540 ubi
1045 1502 1120 1541 vid.
1141 1511 1237 1540 nott.
1280 1505 1447 1541 Verbum

788 1558 991 1611 ἐπικυρεῖν
1019 1573 1109 1596 cum
1133 1560 1300 1610 genitivo
1325 1561 1447 1610 attigit

788 1617 954 1654 Passow.
975 1617 1016 1652 in
1030 1617 1173 1653 Melett.
1191 1617 1287 1653 critt.
1308 1617 1347 1652 in
1367 1618 1447 1652 Ae·-

785 1671 907 1723 schyli
934 1674 1038 1711 Pers.
1072 1672 1289 1722 (Vratislav.
1323 1673 1447 1723 1818)

785 1743 825 1780 p.
838 1728 905 1769 40.
926 1727 1191 1766 Valckenaerii
1207 1728 1446 1765 emendatio-

785 1798 878 1822 nem
907 1785 948 1821 in
985 1792 1135 1822 textum
1169 1786 1309 1836 recepit
1338 1784 1445 1822 Bek-

786 1840 913 1881 kerus.
971 1843 1029 1878 De
1049 1843 1241 1892 particulis
1257 1838 1446 1881 οὔτε-τε

786 1897 863 1937 vid.
886 1898 999 1935 allata
1018 1898 1067 1935 ad
1079 1900 1142 1946 VI,
1162 1901 1197 1938 1.

992 1988 1084 2038 cap.
1105 1987 1238 2026 CCIX.

843 2061 917 2106 ούκ
928 2061 1004 2116 εἶχε
1014 2063 1288 2118 συμβαλέσθαι
1298 2061 1340 2105 τό
1353 2061 1440 2113 ἕόν]

783 2124 808 2161 i.
832 2136 866 2160 e.
893 2125 1078 2170 conticere,
1103 2125 1300 2173 perspicewe
1325 2134 1443 2158 verum

783 2192 849 2216 non
878 2181 1006 2229 potuit.
1062 2180 1232 2217 Verbum
1262 2175 1443 2228 συμβάλ-

782 2238 925 2275 λεσθαι
945 2236 1051 2286 attigi
1072 2235 1121 2272 ad
1141 2237 1186 2283 V,
1211 2239 1248 2276 1.
1303 2234 1367 2271 Ad
1399 2230 1444 2274 τὸ

781 2288 850 2332 ἐὰν
869 2292 970 2329 conf.
979 2294 1008 2340 1,
1022 2294 1088 2333 97.
1110 2293 1297 2340 v11‚237.
1318 2291 1440 2328 Paulo

781 2355 865 2399 post
885 2349 1060 2386 revocavi
1073 2343 1354 2398 ἀπολεόμενοι,
1375 2347 1441 2383 ubi

780 2419 830 2442 ex
855 2405 997 2442 Aldina
1027 2407 1142 2456 vulgo
1182 2411 1439 2455 propagatum

779 2457 1058 2513 ἆπολεύμενοι.
1125 2462 1178 2498 At
1216 2461 1319 2498 conf.
1354 2461 1437 2508 Vll,

780 2520 876 2567 218,
892 2520 958 2556 ubi
977 2519 1083 2554 nulla
1102 2517 1290 2555 indicatur
1302 2517 1437 2553 lectio-

780 2576 839 2612 nis
858 2576 1029 2613 varietas.
1052 2596 1108 2601 ——
1145 2576 1204 2611 De
1224 2574 1262 2611 vi
1290 2574 1435 2624 passiva

779 2629 893 2669 huius
923 2631 1107 2683 participii
1141 2630 1215 2669 vid.
1256 2637 1352 2667 nott.
1386 2628 1435 2666 ad

778 2689 825 2738 V,
846 2688 914 2729 35-

838 2739 944 2797 αύτῷ
963 2744 1095 2795 γελοῖα
1116 2738 1190 2792 γεῖρ
1220 2739 1434 2790 ἐφαίνοντο

779 2799 949 2849 ποιέειν]
978 2799 1085 2836 Unus
1104 2799 1221 2834 Paris.
1241 2793 1361 2843 αύτός
1379 2797 1436 2833 al-
