1806 3181
427 133 512 171 660

832 122 1292 162 HERODOTI

402 243 538 288 Ξλους
576 232 897 290 ἐγκεχρημένοι·
941 232 963 275 ὁ
1011 231 1057 274 δὲ
1086 225 1151 274 ὧν
1180 230 1397 286 μέγιστος,
1426 226 1693 285 Ἀθηναίοισί

430 323 475 350 τε
504 305 578 348 καὶ
609 301 874 357 Αἰγινήτῃσι.
932 299 1037 356 μετὰ
1071 300 1144 350 δὲ,
1176 296 1506 352 πυνθανόμενοι
1535 295 1694 349 Ξέρξεα

434 374 515 417 σὺν
531 374 590 424 τῷ
620 373 788 423 στρατῷ
819 365 930 411 εἶναι
957 369 1003 411 ἐν
1032 367 1233 421 Σάρδισι,
1264 364 1583 420 ἐβουλεύσαντο
1614 379 1696 405 κα-

433 439 683 487 τασκόπους
713 435 894 490 πέμπειν
922 436 963 486 ἐς
994 435 1073 490 τήν
1099 433 1248 488 Ἀσίην
1275 436 1361 475 τῶν
1379 433 1578 487 βασιλέος
1592 446 1698 485 πρη-

437 509 633 566 γμάτων·
676 505 718 555 ἐς
745 504 902 559 ’Ἄργος
945 521 988 547 τε
1021 502 1240 558 ἀγγέλους,
1271 500 1505 556 ὁμαιχμίην
1536 503 1752 553 συνθη-65

438 575 652 632 σομένους
682 573 792 626 πρὸς
821 572 898 615 τόν
918 572 1105 625 Πέρσην,
1137 569 1208 612 καὶ
1242 568 1283 619 ές
1303 569 1510 623 Σικελίην
1540 565 1701 615 ἄλλους

439 646 623 700 πέμπειν
651 641 769 695 παρὰ
803 640 980 683 Γέλωνα
1010 639 1088 681 τὸν
1119 637 1416 692 Δεινομένεος,
1448 635 1489 685 ἔς
1517 650 1562 677 τε
1593 633 1702 686 Κέρ-

438 728 601 765 κυραν,
657 707 941 757 κελεύσοντας
969 705 1182 762 βοηθέειν
1210 709 1261 761 τῇ
1285 701 1488 753 Ἑλλάδι,
1541 701 1615 745 καὶ
1658 701 1701 752 ἐς

439 779 617 835 Κρήτην
657 777 839 827 ἄλλους’
880 773 1181 830 φρονήσαντες
1211 774 1251 815 εἴ
1273 788 1358 822 κως
1388 770 1435 813 ἓν
1455 786 1499 813 τε
1531 769 1702 827 γένοιτο

437 847 486 892 τό
512 844 784 901 “Ελληνικο“ν,
814 844 887 886 καὶ
909 844 945 885 εἰ
976 840 1275 898 συγκύψαντες
1303 837 1444 882 τώυτὸ
1467 837 1760 894 πρήσσοιεν70

409 913 623 968 Βπάντες,
661 911 719 963 ὥς
761 913 917 955 δεινῶν
953 910 1161 954 ἐπιόντων
1193 907 1353 964 ὁμοίως
1382 910 1486 949 πᾶσι
1503 904 1704 961 “’Ἐλλησι.
1760 902 1803 945 57

386 1130 456 1161 νος
470 1126 555 1150 eam
565 1113 604 1149 in
616 1110 855 1157 seutentiam,
876 1109 915 1145 in
929 1120 1045 1160 quam

385 1172 581 1221 vulgatam
622 1165 896 1220 ε’γκεχρημένοι
936 1178 1046 1201 acce—

385 1235 493 1279 perat
521 1228 657 1263 Portus
689 1224 730 1260 de
757 1223 868 1269 bellis,
900 1235 987 1271 quae
1010 1223 1046 1257 in

388 1284 550 1321 manibus
574 1282 772 1327 habuerint,
796 1291 915 1331 quum
933 1277 1048 1329 ἐγχει-

392 1344 554 1393 ρεῖσθαι
584 1340 625 1374 iu
654 1338 800 1388 passivo
823 1335 969 1372 dicatur
990 1332 1047 1375 id,

389 1399 450 1435 cui
485 1409 607 1433 manus
646 1394 912 1439 admoveamus,
961 1389 1050 1440 quod

388 1453 644 1503 aggrediamur
679 1456 793 1500 alque
822 1449 862 1484 in
892 1447 1051 1484 manibus

389 1510 592 1547 habeamus.
652 1508 747 1555 Legi
769 1517 921 1556 quoque
942 1516 1050 1553 posse

390 1564 640 1619 ἒγηγερμένοι
690 1561 794 1600 addit
837 1559 1050 1597 Bekkerus.

388 1621 600 1660 Larcherus
621 1633 709 1657 cum
729 1620 844 1656 Porto
866 1616 927 1653 hic
944 1617 1052 1665 cogi-

390 1686 475 1717 tans
495 1677 542 1715 de
561 1678 676 1725 verbo
689 1671 851 1728 ἐγχράω,
873 1686 949 1725 quo
970 1673 1052 1722 ipso

392 1738 529 1773 Noster
556 1747 646 1771 usus
677 1734 723 1769 sit
760 1732 834 1779 Vl,
875 1729 929 1770 75
970 1728 1053 1778 (ubi

395 1787 591 1845 ε’γχραύω)
617 1788 777 1841 feriendi
794 1801 837 1824 ac
858 1785 1057 1834 stringendi

394 1850 565 1895 notione,
581 1846 742 1896 intelligi
761 1845 844 1882 vult
865 1842 955 1880 bella
978 1853 1054 1879 cum

395 1906 480 1944 aliis
519 1907 676 1942 conserta
719 1901 880 1952 populis,
928 1898 1055 1950 prouti

395 1961 498 2013 apud
516 1963 672 1998 Homer.
691 1959 735 1995 11.
752 1958 853 2003 XVI,
870 1955 951 1996 352
972 1954 1059 1994 ε’πι-

397 2013 507 2070 χράω
539 2030 615 2055 cum
652 2018 780 2065 impetu
801 2013 922 2051 hostili
953 2013 1057 2048 inva-

400 2075 454 2122 do,
478 2077 617 2123 ingruo.
675 2073 759 2117 Quo
783 2069 920 2107 eodem
938 2067 1057 2105 modo

397 2130 631 2180 interpretati
650 2135 737 2165 sunt
755 2129 909 2163 Damm.
928 2126 1059 2162 inLe-

398 2187 474 2224 xic.
486 2188 643 2222 Homer.
662 2198 700 2234 p.
723 2185 830 2223 1262
843 2189 880 2218 et
900 2180 1059 2218 Schult-

401 2244 495 2284 zius.
572 2238 954 2288 Schweighaeuserus
1018 2238 1058 2274 in

400 2301 495 2338 Lex.
516 2299 673 2335 Homer.
701 2295 897 2344 vulgatam
926 2294 1060 2329 lectio-

402 2368 495 2393 nem
515 2349 788 2406 ἐγκεχρημένοι
804 2350 921 2400 repeti
940 2350 1020 2386 vult
1037 2362 1058 2385 a

402 2413 519 2450 verbo
540 2407 756 2463 ἐγχειρέειν,
779 2408 884 2444 cuius
903 2406 949 2442 sit
970 2418 1059 2456 par-

401 2469 575 2519 ticipium
625 2464 782 2518 perfecti
820 2463 955 2514 passivi
994 2475 1061 2512 per

402 2537 598 2577 syncopen
622 2529 749 2560 ortum
777 2532 824 2556 ex
844 2518 1062 2571 ἔγκεχειρη-

402 2580 516 2634 μένοι
531 2610 541 2629 ,
561 2579 664 2617 unde
683 2579 852 2629 primum
881 2575 1063 2611 exstiterit

406 2635 701 2690 ἐγκεχερημένοι
723 2648 766 2671 ao
794 2630 950 2678 deinde,
973 2632 1060 2668 elisa

405 2695 512 2731 brevi
568 2692 709 2738 vocali,
771 2685 1059 2741 ἔγκεχρημὲνοι.

408 2749 519 2797 Quod
546 2747 642 2786 mihi
671 2746 827 2801 quidem
848 2743 949 2782 haud
969 2757 1058 2796 per-

1106 1106 1233 1153 suasit,
1257 1105 1442 1142 auxilium
1463 1116 1484 1140 a
1496 1101 1687 1140 codicibus
1700 1099 1763 1137 hic

1103 1163 1348 1213 exspectanti.
1423 1158 1606 1196 Matthiae
1655 1156 1765 1209 ἐγκε-

1103 1218 1290 1272 χρημένοι
1335 1217 1383 1254 ad
1420 1211 1572 1268 ἐγχράω
1601 1227 1698 1251 num
1717 1214 1765 1250 sit

1104 1274 1350 1312 referendum
1383 1273 1582 1320 dubitans,
1620 1271 1765 1307 iutelli-

1105 1334 1180 1383 git:
1233 1331 1326 1369 bella
1361 1329 1541 1368 nonnullis
1572 1341 1649 1365 cum
1680 1327 1766 1365 aliis

1107 1387 1260 1438 gerenda
1283 1390 1440 1438 impacta
1463 1388 1576 1431 erant,
1604 1385 1631 1422 i.
1653 1397 1688 1421 e.
1707 1384 1768 1420 in-

1107 1448 1290 1495 gruerant.
1323 1466 1380 1471 —
1422 1445 1467 1480 In
1493 1454 1600 1494 seqq.
1622 1439 1768 1492 Ξέρξεα

1107 1502 1268 1550 retinui,
1324 1501 1431 1538 cuius
1480 1500 1565 1536 ioco
1605 1503 1768 1550 quatuor

1108 1557 1220 1595 codd.
1260 1555 1423 1609 Ξέρξην.
1446 1576 1499 1583 -
1534 1553 1597 1591 Ad
1626 1553 1767 1592 verba:

1109 1613 1326 1665 ὁμαιχμίην
1440 1608 1769 1662 συνθησομένους

1108 1667 1209 1722 πρός
1247 1667 1317 1709 τόν
1367 1665 1529 1721 Πέρσην
1577 1666 1770 1704 subinteu.

1108 1731 1192 1773 τοῖς
1209 1722 1424 1778 Ἀργείοιςς
1466 1731 1520 1761 est
1546 1724 1650 1760 enim
1678 1735 1771 1760 sen-

1109 1783 1249 1821 tentia:
1284 1784 1346 1833 qui
1364 1781 1624 1818 Atheniensium
1642 1782 1676 1816 et
1695 1779 1771 1816 Ar-

1110 1843 1270 1890 givorum
1301 1838 1430 1889 foedus
1473 1840 1595 1875 contra
1627 1835 1771 1874 Persam

1106 1900 1376 1948 paciscerentur.
1445 1892 1533 1932 vid.
1561 1893 1661 1941 VIII,
1691 1889 1771 1932 140

1112 1955 1147 2000 ξ.
1172 1956 1207 1994 1.

1171 2062 1445 2117 φρονήσαντες
1484 2062 1523 2103 εἷ’
1550 2077 1630 2109 κως
1659 2059 1703 2100 ἓν
1729 2073 1772 2100 τε

1114 2122 1265 2177 γένοιτο
1285 2118 1330 2161 τό
1349 2116 1615 2170 ““Ελληνικὸν]
1645 2117 1774 2153 Parti-

1115 2180 1257 2230 cipium
1267 2173 1542 2230 φρονήσαντες
1563 2175 1661 2212 bene
1681 2171 1773 2210 red-

1116 2235 1211 2272 dunt
1240 2234 1301 2271 hoc
1329 2232 1488 2279 consilio,
1542 2231 1633 2268 hunc
1652 2232 1692 2268 in
1712 2227 1805 2317 fi-.

1114 2304 1202 2338 nem,
1241 2297 1305 2337 ut,
1340 2290 1370 2326 si
1397 2288 1480 2324 fieri
1498 2293 1644 2339 posset,
1672 2286 1772 2323 inter

1115 2359 1248 2384 omues
1262 2347 1426 2383 Graecos
1438 2345 1666 2382 coalesceret
1676 2354 1773 2379 con-

1115 2402 1254 2450 cordia,
1279 2402 1497 2453 mutuisque
1515 2400 1657 2438 viribus
1674 2399 1773 2435 Per-

1115 2473 1196 2496 sam
1225 2459 1462 2509 repellerent.
1494 2479 1546 2484 ——-
1604 2457 1666 2492 Ex
1692 2465 1771 2491 uno

1118 2516 1307 2553 Sancrofti
1327 2513 1412 2552 cod.
1433 2511 1659 2551 Schaeferus
1672 2522 1771 2547 unus

1119 2572 1273 2610 dederat
1291 2570 1483 2624 γενοίατο.
1538 2567 1601 2606 Ad
1635 2568 1684 2607 ’ἓν
1705 2564 1772 2620 γέ·

1118 2644 1225 2668 νοιτο
1264 2628 1364 2668 conf.
1396 2627 1511 2663 etiam
1536 2626 1583 2674 V,
1611 2627 1636 2665 3
1667 2629 1704 2659 et
1727 2622 1769 2658 in

1116 2699 1222 2737 seqq.
1242 2684 1290 2721 ad
1310 2684 1470 2721 verbum
1498 2676 1770 2733 συγκύψαντες

1114 2749 1210 2780 nott.
1231 2739 1279 2778 ad
1301 2741 1367 2788 111,
1388 2741 1455 2780 82.
