1806 3181
392 138 477 177 700

393 245 472 289 τὸν
513 244 726 301 πόλεμον,
767 245 796 302 ᾑ
836 245 1047 289 πεσέεται·

799 136 1262 174 HERODOTI

1118 244 1392 297 ἀελπτέοντες
1431 248 1509 303 μὲν
1546 247 1652 299 τούς

379 314 592 369 “”Ελληνας
631 311 990 369 ὑπερβαλέεσθαι,
1021 311 1246 366 δοκέοντες
1281 318 1326 361 δὲ
1357 317 1433 361 τὸν
1463 315 1649 371 Πέρσην,

364 380 786 438 4κατακρατήσαντα
815 382 989 434 πολλὸν,
1017 381 1160 434 ἄρξειν
1187 383 1326 440 πάσης
1345 389 1420 442 τῆς
1434 384 1650 434 Ἑλλάδος.

391 448 589 492 Ἐποίευν
628 452 691 492 ὠν
732 450 938 506 ἐπίτηδες,
968 451 1041 493 ἴνα
1070 450 1195 505 ἔχωσι
1235 453 1346 507 πρὸς
1369 452 1446 496 τὸν
1476 453 1706 507 Πέρσην85

393 517 533 572 λέγειν
561 516 730 561 τοιάδε·
779 551 804 570 ,,
811 520 863 560 Ὠ
893 521 1086 574 βασιλεῦ,
1115 516 1258 574 ἡμεῖς,
1285 517 1651 575 παραλαμβανόν-

391 602 481 628 των
509 588 597 628 τῶν
624 584 842 641 Ελλήνων
868 584 1001 642 ἡμέας
1031 586 1073 637 ἐς
1102 585 1179 630 τὸν
1200 587 1391 644 πόλεμον
1413 591 1587 638 τοῦτον,
1615 587 1658 629 ἔέ·

393 669 568 709 ,,χοντες
598 652 787 710 δύναμιν
819 652 902 697 οὐκ
922 654 1157 710 ἐλαχίστην,
1188 653 1292 699 οὐδὲ
1321 655 1420 707 νέας
1433 655 1652 710 ἐλαχίστας

394 719 717 777 ,παρασχόντες
747 721 814 774 ἂν,
855 720 964 764 ἄλλα
1005 723 1205 774 πλείστας
1243 723 1349 780 μετά
1378 740 1425 779 γε
1449 721 1651 778 Ἀθηναί-
1664 727 1709 760 90

392 806 514 842 ,,ους,
556 789 639 833 οὐκ
688 789 953 846 ἐθελήσαμέν
993 806 1061 833 τοι
1102 790 1435 842 ἐναντιοῦσθαι,
1476 788 1582 833 οὐδέ
1611 804 1653 831 τι

364 856 678 914 5,,ἀποθύμιον
715 861 906 914 ποιῆσαι.
923 863 948 882 “
1009 862 1200 902 Τοιαῦτα
1239 860 1436 915 λέγοντες
1473 857 1653 915 ἤλπιζον

392 927 525 970 πλέον
553 943 594 969 τι
633 930 722 969 τῶν
752 926 895 969 ἄλλων
926 928 1145 970 οἴσεσθαι·
1188 928 1239 970 τά
1270 944 1349 981 περ
1382 926 1437 969 ἂν
1466 927 1540 970 καὶ
1569 924 1651 981 ἐγέ-

391 1011 515 1044 νετο,
557 993 615 1045 ὥς
652 994 746 1048 ἐμοὶ
778 992 930 1037 δοκέει.
987 994 1097 1049 πρὸς
1128 995 1173 1038 δὲ
1212 994 1545 1050 τούς”Ἐλληνάς
1573 1005 1652 1049 σφι

364 1070 387 1103 6
400 1067 557 1118 σκῆψις
588 1063 840 1117 ἐπεποίητο,
880 1066 933 1119 τῇ
972 1079 1052 1116 περ
1086 1063 1138 1118 δὴ
1176 1064 1250 1107 καὶ
1279 1063 1527 1118 ἐχρήσαντο.
1586 1063 1708 1104 αἰ-95

394 1131 619 1188 τιωμένων
647 1131 729 1186 γὰρ
759 1134 847 1173 τῶν
871 1130 1085 1186 Ἑλλήνων
1103 1131 1170 1174 ὅτι
1191 1130 1273 1174 οὐκ
1297 1130 1520 1187 ἐβοήθεον,
1551 1129 1652 1184 ἔφα-

394 1211 477 1243 σαν
504 1203 758 1256 ,,πληρεᾶσαι
785 1199 864 1254 μὲν
895 1198 1104 1254 ἑξήκοντα
1128 1197 1340 1256 τριήρεας,
1370 1197 1458 1242 ὑπὸ
1489 1197 1536 1241 δὲ
1559 1196 1652 1254 ἐτη-

337 1414 471 1438 corum
509 1400 610 1436 bello
640 1411 729 1434 cum
759 1399 901 1434 Xerxe.
938 1420 989 1426 -—-

337 1451 462 1512 Ρτοῇ
493 1457 646 1493 Struvio
675 1455 824 1505 placere
854 1455 916 1492 vel
945 1458 994 1510 τῇ

337 1516 399 1553 vel
418 1517 471 1566 κῇ
490 1514 567 1549 iam
587 1524 699 1563 supra
729 1513 994 1549 annotavimus

338 1570 387 1609 ad
407 1572 487 1618 VH,
514 1572 604 1610 163.

395 1622 672 1673 ἀελπτέοντες]
704 1625 730 1664 i.
752 1637 786 1661 e.
808 1623 994 1673 desperan-

338 1688 412 1731 tes,
442 1683 576 1720 nullam
592 1682 753 1719 habentes
772 1693 874 1730 spem,
898 1680 990 1730 fore,

337 1745 379 1778 ut
423 1741 555 1777 Graeci
590 1738 721 1776 Persas
773 1741 992 1787 superarent.

337 1796 475 1836 Suidas
505 1799 523 1832 Ι
547 1810 585 1846 p.
618 1796 670 1837 59
700 1795 857 1845 exponit
879 1789 994 1832 α’νελ-

338 1856 584 1899 πιστοῦντες.
616 1850 783 1904 Ηθεμὼ.
815 1852 890 1901 lp.
915 1853 993 1891 110

340 1927 395 1963 μη
423 1910 652 1956 ἐλπίζοντες.
711 1910 755 1945 In
785 1920 890 1959 seqq.
922 1921 994 1944 κα-

339 1964 638 2018 τακρατήσαντα
670 1961 817 2004 πολλόν
849 1964 993 2013 accipio

340 2037 431 2061 omn
469 2020 688 2072 Schweigh.
719 2022 820 2070 longe
838 2033 995 2070 superto-

341 2093 411 2117 rem
437 2093 463 2118 s,
494 2082 633 2128 augenti
660 2082 840 2129 reportata
880 2079 991 2113 victo-

341 2139 421 2180 ria5
451 2136 540 2183 „cler
559 2135 811 2172 Perserwiirde
831 2134 893 2170 den
906 2133 993 2170 voll-

342 2193 563 2241 sta'ndigsten
570 2190 659 2239 Sieg
669 2192 878 2240 erjecleten.“
890 2191 994 2226 Pau-

340 2251 379 2288 lo
418 2250 524 2286 aliter
561 2248 642 2292 VII,
687 2249 775 2287 129.
850 2247 995 2282 Vocula

343 2305 524 2355 ἐπίτηδες
546 2304 712 2352 consulto,
744 2303 786 2339 (Ie
804 2302 993 2349 industria,

341 2364 533 2400 invenitur
562 2362 764 2409 111‚130.
810 2357 992 2406 V11‚44.

336 2421 439 2468 VIII,
465 2418 558 2459 141.

395 2476 547 2527 ἔχοντες
581 2469 754 2520 δύναμιν
791 2465 866 2510 ov’n
906 2467 994 2508 ἔλα-

344 2533 481 2585 χίστην
503 2546 538 2570 κ.
559 2546 591 2569 τ.
610 2531 662 2579 λ.]
684 2531 741 2566 De
763 2528 883 2578 Coro)
886 2538 996 2562 raeo-

345 2603 431 2626 rum
460 2602 501 2625 re
520 2588 665 2635 navali,
688 2584 762 2638 quai
791 2597 880 2622 sane
899 2583 996 2619 inter

347 2648 535 2691 Graecos,
565 2645 613 2681 ab
640 2641 934 2680 Atheniensibus
965 2639 995 2676 si

346 2673 565 2748 discesseris,
582 2700 751 2737 maxime
765 2697 994 2743 eminebant,

345 2760 443 2797 conf.
464 2756 686 2809 Thucydid.
706 2758 735 2805 1,
757 2758 822 2797 33.
835 2756 887 2796 36
910 2753 995 2790 coll.

1052 1396 1119 1437 44.
1151 1400 1203 1439 68
1225 1397 1290 1435 fin.
1305 1419 1361 1425 —
1380 1398 1424 1434 In
1444 1409 1550 1449 seqq.
1571 1395 1707 1447 reliqui

1053 1453 1358 1502 ἐναντιοῦσθαι,
1399 1454 1504 1490 cuius
1539 1453 1626 1489 loco
1658 1465 1707 1489 ex

1050 1524 1128 1547 uno
1151 1510 1234 1548 cod.
1257 1509 1451 1548 Schaefer.
1466 1507 1705 1557 etMatthiae‚

1049 1568 1234 1618 probante
1256 1570 1378 1604 Koen.
1397 1566 1444 1603 ad
1458 1568 1617 1616 Gregor.
1630 1566 1707 1601 Co-

1050 1623 1163 1663 rinth.
1198 1638 1236 1674 p.
1265 1624 1345 1665 253
1375 1622 1559 1660 dederant
1597 1617 1705 1660 ἅντι-

1050 1683 1223 1728 οῦσθαι,
1261 1679 1363 1731 quod
1392 1679 1496 1716 idem
1513 1692 1615 1715 nunc
1637 1691 1706 1714 ex-

1051 1736 1172 1773 hibuit
1211 1735 1378 1773 Bekker.
1438 1737 1503 1773 Tu
1545 1735 1646 1772 conf.
1675 1736 1705 1783 1,

1051 1796 1144 1834 207·
1176 1794 1256 1840 VII,
1282 1796 1343 1833 10.
1365 1791 1417 1833 49
1438 1792 1504 1829 fin.
1529 1794 1620 1833 139.

1109 1845 1204 1889 ου’δέ
1245 1865 1281 1888 τι
1321 1844 1558 1900 ἀποθύμιον
1585 1849 1705 1898 ποιῆ-

1053 1907 1145 1955 σαι]
1187 1908 1294 1943 Bene
1322 1907 1483 1943 Portus:
1529 1905 1620 1942 nihil
1651 1907 1706 1942 in-

1050 1966 1169 2012 grati,
1199 1963 1289 2000 nz'lu'l
1307 1963 1442 2000 molesti
1461 1964 1624 2012 cuiquam
1639 1961 1706 2012 fa-

1051 2033 1145 2067 cere,
1176 2020 1228 2056 m'l
1240 2019 1387 2070 facere,
1419 2019 1508 2069 quod
1537 2018 1702 2066 offendat.

1050 2077 1161 2114 Conf.
1200 2078 1356 2113 Homer.
1390 2077 1435 2113 ll.
1474 2076 1577 2122 XIV,
1608 2077 1702 2116 261.

1049 2133 1111 2170 Ad
1126 2146 1261 2170 vocem
1282 2135 1432 2182 σκῆψις
1453 2132 1553 2169 conf.
1565 2133 1595 2179 1,
1611 2129 1700 2170 147.

1105 2188 1185 2228 ὑπὸ
1203 2187 1244 2228 δὲ
1264 2187 1449 2239 ἐτησιέων
1467 2184 1624 2238 οἷνέμων
1654 2183 1702 2225 v‘-

1050 2244 1279 2297 περβαλέειν
1309 2242 1479 2294 Μαλέην
1515 2258 1588 2282 ουκ
1621 2238 1703 2282 οἷοί
1771 2257 1794 2279 f

1050 2317 1089 2341 τε
1119 2301 1330 2352 γενέσθαι]
1373 2301 1398 2337 i.
1426 2314 1457 2341 e
1482 2313 1569 2351 prae
1592 2301 1702 2337 ventis

1050 2360 1165 2395 etesiis
1187 2370 1220 2394 se
1237 2371 1305 2394 non
1323 2369 1421 2407 posse
1439 2369 1601 2407 superare
1614 2354 1702 2393 Ma-

1052 2415 1153 2451 leam.
1176 2414 1296 2450 Affert
1316 2413 1488 2451 Eustath.
1504 2412 1552 2450 ad
1568 2411 1702 2464 Odyss.

1051 2485 1088 2521 p.
1122 2471 1240 2518 1521,
1273 2469 1325 2510 42
1355 2484 1384 2507 s.
1413 2471 1508 2518 204,
1533 2472 1584 2510 33
1607 2476 1643 2506 et
1663 2482 1702 2520 p-

1055 2527 1173 2574 1532,
1198 2529 1247 2567 18
1268 2540 1296 2564 S.
1320 2529 1415 2575 288,
1433 2530 1499 2567 23.
1557 2527 1614 2562 De
1634 2538 1703 2563 usu

1052 2583 1336 2634 praepositionis
1364 2580 1444 2623 v‘nd
1476 2581 1552 2621 vid.
1592 2582 1703 2619 allata

1053 2639 1102 2676 ad
1121 2641 1166 2687 V,
1191 2642 1240 2680 10
1262 2646 1299 2676 et
1320 2638 1367 2676 de
1387 2641 1510 2677 Malea
1539 2645 1634 2678 nott.
1655 2637 1703 2675 ad

1051 2697 1115 2744 IV,
1139 2699 1232 2737 179.
1274 2695 1385 2742 Quod
1405 2696 1453 2734 ad
1471 2697 1592 2746 ipsam
1610 2706 1702 2731 cau-

1053 2766 1146 2801 sam,
1179 2766 1296 2805 quam
1335 2752 1534 2804 Corcyraei
1553 2756 1702 2802 praete-
