1851 3181
485 281 569 321 434

881 280 1351 319 HERODOTI

463 390 617 444 5σμῶν
634 388 723 429 τῶν
737 388 991 430 Μουσαίου.
1026 386 1356 445 ἀναβεβήκεσαν
1382 390 1466 447 γὰρ
1496 390 1576 446 τὴν
1588 390 1750 447 ἔχθρην

485 451 943 510 προκαταλυσάμενοι·
975 456 1190 514 ἐξηλάσθη
1203 457 1286 513 γὰρ
1299 458 1386 502 ὑπὸ
1410 457 1652 513 Ἱππάρχου
1670 463 1751 502 τοῦ

487 521 806 576 Πεισιστράτου
836 521 859 566 ὁ
886 520 1202 579 Ὀνομάκριτος
1230 525 1272 578 ἐξ
1300 525 1540 582 Ἀθηνέων,
1584 523 1646 568 ἐπ’
1676 524 1750 568 αὖ·

483 589 673 647 τοφώρῳ
704 589 840 642 ἁλούς
869 588 956 634 ὑπὸ
973 592 1128 637 Λάσου
1151 598 1231 637 τοῦ
1255 593 1507 650 Ἑρμιονέος
1536 591 1751 648 ἐμποιέων

424 798 498 850 τήρ
527 798 595 838 καὶ
628 795 853 850 δημογόρος
872 802 1086 851 iunguntur

421 858 463 893 in
484 855 688 893 Themistii
709 858 770 895 Or.
794 859 923 895 XXVI
943 871 982 908 p.
1005 860 1082 898 321

423 915 493 961 D.,
532 920 690 950 notante
729 915 978 964 Wesseling„
1021 914 1087 965 qui

421 969 552 1007 laudat
573 973 797 1021 Harpocrat.
818 972 858 1007 in
888 967 1087 1016 Λιάθεσις

423 1034 461 1064 et
476 1028 627 1078 Ulpiau.
649 1027 698 1064 ad
712 1027 911 1066 Demosth.
927 1026 1086 1079 Olynth.

420 1086 456 1120 ΙΙ
475 1097 562 1134 pag.
590 1083 652 1124 14.
709 1083 816 1132 „Sed
837 1084 979 1134 (verba
999 1090 1087 1121 suut

422 1140 777 1191 Schweighaeuseri
808 1142 848 1178 in
880 1144 976 1179 Lex.
1006 1143 1087 1176 He-

422 1197 506 1234 rod.
527 1197 624 1248 s.v.)
647 1198 838 1247 διαθέτην
859 1200 995 1235 rectius
1007 1198 1087 1234 for-

422 1262 518 1291 tasse
549 1267 639 1290 cum
673 1255 781 1291 Valla
814 1262 850 1291 et
889 1255 1085 1291 Gronovio

421 1311 699 1348 edissertatorem
715 1319 779 1347 aut
792 1311 1001 1349 venditorem
1020 1311 1085 1346 in-

421 1368 590 1417 tellige83
641 1380 712 1417 ego
752 1367 911 1419 quidem
949 1368 1083 1404 lubens

421 1423 572 1462 Musaei
584 1425 728 1461 oracula
744 1425 979 1461 venditantem
994 1423 1085 1460 red-

423 1480 596 1517 dere1n.“
654 1482 894 1517 Gronovium
934 1487 1084 1517 secutus

423 1544 503 1574 erat
540 1536 752 1573 Larcherus
790 1544 962 1574 vertens:
1024 1539 1087 1587 qui

414 1593 544 1644 saz'soz't
584 1607 783 1640 commerce,
831 1596 895 1644 qui
923 1594 1084 1638 vendat,-

422 1663 540 1702 quam
559 1652 912 1701 interpretationem
940 1651 1084 1686 firmari

423 1709 474 1743 ait
484 1709 541 1754 iis,
557 1720 654 1759 quae
677 1708 862 1758 aToupio
885 1708 996 1744 allata
1011 1709 1084 1744 sint

421 1763 614 1800 Emendd.
636 1766 676 1799 in
694 1763 804 1802 Suid,
826 1765 879 1800 III
895 1778 934 1815 p.
951 1767 1032 1805 2ἲο
1053 1777 1082 1800 S.

422 1821 472 1857 T.
505 1822 541 1856 ΙΙ
569 1833 658 1871 pag.
680 1822 774 1861 326.
834 1821 918 1866 Quo
948 1821 1084 1856 melius

421 1878 530 1922 mint,
571 1879 665 1913 alter
708 1878 839 1913 Gallus
878 1878 1083 1927 interpres:

420 1934 595 1984 „fumeum
613 1934 717 1971 devin
741 1935 838 1983 quia
856 1936 971 1970 misen
985 1933 1087 1970 ordre

420 1990 469 2027 les
508 1991 654 2028 Oracles
690 1990 732 2026 de
761 1989 889 2027 Muse‘e
917 1994 949 2026 et
981 1990 1086 2040 qu'z'ls

419 2050 592 2084 menaz'ent
633 2046 728 2083 alors
769 2059 852 2083 avec
887 2060 968 2092 eux,
984 2049 1008 2067 “
1048 2053 1086 2083 et

419 2104 574 2153 Lange,
613 2103 839 2140 vernaculus
874 2104 1082 2153 interpres:

422 2160 485 2196 der
505 2172 580 2197 war
600 2162 656 2196 ein
682 2158 882 2208 Weissager
902 2160 975 2196 und
991 2160 1084 2196 Ord-

420 2228 484 2253 ner
505 2217 566 2253 der
602 2215 882 2264 Weissagungen
914 2217 974 2254 cles
993 2215 1084 2252 Ma-

421 2274 562 2309 ,πᾶνεμ
621 2272 774 2321 Optime
797 2273 912 2318 euim,
935 2273 1082 2322 opinor,

419 2330 644 2366 monstravit
654 2327 825 2365 Lobeck.
839 2330 878 2364 in
891 2327 1082 2378 Aglaoph.

420 2399 460 2436 p.
471 2388 553 2425 332
568 2398 661 2437 seq„
675 2386 900 2421 assentiente
911 2384 1079 2423 Nitzsch.

419 2443 477 2478 De
491 2440 620 2478 histor.
649 2442 808 2477 Homer.
829 2454 867 2491 p.
892 2444 969 2481 163
992 2440 1080 2478 huic

419 2499 505 2535 loco
530 2511 616 2534 eam
635 2510 754 2534 unam
782 2498 986 2533 convenire
1005 2511 1080 2533 no-

419 2556 566 2592 tionem
592 2554 698 2591 verbi
727 2553 972 2600 διατιθέναι,
1003 2554 1080 2606 (Ῑιιΐι

419 2612 543 2649 valeat
554 2611 760 2648 inordinata
772 2623 964 2660 componere
976 2615 1007 2647 et
1029 2611 1079 2647 ad

417 2668 670 2719 aequalitatem
682 2667 853 2716 redigere.
882 2668 1079 2718 ItnqueIO—

420 2725 678 2762 nomacritum
690 2722 880 2773 διαθέτην
893 2726 1079 2774 χρησμῶν

424 2782 641 2820 Μουσαίου
654 2781 886 2831 appellatum
908 2793 986 2816 esse
998 2782 1079 2817 vult

421 2837 468 2874 ab
482 2850 540 2884 eo,
553 2836 655 2888 quod
676 2849 765 2887 prae
775 2850 815 2873 se
824 2837 952 2873 tulerit
964 2843 1078 2887 atque

418 2894 606 2944 professus
644 2895 711 2941 sit,
761 2894 914 2943 negotio
952 2906 1078 2943 sparsa

1141 802 1287 837 Musaei
1316 801 1495 838 vaticinia
1524 800 1728 851 colligendi
1755 801 1805 838 li-

1141 859 1306 909 terisque
1340 857 1591 908 consignandi
1623 865 1683 905 et,
1727 871 1804 908 quo

1144 914 1313 965 quidque
1322 916 1520 965 pertineat,
1533 913 1709 951 docendi.
1722 913 1801 950 Ad-

1144 971 1198 1008 dit
1217 970 1321 1007 idem
1340 970 1511 1008 Lobeck.
1540 972 1629 1007 alibi
1650 984 1804 1023 quoque

1143 1029 1437 1064 commemorari
1515 1028 1804 1064 Onomacritum

1144 1086 1385 1121 oraculorum
1414 1086 1724 1135 interpolatorem
1745 1091 1805 1121 at·-

1144 1155 1218 1193 que
1247 1143 1392 1177 Musaei
1420 1140 1616 1193 quoddam
1647 1154 1802 1178 carmen

1142 1200 1202 1235 ab‘
1217 1199 1461 1235 Onomacrito
1481 1199 1722 1248 suppositum
1740 1198 1804 1234 in-

1142 1254 1260 1291 dicari
1274 1256 1467 1291 aPausan.
1482 1256 1511 1299 Ι,
1523 1258 1577 1294 22
1588 1255 1624 1299 ξ.
1639 1257 1677 1301 7,
1700 1253 1805 1305 quod

1141 1312 1188 1348 ab
1221 1312 1375 1348 oraculo
1397 1310 1590 1347 diversum
1609 1311 1722 1347 fuisse
1742 1312 1805 1348 vi·-

1141 1367 1287 1414 deatur,
1316 1369 1488 1419 itemque
1507 1367 1606 1413 VIII,
1631 1368 1682 1406 31
1707 1368 1744 1412 §.
1765 1372 1802 1407 1.

1139 1425 1209 1471 ΙΧ,
1232 1424 1284 1464 35
1308 1425 1343 1469 ξ.
1373 1426 1394 1464 1
1425 1421 1715 1476 Ὀνομακρίτου
1728 1422 1802 1472 ἔπη

1140 1482 1247 1517 nullo
1279 1480 1408 1517 addito
1447 1479 1610 1528 indicio,
1650 1493 1726 1531 quo
1759 1493 1803 1518 ea

1140 1540 1298 1574 Musaeo
1334 1544 1400 1573 aut
1433 1535 1584 1588 Orpheo
1622 1538 1803 1588 inscripta

1140 1595 1254 1631 fuisse
1274 1600 1413 1645 pateat.

1196 1648 1272 1701 τὴν
1309 1649 1461 1701 ἔχθρην
1496 1643 1802 1702 προκαταλυσά-

1141 1707 1280 1757 μενοι]
1312 1708 1339 1746 i.
1362 1720 1395 1743 e.
1426 1708 1628 1743 inimicitiis
1644 1709 1728 1743 ante
1744 1719 1800 1742 so-

1140 1764 1239 1801 lutis.
1269 1763 1371 1800 Male
1389 1764 1429 1799 in
1451 1761 1679 1814 quibusdam
1691 1760 1803 1799 codd.

1141 1817 1545 1871 προκαταλυσόμενοι.
1587 1818 1691 1855 Infra
1719 1819 1802 1865 VII,

1145 1878 1223 1917 146
1265 1874 1538 1915 καταλύεσθαι
1578 1875 1664 1911 coll.
1703 1875 1804 1921 VIII,

1145 1933 1238 1973 140.
1266 1934 1336 1981 IX,
1369 1935 1434 1972 11.
1492 1931 1567 1968 Ubi
1593 1932 1681 1968 satis
1700 1938 1805 1982 patet

1142 1988 1262 2025 medii
1281 1990 1454 2026 verbivis
1470 2001 1512 2026 ac
1525 1994 1702 2039 potestas.
1732 2001 1803 2027 κα-

1141 2048 1308 2085 ταλῦσαι
1336 2042 1430 2092 τούς
1461 2043 1660 2095 πολέμους
1707 2044 1805 2081 dixit

1140 2101 1366 2140 Plutarchus
1404 2103 1445 2138 in
1488 2100 1741 2139 Themistocl.
1777 2103 1803 2141 6

1141 2159 1207 2196 fin.
1230 2161 1386 2212 aliisque
1406 2160 1498 2195 locis
1515 2159 1561 2194 ab
1577 2159 1803 2208 Haitingero

1141 2217 1260 2252 allatis
1290 2219 1330 2252 in
1358 2217 1459 2253 Aott.
1490 2214 1599 2266 phill.
1626 2215 1802 2251 Monaoc.

1138 2274 1193 2308 ΙΙΙ
1214 2285 1302 2323 pag.
1323 2275 1419 2319 200,
1451 2272 1518 2307 ubi
1538 2272 1654 2307 etiam
1674 2269 1722 2307 de
1742 2271 1803 2307 Ιο-

1139 2331 1292 2365 cutione
1342 2331 1461 2366 λῦσαι
1510 2324 1580 2367 τόν
1617 2325 1801 2377 πόλεμον.

1138 2387 1231 2421 Mox
1262 2398 1353 2421 cum
1387 2383 1601 2421 Gaisfordio
1643 2385 1801 2435 aliisque

1138 2443 1282 2478 restitui
1323 2436 1610 2493 Πεισιστράτου
1625 2470 1635 2488 ,
1694 2439 1800 2492 quod

1135 2506 1284 2549 praeter
1312 2498 1492 2535 Aldinan·
1521 2497 1677 2548 praebet
1697 2497 1800 2534 San-

1136 2556 1242 2591 croft}
1266 2556 1361 2591 liber
1379 2567 1468 2591 cum
1489 2555 1583 2591 aliis.
1641 2554 1685 2589 In
1707 2554 1798 2590 Flo-

1137 2613 1285 2648 rentino
1320 2613 1476 2663 aliisque
1497 2611 1688 2647 invenitur
1704 2611 1798 2647 Πει-

1138 2669 1402 2717 σιστρατίὸεω,
1425 2667 1529 2720 quod
1550 2665 1744 2705 Schaefer.
1759 2671 1796 2702 et

1136 2724 1270 2762 Matth.
1292 2727 1542 2761 retinuerunt.

1193 2777 1266 2820 ἐπ’
1314 2777 1597 2830 αὐτοφώρῳ
1636 2773 1796 2824 άλοῦς

1135 2835 1216 2876 ’ὑπό
1238 2833 1418 2876 Λάσου
1448 2839 1521 2875 τοῦ
1545 2832 1794 2883 Ἑρμιονέος]

1135 2896 1193 2930 De
1237 2895 1428 2930 locutione
1470 2887 1529 2931 ἐπ’
1567 2886 1792 2943 αὐτοφώρῳ

1841 2931 1851 3003 ι,
