1834 3258
405 227 1040 267 POLYMNIA.VIL
1286 231 1372 270 459

105 337 200 390 „aa
225 337 261 380 εἰ
276 333 397 391 ἡμεῖς
416 333 600 392 ἡσυχίην
626 334 796 390 ἄξομεν,
820 335 907 380 ἀλλ’
942 335 1023 380 οὐκ
1053 337 1233 388 ἐκεῖνοι,
1267 336 1378 380 ἄλλα

105 405 202 460 „uoci
231 404 346 459 μάλα
376 403 710 457 στρατεύσονται
742 404 808 447 ἐπὶ
838 406 918 461 τήν
947 405 1179 461 ἡμετέρην,
1215 407 1252 449 εἰ
1289 406 1371 461 χρή

105 471 477 527 ,,σταθμώσασθαι
515 477 628 515 τοῖσι
658 470 976 527 ὑπαργμένοισι
1013 474 1057 525 ἐξ
1087 474 1286 516 ἐκείνων·
1327 476 1370 516 οἳ

103 540 299 595 ,,Σάρδις
332 556 376 583 τε
415 540 680 596 ἐνέπρησαν,
723 541 794 583 καὶ
824 540 990 596 ἤλασαν
1020 542 1062 593 ές
1101 540 1181 597 τὴν
1209 539 1366 595 Ἀσίην.

74 608 282 660 4,,οὔκων
303 608 609 664 ἐξαναχωρέειν
643 605 912 662 οὐδετέροισι
941 612 1139 660 δυνατῶς
1170 609 1265 663 ἔχει,
1296 605 1365 650 ἀλ-
1378 614 1424 648 35

102 675 182 728 „202
209 676 373 720 ποιέειν
401 675 429 731 ἢ
456 677 640 720 παθέειν
658 677 899 759 προκέεται
920 675 1060 731 ἄγων·
1108 679 1180 719 ἵνα
1209 675 1238 730 ἢ
1266 675 1368 718 τάδε

100 743 269 795 ,,ποὶντα
300 743 385 787 υπὸ
407 743 608 802 Έλλησι,
648 744 677 801 ἢ
707 745 850 788 ἐκεῖνα
879 761 1022 789 παντα
1051 743 1139 788 ὑπο
1178 742 1369 798 Πέρσῃσι

71 811 330 868 5,,γένηται·
361 810 410 855 τὸ
441 812 524 867 γὰρ
556 813 690 867 μέσον
720 814 854 857 ου’δὲν
869 817 944 870 τῆς
966 813 1121 868 ἔχθρης
1151 812 1251 855 ἐστί.
1284 813 1367 852 Κα-
1381 812 1427 849 40

100 879 207 932 „26²1
237 881 300 924 ὠν
327 880 692 935 προπεποιθότας
720 881 854 938 ἡμέας
883 882 1109 937 τιμωρέειν
1139 879 1222 935 ἤδη
1258 880 1369 934 γίνε-

100 965 223 1001 ,,ται,
255 950 328 992 ἴνα
357 949 430 992 καὶ
457 948 507 992 τὸ
540 950 776 1004 δεινὸν,τὸ
806 952 1033 1006 πείσομαι,
1064 953 1195 992 τοῦτο
1225 945 1369 1002 μάθω,

100 1015 284 1070 ,,ἒλοὲσας
311 1014 372 1060 ἐπ’
402 1015 568 1070 ἄνδρας
596 1017 804 1070 τούτους,
846 1017 949 1068 τούς
977 1034 1024 1073 γε
1055 1018 1128 1060 καὶ
1162 1014 1313 1065 Πέλοψ
1344 1011 1368 1057 ὁ

99 1082 275 1137 ,,Φρῦξ,
307 1083 393 1127 έών
421 1086 619 1140 πατέρων
649 1090 737 1128 τῶν
776 1086 893 1140 έμῶν
936 1088 1122 1136 δοῦλος,
1147 1082 1366 1136 κατεστρέ·

99 1157 239 1204 ,,ψατο
281 1151 420 1203 οὕτω,
463 1152 521 1203 ὦς
559 1154 632 1196 καὶ
672 1152 715 1203 ἐς
756 1152 855 1198 τόδε
896 1152 1023 1196 αὐτοί
1052 1169 1094 1195 τε
1122 1150 1369 1204 ι’ὥνθρωποι

98 1220 201 1274 „aab
229 1217 256 1276 ἡ
286 1224 343 1276 γῆ
382 1218 529 1265 αὐτῶν
569 1220 795 1277 ἐπώνυμοι
833 1224 914 1265 τοῦ
953 1218 1369 1276 καταστρεψαμένου

2 1291 43 1337 2κ
101 1287 399 1343 ,,καλέονται.“

192 1360 340 1400 Ταῦτα
370 1357 449 1414 μὲν
478 1356 545 1401 ἐπὶ
572 1361 760 1401 τοσοῦτο
791 1356 969 1413 ἐλέγετο.
1000 1355 1106 1412 μετὰ
1135 1355 1181 1400 δὲ
1210 1355 1368 1413 εὐφρό-

1438 1201 1447 1220 5

1380 1292 1426 1329 45

1426 1357 1495 1376 mox
1515 1352 1629 1385 tamen,
1650 1358 1703 1377 no-

1428 1388 1476 1410 ete
1495 1370 1679 1424 insequente

1427 1418 1529 1453 patrui
1547 1417 1659 1455 ponde-

42 1527 178 1566 darum
193 1538 346 1580 gentem
358 1530 601 1568 referendum
612 1545 702 1569 esse.

41 1586 152 1627 Couf,
173 1594 267 1626 nott.
291 1587 338 1624 ad
359 1588 424 1635 III
447 1591 513 1630 80.
535 1591 601 1630 88.
636 1589 702 1626 Cr.

39 1649 244 1693 praeterea·
252 1645 416 1681 conferri
436 1646 518 1682 vult
548 1647 703 1698 Olymp.

39 1700 400 1766 inPlat.A1cib.cp.
427 1704 478 1742 17
499 1715 586 1753 pag
610 1702 701 1743 151.

97 1752 158 1795 ότι
172 1757 208 1796 εἰ
225 1756 339 1808 ημεῖς
353 1756 524 1809 ησυχίην
544 1757 704 1810 α’ξομεν,

41 1807 122 1851 ἄλλ’
150 1809 224 1852 οὔκ
243 1814 410 1863 ἐκεῖνοι]
452 1817 559 1852 Unus
579 1816 704 1853 codex

40 1870 141 1905 male
181 1869 330 1921 {ngpoev
378 1870 466 1909 Vid.
494 1873 575 1920 VII,
608 1875 702 1913 171.

40 1925 140 1975 VIII,
165 1930 258 1968 108.
315 1929 373 1963 De
392 1929 577 1978 particula
607 1925 704 1967 (ἑλλοὶ

41 1981 120 2023 vid,
150 1983 262 2020 citata
293 1983 341 2021 ad
372 1985 451 2031 Vll,
477 1987 528 2025 10
549 1987 587 2031 ᾗ,
613 1988 638 2025 6
667 1992 703 2021 et

43 2037 91 2075 de
129 2040 245 2077 verbo
287 2037 608 2089 σταθμώσασθαι
645 2054 702 2090 ea,

44 2108 142 2148 quae
163 2098 270 2133 attuli
292 2096 341 2134 ad
358 2099 440 2145 VII,
462 2099 486 2138 9
509 2099 545 2146 ξ,
567 2101 606 2139 2.
625 2100 705 2135 Lo-

44 2154 239 2190 cutionem
278 2155 465 2204 γίνεσθαι
500 2153 584 2195 ’ὑπό
627 2170 706 2194 τινι

40 2210 148 2260 attigi
187 2209 236 2247 ad
264 2212 329 2259 ΙΙΙ,
361 2210 428 2253 45.
469 2212 514 2260 V,
555 2214 609 2254 30
637 2212 703 2251 fin.

41 2267 238 2314 vll‚139.

99 2320 222 2363 καλον
273 2317 330 2363 ὥν
370 2319 706 2376 προπεπονθότας

42 2377 169 2430 ημέας
195 2379 401 2433 τιμωρέειν
431 2379 512 2433 η’δη
533 2381 703 2434 γίνεται]

42 2436 70 2473 i.
92 2448 126 2477 e.
150 2436 313 2487 pulcrum
331 2439 448 2487 igitur
465 2441 545 2486 erit,
575 2441 607 2476 si
631 2451 704 2487 nos,

46 2505 136 2543 quas
163 2494 266 2543 prius
288 2497 445 2545 perpessi
472 2497 703 2534 sumusmz'u-

45 2551 134 2597 rias,
164 2563 225 2587 eas
243 2552 316 2588 iam
334 2551 450 2589 ultum
470 2565 600 2589 eamus.
630 2553 704 2589 Ubi

45 2604 227 2658 equidem
241 2619 331 2644 sane
342 2609 607 2659 exspectabam
618 2622 704 2645 me-

47 2662 156 2700 dium
219 2664 379 2701 verbum
426 2664 703 2717 τιμωρέεσθαι.

6 2762 10 2770 .
43 2720 149 2765 Quae
168 2727 379 2772 sequuntur
397 2722 532 2758 verba:
554 2721 622 2760 ἵνα
636 2721 704 2761 καὶ

44 2773 88 2816 τὸ
122 2775 257 2816 δεινόν
285 2774 329 2816 τὸ
348 2776 555 2829 πείσομαι,
585 2780 703 2818 τοῦτο

47 2827 189 2883 μάθω,
223 2847 292 2885 per
320 2834 482 2872 ironiam
502 2847 581 2872 esse
605 2833 704 2872 dicta

760 1538 862 1568 recte
900 1536 1034 1568 monet
1082 1528 1428 1581 Schweighaeuse-

761 1600 847 1625 rus:

764 1643 855 1696 quod
880 1645 1013 1681 malum
1051 1644 1108 1681 Tu
1135 1644 1225 1682 mihi
1243 1646 1424 1682 omz'narz's.

816 1697 894 1741 ἐών
917 1699 1095 1750 πατέρων
1116 1703 1196 1740 τῶν
1213 1699 1319 1751 ἐμῶν
1331 1701 1426 1740 δοῦ-

760 1759 853 1806 λος]
895 1759 953 1794 De
991 1771 1086 1795 voce
1119 1759 1262 1804 δοῦλος
1290 1759 1426 1794 monui

761 1814 811 1851 ad
841 1815 922 1863 VII,
953 1814 991 1855 5.
1049 1813 1111 1850 Ad
1141 1815 1289 1866 reliqua
1322 1815 1424 1852 conf.

759 1871 842 1919 VH,
875 1874 927 1911 96
963 1878 999 1908 et
1027 1873 1097 1918 IX,
1131 1873 1221 1918 116,
1244 1883 1319 1922 quo
1338 1872 1424 1908 loco

759 1928 839 1963 iam
849 1940 979 1964 sumus
1000 1929 1059 1964 usi
1079 1926 1127 1963 ad
1146 1928 1176 1974 Ι,
1199 1925 1237 1973 4,
1260 1927 1326 1963 ubi
1344 1927 1425 1965 vid.

759 1990 857 2020 nott.
881 2007 931 2012 —
959 1985 1054 2020 Mox
1081 1997 1172 2020 cum
1195 1984 1312 2021 Gaisf.
1336 1983 1425 2021 dedi

755 2038 995 2091 ‘'m''vsspoenm.
1017 2043 1186 2077 Zonaras
1207 2054 1237 2078 s.
1248 2054 1285 2077 v.
1297 2036 1424 2080 'Eum‘-

760 2112 886 2147 νυμος
896 2100 1069 2148 pag.796
1080 2096 1120 2135 h.
1131 2098 1157 2135 l.
1179 2096 1340 2134 afferens
1355 2112 1426 2134 ex-

761 2153 867 2191 hibet
898 2154 939 2193 οἷ
968 2151 1194 2206 ἅνθρωποι.
1251 2156 1309 2191 De
1329 2162 1424 2191 stru-

762 2218 869 2248 ctura
887 2212 989 2249 vocis
1018 2209 1228 2262 ἐπώνυμος
1257 2210 1424 2249 vidimus

761 2267 811 2305 ad
830 2269 878 2316 H,
903 2270 995 2308 112.
1054 2270 1138 2305 Hoc
1162 2269 1247 2305 loco
1268 2269 1328 2305 vel
1348 2284 1422 2307 κα-

760 2323 915 2364 λέονται
937 2323 1111 2362 additum
1129 2326 1290 2362 invenis.
1312 2326 1422 2366 Couf.

759 2379 1010 2419 Demostheu.
1035 2381 1122 2420 adv.
1153 2381 1315 2421 Androt.
1346 2383 1423 2418 Ar-

759 2452 867 2490 gum.
899 2451 986 2490 pag.
1007 2438 1101 2487 588,
1133 2442 1201 2480 27.
1229 2441 1287 2475 De
1306 2440 1417 2476 locu-

759 2497 865 2533 tione
896 2494 961 2536 ἐπὶ
1001 2499 1167 2535 τοσοῦτο
1186 2495 1263 2535 vid.
1291 2495 1339 2533 ad
1358 2497 1422 2544 IV,

759 2552 826 2593 45.
867 2551 970 2589 Add.
999 2554 1068 2600 IX,
1099 2555 1154 2595 65
1189 2553 1255 2589 fin.
1288 2554 1419 2603 Eurip.

760 2609 897 2661 Suppl.
918 2611 984 2650 87.

989 2699 1081 2750 Cap.
1103 2699 1176 2735 XII
1181 2726 1189 2736 .

820 2773 1002 2829 εὐφρόνη
1044 2791 1083 2815 τε
1127 2775 1302 2827 ἐγίνετο]
1354 2770 1420 2814 εὕ-

763 2830 922 2888 φρόνης
951 2846 1067 2879 voce,
1111 2831 1184 2883 qufn
1214 2831 1275 2870 hic
1305 2833 1422 2870 utitur

905 1591 948 1624 ut
995 1600 1202 1636 cognoscam
1247 1589 1424 1637 nimirum,
1455 1599 1462 1602 ‘
