1815 3181
288 1146 355 1190 46
412 1170 600 1210 χωῼὲξίιν

87 1209 362 1249 Expe1il1it1oni⁵3Si-

87 1245 191 1271 citit-sn
196 1244 220 1270 is
241 1253 275 1270 e
261 1244 341 1270 itus

88 1278 210 1311 inf7elix
231 1278 349 1306 Dorici-

419 166 474 204 7⁰

799 133 1281 198 'nERonoTl

418 272 573 326 τύριον
602 271 803 327 μέγιστον
833 273 1078 319 ποιεῦνται,
1118 267 1186 313 ὅτι
1215 272 1334 326 παροὶ
1363 273 1416 315 τὰ
1446 289 1680 329 μεμαντευ-

392 340 531 397 Ξμένα
571 339 732 383 ποιέων
763 337 997 393 διεφθάρη.

1052 339 1088 380 εἰ
1126 337 1210 393 γάρ
1250 339 1303 396 δή
1344 339 1402 396 μὴ
1432 341 1679 397 παρέπρηξε

421 409 579 465 μηδὲν,
619 405 686 450 ἐπ’
722 400 757 462 ᾧ
787 406 831 448 δὲ
863 403 1017 461 ἐστάλη
1049 405 1209 457 ἐποίεε,
1249 405 1331 451 εἷλε
1366 409 1421 451 ἂν
1450 408 1531 465 τὴν
1558 407 1679 462 Ἐρυ-
1692 415 1737 450 80

419 479 546 532 κίνην
574 472 737 530 χώρην,
776 473 850 516 καὶ
880 472 989 517 ἑλών
1028 473 1224 529 κατέσχε,
1267 473 1368 518 οὐδ’
1401 474 1456 517 ἂν
1477 473 1608 526 αὐτός
1637 492 1681 520 τε

391 544 497 587 3καὶ
532 541 559 599 ἦ
591 541 768 596 στρατιὴ
813 542 1049 598 διεφθάρη.

1114 543 1167 586 Οἱ
1201 541 1246 585 δ’
1287 537 1344 586 αὖ
1381 546 1683 600 Κροτωνιῆται

422 612 702 655 ἀποδεικνῦσι
732 612 900 667 Καλλίῃ
931 614 1011 670 μὲν
1050 617 1110 671 τῷ
1138 612 1289 671 Ἠλείῳ
1330 611 1522 665 ἐξαίρετα
1550 611 1597 654 ἐν
1624 615 1682 668 γῇ

1401 678 1642 694 ἳῖἳῖἳῖ

419 746 624 802 ἐνέμοντο
652 747 696 788 οἵ
714 749 912 792 Καλλίεω
944 748 1184 803 απόγονοι·
1214 748 1382 802 Δωριέι·
1410 748 1456 791 δὲ
1479 747 1553 790 καὶ
1572 751 1740 790 τοῖσι85

418 813 613 867 Δωριέος
653 813 937 870 ἀπογόνοισι,
982 816 1134 860 οὐδέν’
1176 817 1250 860 καί
1278 833 1346 859 τοι
1385 817 1422 859 εἰ
1452 814 1683 859 συνεπελά-

419 880 520 936 βετό
549 897 598 936 γε
628 886 710 926 τοῦ
739 887 1046 940 Συβαριτικοῦ
1076 885 1270 941 πολέμου
1299 883 1522 939 Δωριεὺς,
1551 885 1684 939 δοθῆ-

390 954 498 992 4ναι
528 948 582 991 ἄν
613 952 655 993 οἱ
683 951 988 1009 πολλαπλήσια
1025 951 1054 1009 ἦ·
1087 955 1268 1010 Καλλίῃ.
1315 956 1454 996 ταῦτα
1493 952 1574 1007 μέν
1601 967 1686 995 νυν

417 1016 614 1072 ἑκάτεροι
644 1017 790 1063 αὐτων
818 1019 1040 1076 μαρτύρια
1071 1019 1417 1076 αποφαίνονται·
1455 1021 1529 1063 καὶ
1557 1019 1687 1075 πάρε-

418 1098 486 1129 στι
516 1083 760 1140 ὁκοτέροισί
791 1106 855 1140 τις
894 1090 1093 1132 πείθεται
1135 1088 1282 1132 αὐτῶν
1322 1088 1518 1133 τούτοισι
1559 1098 1691 1141 προσ·
1698 1093 1744 1127 90

362 1351 418 1400 psi
437 1352 554 1389 τοῦτο
577 1349 640 1399 δὲ,
670 1352 737 1388 ubi
765 1353 929 1403 simplex
950 1349 1021 1390 auss

363 1407 503 1443 tecedit
524 1405 595 1457 μὲν
610 1421 680 1459 pro
701 1411 818 1448 τοῦτο
838 1407 934 1460 μὲν.·
975 1409 1023 1447 de

363 1476 440 1515 quo
467 1463 545 1501 vid.
577 1466 624 1502 G.
646 1467 858 1503 Hermann.
887 1466 935 1503 ad
954 1468 1024 1504 Vi-

362 1533 442 1570 ger.
471 1533 562 1571 pag.
595 1525 692 1563 702.
758 1522 897 1559 Itidem
935 1537 1025 1560 oum

361 1584 520 1614 recentt.
534 1576 639 1615 editt.
656 1581 802 1616 restitui
822 1575 900 1619 ἐπ’
924 1581 954 1634 ᾧ
981 1577 1024 1619 δὲ

362 1629 505 1684 ε’σταλη
520 1662 532 1679 ,
560 1647 582 1671 a
603 1634 810 1673 Sohaefero
831 1643 1025 1673 mutatum

363 1690 404 1725 in
446 1686 522 1729 ἐπ’
565 1707 585 1731 ο
625 1689 668 1730 δὲ
707 1689 872 1743 ἐστάλη,
920 1692 1026 1746 quod

363 1747 489 1797 ipsum
511 1746 587 1784 duo
608 1750 792 1799 praebent
809 1750 910 1787 libri.
960 1751 1026 1787 Tu

363 1804 464 1840 conf.
485 1805 551 1851 HI,
575 1804 627 1846 59
658 1806 787 1857 ibique
807 1813 903 1843 nott.

421 1913 685 1956 ἀποδεικνῦσι
712 1918 866 1971 Καλλίῃ
887 1915 960 1968 μὲν
972 1920 1027 1972 τῷ

362 1967 502 2026 Ἠλείῳ
544 1972 788 2024 ἐξαίρετα
828 1989 865 2013 κ.
893 1989 928 2012 τ.
960 1976 1023 2024 λ.]

365 2027 541 2077 ἐξαίρετα
567 2028 614 2065 de
643 2042 824 2079 agrorum
852 2032 1028 2081 portione

366 2098 386 2120 e
415 2086 568 2136 reliquis
599 2086 718 2122 electa
748 2093 784 2123 et
817 2087 957 2123 Calliae
986 2089 1027 2124 iu

365 2140 552 2178 honorem
565 2143 749 2191 assignata
761 2143 931 2192 intelligo
946 2157 1026 2180 non

366 2199 472 2235 aliter
487 2205 600 2249 atque
620 2199 683 2245 IV,
708 2201 782 2239 161
801 2211 811 2235 t
842 2202 895 2250 τῷ
916 2199 1027 2250 βασι-

367 2250 581 2307 λέϊΒοὲττῳ
606 2252 769 2304 τεμένεα
794 2252 937 2302 ἐξελών
957 2254 1025 2294 καὶ

369 2307 580 2360 ἱρωσύνας,
610 2312 677 2347 ubi
710 2310 787 2347 vid.
810 2318 906 2348 nott.
945 2314 1025 2348 Ne—

369 2381 443 2419 que
473 2366 549 2404 huc
580 2380 660 2404 non
689 2368 880 2417 pertinent
917 2367 1030 2420 γε’ρεα

366 2423 656 2476 ἐξαραιρημένα
688 2425 737 2467 II,
773 2426 852 2465 168
885 2426 971 2462 coll·
1000 2426 1030 2471 I,

374 2480 465 2521 148.
485 2502 542 2508 -
599 2482 643 2516 In
664 2493 743 2532 seq.
766 2479 953 2531 ἐνέμοντο
977 2488 1032 2518 est

363 2537 588 2586 possidebant
607 2541 640 2574 et
661 2539 697 2573 in
717 2549 816 2574 suum
834 2550 932 2574 usum
952 2552 1026 2575 con-

371 2595 570 2631 vertebant:
615 2606 691 2645 qno
712 2606 824 2630 sensu
846 2593 948 2631 haud
969 2596 1031 2630 in—

374 2651 549 2701 frequens
569 2649 672 2701 apud
685 2649 924 2687 Herodotum
943 2665 1032 2688 ver—

369 2707 465 2743 bum
485 2706 691 2756 νέμεσθαι,
711 2714 754 2743 ut
774 2708 839 2754 111,
858 2710 949 2748 160.
967 2708 1033 2755 IV,

375 2763 468 2804 165.
492 2765 583 2805 188.
607 2765 700 2804 191.
723 2766 788 2804 11.
815 2765 876 2804 18.
901 2767 966 2806 19.
986 2765 1031 2812 V,

658 1155 859 1199 Συνὲπλε
864 1173 917 1200 ον
950 1156 996 1200 δὲ
1027 1157 1197 1212 Δωριέι·
1231 1157 1306 1201 καὶ
1346 1156 1469 1200 α’λλοι
1511 1155 1685 1211 συγκτί-

1079 1355 1147 1395 95.
1218 1355 1322 1391 Voce
1365 1348 1581 1406 α’πογὸνων
1594 1383 1604 1401 ,
1654 1365 1745 1389 mo-

1079 1417 1195 1447 nente
1215 1410 1448 1447 Dahhnann.
1467 1423 1554 1462 pag.
1572 1409 1639 1457 51,
1659 1410 1746 1460 ple-

1080 1481 1244 1519 rumque
1252 1481 1331 1505 non
1351 1467 1520 1505 secunda
1531 1466 1746 1518 eademque

1081 1526 1259 1576 proxima
1287 1526 1395 1576 stirps
1426 1524 1638 1571 indicatur,
1677 1521 1745 1560 sed

1081 1582 1191 1618 tertia
1230 1588 1390 1633 nepotes
1434 1594 1532 1633 quae
1572 1580 1745 1632 eomple—

1084 1639 1208 1675 ctitur.

1139 1689 1445 1744 πολλαπλήσια]
1485 1693 1544 1729 Ita
1574 1705 1595 1728 e
1625 1691 1747 1742 pluri-

1082 1763 1238 1787 morum
1267 1749 1380 1787 codd.
1410 1750 1632 1786 auctoritate
1653 1749 1748 1785 scri-

1083 1808 1140 1858 psi
1159 1820 1228 1858 pro
1251 1802 1540 1853 πολλαπλᾶσια,
1562 1803 1668 1856 quod
1687 1811 1748 1841 te-

1082 1865 1167 1900 nuit
1188 1862 1377 1900 Gaisford.
1390 1892 1399 1910 ,
1422 1863 1487 1913 qui
1507 1860 1548 1898 h.
1568 1863 1596 1898 l.
1616 1860 1748 1898 laudat

1082 1919 1226 1957 Herod.
1246 1921 1328 1966 VII,
1339 1918 1408 1960 48.
1427 1920 1528 1963 VJII,
1541 1916 1634 1959 140.
1654 1916 1747 1958 143·

1084 1975 1256 2014 Lobeck.
1269 1976 1317 2013 ad
1329 1974 1540 2028 Phrynich.
1551 1987 1641 2025 pag.
1653 1976 1749 2014 663.

1085 2035 1151 2071 Tu
1194 2032 1283 2070 add.
1328 2039 1426 2069 nott.
1462 2031 1512 2069 ad
1549 2033 1625 2079 HI,
1669 2030 1749 2071 135

1085 2098 1122 2127 et
1151 2091 1214 2137 IV,
1237 2089 1306 2130 50.
1329 2110 1386 2116 —
1405 2090 1501 2125 Mox
1518 2087 1649 2138 scripsi
1675 2081 1747 2125 αὖ·

1084 2148 1163 2184 τῶν
1182 2159 1251 2196 pro
1275 2140 1443 2183 αὐτέων.

1291 2268 1384 2320 Cap.
1404 2269 1542 2305 XLVI.

1136 2368 1366 2410 Συνέπλεον
1383 2369 1427 2410 δὲ
1441 2371 1596 2422 Λωριέϊ
1601 2388 1638 2412 κ.
1647 2388 1682 2413 τ.
1693 2374 1748 2422 λ.]

1088 2425 1150 2462 Ad
1191 2427 1417 2479 συγκτίσται
1455 2430 1557 2467 conf.
1583 2431 1750 2483 ,Pollux

1087 2484 1156 2530 IX,
1190 2486 1231 2524 6.
1296 2485 1473 2522 Meminit
1507 2485 1622 2524 huius
1650 2499 1750 2538 quo-

1089 2553 1164 2590 qne
1195 2540 1249 2576 rei
1278 2541 1446 2579 Pausan.
1475 2543 1542 2590 111,
1576 2545 1628 2584 16
1651 2545 1689 2588 §.
1709 2542 1751 2591 4,

1087 2596 1148 2634 At
1164 2596 1406 2658 henaeum¹2
1453 2598 1614 2636 heroem
1650 2601 1751 2636 iuter

1088 2653 1219 2689 Doriei
1245 2655 1403 2692 comites
1428 2656 1617 2693 referens:
1670 2668 1748 2707 quo

1090 2708 1248 2761 quidem
1269 2713 1428 2748 nomine
1460 2725 1582 2764 aeque
1600 2712 1749 2763 siguifi-

1090 2773 1197 2803 catur
1217 2768 1427 2818 Spartanus
1444 2767 1563 2807 homo
1573 2775 1688 2822 atque
1707 2767 1747 2806 h.
