1806 3181
271 178 354 218 812
830 183 1194 220 ADDENDA

491 289 641 323 dedimus
668 286 713 323 οὔ
741 302 785 335 κῃ
809 289 936 333 πρόσω
961 292 1139 326 Bekkerus
1164 292 1302 326 retinuit
1325 292 1408 328 οὐκὶ
1433 293 1572 337 πρόσω.
1622 296 1671 330 Ad
1695 307 1755 330 vo-

490 347 562 368 cem
595 331 793 376 ὁποδαπὸς
822 337 913 378 vide,
937 349 1025 382 quae
1049 339 1169 372 similia
1193 339 1295 372 affert
1317 341 1504 375 Blomfield.
1529 341 1682 376 Glossar.
1710 343 1755 376 ad

491 381 647 423 Aeschyl.
671 383 709 416 S.
735 394 764 415 c.
791 383 857 416 Th.
883 385 962 418 351.

272 425 325 460 Ad
342 426 386 469 V,
413 427 454 461 15
473 438 552 471 pag.
577 428 635 462 ΞΩ.
678 428 811 461 Statuit
836 429 1024 472 Cousinery
1047 431 1073 463 1.
1095 429 1116 463 l.
1142 429 1160 461 I
1182 440 1216 474 p.
1243 431 1306 464 175
1341 432 1568 476 Siropaeones
1599 437 1755 476 agrestes

488 473 543 505 hic
575 473 731 507 confundi
771 486 843 507 cum
868 476 1145 519 Siropaeonibusr,
1170 475 1263 508 urbis
1287 476 1399 510 Sirios
1424 478 1551 512 incolis.
1598 479 1655 512 Tu
1685 479 1753 513 vid.

490 518 603 559 etiam,
628 530 716 563 quae
739 520 780 552 ad
806 521 935 554 Herod.
965 521 1058 561 v111,
1084 521 1148 555 115
1174 521 1417 556 adnotabimus.

271 565 324 597 Ad
352 565 392 607 γ’
419 566 462 600 ¹⁶
484 576 562 653 ia}
587 565 657 645 {ib
691 565 1750 649 ffi¹ss⁰ff155¹2affffsr²⁰'iis’czissibssi’iffaliii‘ssssn‘iss'sssffiii't‘iri'd‘

489 636 771 699 coloniam’esse,
806 641 906 702 Dquae
940 624 1147 691 e’xqaltioris
1171 642 1341 692 Thriiciae
1364 660 1531 694 montibus
1570 662 1677 704 (nam
1705 641 1754 695 ibi

488 702 810 746 quoqueAgrianes)
823 705 887 737 buc
898 704 1124 746 descenderit,
1149 704 1424 749 quemadmodum
1453 707 1601 740 Doberes
1617 718 1754 752 quoqne

487 753 578 780 teste
600 748 811 790 Thucydide.

272 794 321 826 Ad
348 795 389 834 V,
417 795 459 830 16
482 805 561 838 pag.
585 795 640 827 23.
691 794 790 834 Quod
816 796 1023 829 Brasiadem
1046 795 1153 828 lacum
1178 795 1265 829 haud
1292 795 1393 829 alium
1417 800 1522 842 atque
1547 798 1677 831 Bolben
1700 797 1751 831 vi-

487 839 560 872 deri
584 839 739 880 diximus,
762 841 852 874 idem
876 841 1043 886 placuisse
1066 841 1134 874 vidi
1159 842 1326 875 Schoellio
1354 843 1387 875 in
1411 848 1481 877 not.
1506 842 1549 876 ad
1573 844 1606 876 h.
1632 844 1653 876 l.
1681 843 1750 877 Pa-

486 896 559 918 rum
583 890 696 926 recte,
721 886 750 918 si
773 898 855 920 vera
878 887 985 921 tradit
1010 887 1197 930 Cousinery
1224 888 1246 920 Ι.
1272 887 1294 921 l.
1321 899 1398 932 pag.
1423 890 1479 923 55.
1509 890 1586 924 113.
1603 890 1751 934 178seq.

489 930 567 970 Quo
600 938 740 965 auctore
775 934 880 967 Bolbe
912 933 1009 977 palus
1040 933 1123 966 mari
1157 933 1310 978 proxima
1333 945 1421 968 nunc
1443 942 1584 968 vocatur
1612 936 1751 976 Bcchic,

486 977 575 1010 unde
600 977 735 1010 multum
759 979 910 1012 diversus
925 980 1065 1012 Prasias
1079 979 1183 1020 lacus,
1207 979 1263 1024 qui
1288 990 1375 1012 nunc
1399 980 1591 1024 appellatur
1605 981 1749 1022 Doae'ran,

485 1023 543 1067 qui
566 1022 600 1055 in
625 1024 778 1057 confiniis
801 1025 927 1058 veteris
942 1025 1159 1059 Macedoniae
1170 1025 1434 1069 septentrionem
1457 1037 1576 1059 versus
1601 1026 1643 1059 ad
1655 1038 1749 1060 mon-

486 1074 555 1102 tem
587 1068 749 1103 Orbelum
773 1071 891 1115 quaeri
917 1071 1030 1113 debet,
1068 1071 1127 1105 ubi
1150 1072 1231 1104 urbs
1257 1072 1390 1105 Doiran
1414 1071 1561 1106 eiusdem
1586 1072 1750 1112 nominis,

483 1114 552 1148 vid.
576 1114 656 1148 ibid.
682 1127 714 1160 p.
739 1117 795 1152 93.
822 1118 888 1151 114
911 1129 983 1162 seq.

264 1160 314 1192 Ad
341 1160 382 1201 V,
409 1161 453 1196 16
475 1171 554 1205 pag.
581 1162 636 1194 25.
684 1162 736 1195 De
757 1164 924 1206 piscibus,
957 1163 1015 1208 qui
1037 1162 1191 1196 iumentis
1215 1173 1256 1195 ac
1279 1162 1386 1195 bobus
1411 1162 1478 1195 sint
1493 1163 1628 1206 pabulo,
1651 1162 1751 1207 plura

482 1207 679 1241 recentioris
713 1208 838 1241 aetatis
871 1211 1025 1253 exempla
1059 1220 1100 1242 ex
1135 1208 1296 1252 Angliae‚
1337 1208 1534 1252 Norvegiae
1564 1209 1750 1253 Indiaeque

481 1251 552 1285 oris
585 1253 739 1286 attulisse
772 1255 881 1287 fertur
918 1254 1042 1288 Roulin
1078 1255 1215 1294 (Revue
1252 1253 1311 1286 des
1345 1254 1434 1287 deux
1466 1255 1621 1297 Mondes.
1669 1254 1748 1288 Vid.

481 1298 642 1331 Ausland.
670 1300 757 1333 1833
781 1311 831 1334 nr.
861 1302 953 1344 152).
1002 1301 1122 1345 Itaque
1145 1299 1310 1332 immerito
1335 1299 1378 1333 de
1410 1300 1606 1333 Herodotea
1630 1311 1748 1333 narra-

482 1343 576 1376 tione
599 1344 733 1377 dubitat
755 1345 944 1390 Cousinery
973 1347 995 1380 l.
1020 1346 1042 1380 l.
1077 1347 1093 1379 1
1117 1357 1150 1389 p.
1177 1347 1254 1379 180.
1280 1346 1356 1386 181,
1396 1345 1583 1378 concedens
1614 1345 1749 1390 quidem

482 1389 591 1422 lacum
626 1390 774 1434 piscibus
809 1392 1002 1434 abundare,
1033 1391 1093 1424 sed
1117 1390 1273 1423 iumentis
1296 1390 1455 1435 pabulum
1488 1392 1655 1436 praebere
1685 1403 1745 1435 po-

481 1434 591 1468 tuisse
628 1447 766 1478 negans.
813 1438 905 1469 Idem
937 1438 971 1470 in
1002 1440 1083 1470 nota
1121 1436 1245 1469 asserit
1273 1435 1306 1468 in
1332 1436 1531 1481 Philippinis
1554 1436 1672 1470 insulis
1693 1439 1748 1470 Ia-

482 1492 556 1513 cum
580 1480 723 1514 inveniri
746 1489 842 1515 tanta
866 1483 1007 1528 piscium
1033 1482 1131 1526 copia
1153 1483 1329 1524 refertum,
1352 1487 1392 1516 ut
1414 1483 1536 1526 corbis,
1560 1494 1661 1528 quam
1682 1482 1746 1517 im-

480 1526 608 1568 mittas,
631 1527 744 1560 statim
767 1528 918 1572 piscibus
940 1529 1123 1573 rep'eatur.

263 1571 314 1604 Ad
340 1571 381 1614 V,
408 1572 450 1608 17
474 1583 506 1617 p.
530 1574 586 1606 27.
636 1572 686 1606 De
720 1575 850 1617 Dysoro
887 1578 999 1608 monte
1031 1576 1162 1608 tractat
1202 1573 1403 1617 Cousinery.
1425 1573 1448 1607 l.
1471 1573 1526 1606 l.1
1548 1585 1583 1618 p.
1606 1574 1662 1609 55.
1686 1575 1744 1614 56,

479 1617 538 1650 ubi
573 1619 720 1651 Dis-oron
754 1620 858 1661 (quod
890 1632 910 1653 a
944 1620 1001 1659 δίς
1032 1625 1068 1653 et
1098 1617 1186 1662 ὅρος
1211 1619 1412 1662 descendat)
1436 1619 1540 1652 scribi
1563 1620 1647 1662 vult,
1671 1631 1745 1653 cum

478 1675 572 1696 mons
596 1663 641 1696 sit
656 1664 799 1708 duplicis
824 1666 1016 1707 cacuminis,
1041 1666 1172 1709 qualem
1196 1664 1342 1708 speciem
1365 1675 1453 1697 nunc
1467 1666 1632 1708 praebeat
1650 1676 1744 1699 mons

483 1710 655 1751 Cortlziat,
684 1712 751 1754 qua
777 1711 973 1745 Chalcidica
997 1712 1092 1754 regio
1116 1710 1268 1754 incipiat,
1293 1710 1529 1753 navigantibus
1553 1711 1744 1754 longecon-

480 1755 627 1799 spicuus.
677 1756 778 1796 Quod
802 1768 879 1790 num
914 1763 1008 1791 recte
1039 1755 1220 1796 statuerit,
1264 1755 1339 1789 aliis
1367 1756 1616 1789 diiudicandum
1642 1756 1743 1789 relin-

478 1811 556 1844 quo.
605 1801 699 1834 Idem
735 1802 934 1846 Cousinery.
960 1803 981 1836 l.
1005 1803 1026 1835 l.
1053 1814 1130 1847 pag.
1160 1804 1234 1837 106.
1263 1804 1338 1836 112.
1366 1803 1442 1836 115.
1469 1803 1534 1836 178
1569 1801 1744 1835 contendit

479 1846 610 1890 legatos
636 1848 769 1890 Persas,
793 1853 1022 1891 transgressos
1047 1848 1181 1881 metalla
1205 1847 1247 1880 ad
1260 1846 1494 1881 Crestonicam
1514 1848 1580 1881 sita
1604 1851 1742 1887 terram,

477 1892 610 1935 Dysoro
633 1900 744 1926 monte
770 1894 812 1927 ad
833 1894 965 1928 laevam
988 1895 1120 1935 relicto,
1145 1894 1179 1926 in
1202 1893 1376 1937 planitiem
1408 1893 1624 1927 descendisse
1654 1893 1742 1926 haud

476 1937 526 1971 ita
549 1938 648 1983 longe
672 1940 715 1972 ab
739 1940 823 1973 urbe
845 1940 1090 1974 Thessalonica
1113 1940 1184 1973 sive
1209 1938 1393 1979 Salonichi,
1412 1943 1451 1971 ut
1475 1950 1563 1972 nunc
1586 1942 1741 1981 vocatur,

475 1983 622 2028 indeque
655 1985 802 2019 traiecto
835 1986 922 2020 Axio
955 1987 1120 2020 Edessam
1155 1997 1193 2019 se
1217 1984 1401 2018 contulisse
1425 1984 1550 2018 itinere
1580 1995 1644 2030 per
1666 1984 1741 2029 pla-

473 2029 589 2063 nitiem
611 2032 715 2065 facto.

256 2073 308 2107 Ad
334 2075 376 2118 V,
401 2076 446 2110 23
470 2087 505 2120 p.
532 2077 588 2111 35.
634 2076 675 2110 In
697 2077 812 2110 verbis
837 2073 902 2111 ἅτε
927 2074 966 2111 δὲ
992 2074 1194 2120 τειχέοντος
1218 2072 1292 2120 ἥδη
1316 2072 1495 2109 Ἱστιαίου
1526 2075 1597 2109 τοῦ
1621 2075 1740 2119 Μιλη-

475 2121 557 2154 σίου
583 2134 613 2155 κ.
639 2135 668 2155 τ.
693 2124 724 2156 λ.
771 2124 906 2167 Steger.
941 2128 1018 2167 post
1041 2135 1157 2157 vocem
1183 2122 1367 2165 Μιλησίου
1407 2120 1574 2154 excidisse
1607 2121 1741 2154 coniicit

475 2165 671 2210 ΙΠύρκινον
695 2175 730 2202 et
752 2174 830 2212 post
853 2167 991 2211 μισθὸν
1016 2168 1264 2202 distinctionem
1282 2167 1388 2200 inseri
1410 2166 1494 2203 vult.
1540 2166 1605 2200 Cui
1620 2167 1738 2200 merito

474 2213 670 2292 οὓῐιέμιίῑω·
710 2226 831 2249 censor
856 2215 1042 2260 Lipsiensis
1074 2215 1109 2248 in
1132 2214 1275 2259 Ephem.
1299 2213 1484 2258 Lipsienss.
1513 2211 1623 2257 suppl.
1648 2212 1738 2247 1833

255 2302 304 2335 Ad
333 2302 374 2345 V,
395 2303 441 2338 23
465 2270 544 2348 ἕεις.
567 2304 623 2339 35.
671 2304 722 2338 Ad
753 2305 877 2338 verba:
912 2302 1020 2349 ἀνδρὶ
1042 2301 1189 2350 Ἕλληνι
1221 2304 1365 2349 δεινῷ
1398 2303 1486 2338 cons.
1527 2302 1664 2337 Homer.
1695 2302 1736 2338 Il.

474 2349 600 2383 XVIII.
627 2349 694 2385 394
718 2350 798 2394 ibiq.
824 2351 923 2384 Both.

256 2393 306 2426 Ad
332 2393 372 2429 V.
395 2396 440 2430 23
466 2406 544 2440 pag.
567 2397 622 2430 36-
672 2396 737 2429 Pro
760 2393 1015 2439 ἐγκτήσασθαι,
1039 2396 1129 2440 quod
1164 2407 1224 2429 nos
1257 2393 1432 2438 dedimus,
1468 2392 1595 2438 Negris
1628 2392 1736 2427 denuo

473 2443 628 2485 praefert
649 2441 724 2474 olim
748 2443 916 2485 vulgatum
941 2439 1188 2486 ἐγκτίσασθαι.

257 2485 308 2519 Ad
335 2485 375 2527 V,
400 2488 444 2521 27
464 2498 542 2531 pag.
567 2488 622 2522 42.
671 2487 782 2527 Locis,
807 2488 862 2520 ubi
887 2488 1004 2521 vocula
1026 2487 1066 2521 εὐ
1091 2487 1126 2520 ἰιι
1149 2485 1279 2531 periodi
1311 2485 1380 2519 fine
1411 2485 1575 2520 collocata
1606 2483 1737 2520 inveni-

473 2538 540 2575 tur,
566 2533 643 2566 add.
666 2533 794 2566 Herod.
820 2533 914 2574 VIII,
940 2535 1016 2568 111.
1042 2534 1198 2577 Sophocl.
1223 2531 1346 2576 Oedip.
1373 2531 1492 2565 colon.
1512 2530 1592 2566 642.

256 2576 307 2610 Ad
332 2579 375 2619 V,
398 2579 442 2612 29
465 2589 543 2623 pag.
568 2578 624 2614 44.
673 2580 786 2612 Verba
810 2576 848 2612 ἐν
872 2577 1087 2623 ἀνεστηκυίῃ
1114 2579 1156 2623 τῇ
1183 2576 1282 2622 χώρῃ
1307 2577 1434 2620 Negris
1456 2577 1505 2610 ita
1527 2576 1736 2621 interpreta-

472 2629 549 2657 tur:
573 2621 612 2657 ἐν
636 2625 679 2669 τῇ
707 2621 898 2670 chaat-(itm
923 2622 1038 2668 ταύτῃ
1063 2622 1183 2670 χώρᾳ·
1211 2624 1262 2663 εἰς
1287 2620 1404 2657 αὐτὸν
1427 2620 1494 2657 τὸν
1511 2619 1550 2656 ἐκ
1573 2619 1735 2657 στάσεων

473 2666 862 2714 οἷναποδογυρισμένον
885 2670 948 2705 καὶ
973 2667 1225 2713 α’φανισμένον
1248 2667 1377 2704 τόπον.
1688 2709 1697 2718 ¹

256 2713 306 2746 Ad
333 2713 374 2756 V,
400 2716 445 2749 30
467 2727 545 2759 pag.
578 2717 633 2750 47.
682 2717 733 2749 Ad
768 2729 882 2750 vocem
917 2713 1059 2750 ἀσπίδα
1095 2717 1246 2760 (grauis
1266 2720 1465 2749 armaturae
1489 2712 1643 2754 milites)
1667 2710 1732 2745 Vld-

474 2762 658 2797 Blomfield.
685 2763 840 2796 Glossar.
866 2763 908 2797 ad
933 2763 1088 2804 Aescliyl.
1116 2763 1208 2795 Pers.
1233 2762 1312 2796 320.
1609 2802 1618 2810 ι
1721 2800 1729 2808 ·

255 2803 306 2838 Ad
332 2805 372 2841 V.
396 2805 441 2841 34
465 2818 544 2853 pag.
570 2809 626 2844 53.
675 2808 848 2843 Bekkcrus
864 2808 959 2843 dedit
982 2807 1062 2842 καὶ
1086 2806 1128 2842 τὸ
1154 2810 1271 2850 τεῖχος
1296 2803 1485 2849 ἐσάξαντο.
1511 2803 1649 2848 Negrffi,
1674 2813 1731 2847 qui
