1870 3249
32 320 100 370 65

399 201 1054 241 TERPSICHORE.
1113 201 1159 237 V.

156 318 291 373 τείχεϊ.

152 383 423 438 σιστρατίδας
460 382 502 423 οἱ
543 376 908 434 Λακεδαιμόνιοι·

123 449 349 497 ἐπενόεον
377 448 667 504 ποιήσασθαι,
710 447 833 490 οἵτε
865 447 1221 501 Πεισιστρατίδαι
1248 445 1438 488 σίτοισιΙ

144 520 218 564 καὶ
245 521 419 561 ποτοῖσι
457 518 506 558 εὐ
536 513 919 570 παρεσκευάδατο’
962 510 1331 568 πολιορκήσαντές
1368 527 1413 555 τε

1332 201 1413 241 109

348 313 434 356 Καὶ
465 309 596 355 οὐδέν
632 328 673 354 τι
702 308 877 361 πάντως
907 308 962 353 ἂν
993 309 1154 361 ἐξεῖλον
1181 307 1285 358 τοὺς
1316 311 1414 351 Πει-

961 377 1064 420 οὔτε
1101 375 1185 432 γὰρ
1230 374 1413 431 ἐπέδρην

115 586 205 630 Ξόἰν
232 585 395 642 ἡμέρας
425 582 593 640 ὀλίγας,
634 581 964 627 ἀπαλλάσσοντο
1003 581 1046 632 ἐς
1075 580 1155 637 τήν
1184 579 1410 637 Σπάρτην.

146 721 216 772 δὲ,
245 719 272 777 ἡ
305 719 414 778 αὕτη
447 720 556 776 αὕτη
588 719 835 775 σύμμαχος·
867 716 1201 772 υπεκτιθέμενοι
1229 734 1312 772 γαρ
1332 716 1410 769 ἔξὼ

145 793 220 846 τῆς
248 788 390 846 χώρης
419 791 464 833 οἱ
490 791 641 840 παῖδες
666 791 756 831 τῶν
789 785 1181 838 Πεισιστρατιδέων
1210 783 1436 840 ἥλωσαν.5

90 950 171 993 463
204 959 240 989 et
272 952 314 989 C.
347 952 391 989 Ο.
421 951 569 987 Miiller.
601 948 749 988 Orcho-

89 1022 192 1047 men.
222 1022 312 1060 pag.
345 1007 425 1049 440
459 1015 494 1044 et
515 1008 644 1044 Stuart
663 1009 748 1043 An-

90 1067 183 1118 tiqq.
195 1064 336 1103 Athen.
349 1066 468 1102 Partt.
494 1065 529 1099 Π
540 1078 578 1115 p.
599 1064 680 1104 244
691 1077 747 1115 sq.

88 1120 136 1160 et*
153 1137 191 1174 p.
213 1123 307 1164 258.
329 1125 411 1162 260
441 1134 537 1159 vers.
566 1122 748 1158 German.

306 1201 398 1252 cap.
410 1201 528 1237 LXV.

149 1288 228 1329 Καὶ
243 1286 362 1330 οὐδέν
374 1305 409 1329 τι
420 1285 579 1337 πάντως
590 1285 640 1328 ἂν
654 1289 749 1337 ἐξεῖ-

90 1348 190 1395 λον]
222 1348 248 1384 i.
280 1361 312 1384 e.
342 1350 544 1397 neutiquam
573 1349 749 1384 ez'ecissent

92 1402 346 1440 Pisistratidas
363 1403 648 1441 Lacedaemonii.
681 1399 749 1442 ου’-

91 1458 158 1498 δέν
190 1475 225 1498 τι
251 1460 466 1512 frequentat
495 1473 649 1512 quoque
667 1461 765 1508 Ae-¹

88 1516 177 1553 lian.
197 1518 245 1553 N.
264 1517 312 1554 A.
332 1518 396 1565 IV,
416 1516 483 1557 42.
504 1519 552 1564 Π,
574 1517 650 1564 42,
681 1517 749 1553 ubi

88 1572 274 1610 Herodoti
306 1575 412 1611 locus
439 1586 518 1610 non
542 1573 643 1624 fugit
676 1573 749 1610 do-

87 1635 194 1667 ctum
211 1631 469 1682 interpretem.
525 1632 614 1668 Non
641 1631 749 1667 aliter

88 1681 211 1726 ου’δὲν
234 1683 397 1735 πάντως
433 1688 496 1734 VI,
528 1690 552 1727 3
584 1688 672 1724 coll.
701 1689 746 1736 V,

88 1741 154 1782 34.
181 1764 234 1770 —
275 1745 321 1780 In
349 1757 455 1796 seqq.
485 1742 533 1780 de
552 1745 746 1795 particulis

88 1796 178 1838 οὔτε
195 1821 252 1826 ——
268 1815 309 1839 τε
329 1802 431 1838 conf.
451 1807 548 1837 nott.
568 1801 616 1838 ad
634 1802 699 1849 Vl,
712 1804 743 1841 ‘1

90 1861 128 1891 et
157 1854 205 1892 ad
232 1856 396 1893 formam
425 1853 746 1909 παρεσκευάδατο

86 1910 134 1958 V,
155 1910 222 1951 34.

145 1963 546 2019 πολιορκήσαντές”τε
578 1964 628 2007 ὂῖν
655 1965 748 2018 ἦμέ-

88 2037 160 2075 ρας
185 2019 314 2076 ὀλίγας
335 2039 370 2062 κ.
393 2039 424 2063 τ.
444 2025 495 2072 λ.]
519 2026 622 2069 Haec
634 2025 749 2062 verba

89 2092 180 2116 cum
214 2081 402 2131 prioribus
448 2080 515 2119 καὶ
537 2091 541 2096 ’
565 2077 682 2120 οὐδέν
711 2097 747 2120 τι

87 2131 247 2183 πάντως
267 2133 317 2175 ἂν
345 2136 493 2185 ἐξεῖλον
513 2135 606 2184 τούς
629 2140 679 2175 Π.
708 2137 749 2177 οἱ

88 2189 400 2243 Λακεδαιμόνιοι
418 2195 472 2230 ita
486 2201 573 2231 sunt
583 2195 747 2231 coniun-

86 2248 233 2299 geuda,
264 2257 307 2286 ut
335 2251 481 2302 reliqua
509 2251 626 2288 verba
654 2248 746 2290 οὔτε

86 2302 161 2358 γοῖρ
194 2321 230 2344 κ.
259 2321 292 2345 τ.
318 2309 349 2345 λ.
379 2320 500 2359 usque
539 2307 587 2344 ad
627 2322 745 2358 παρε-

88 2358 307 2402 σκευάδατο
317 2376 387 2414 pro
406 2365 633 2401 intercalatis
647 2377 747 2416 quo-

87 2417 295 2456 dammodo
333 2415 558 2458 habeantur.
643 2422 747 2458 Eum

88 2477 192 2511 enim
228 2476 301 2513 loci
331 2489 484 2514 sensum
515 2491 594 2514 esse
627 2485 744 2528 puto:

89 2529 307 2582 Neutiquam
320 2535 408 2570 enim
420 2533 669 2572 Pisistratidas
681 2533 748 2583 (ex

87 2600 198 2624 mure
236 2589 454 2640 Pelasgico,
495 2603 571 2643 quo
611 2591 747 2628 inclusi

88 2645 341 2695 tenebantur)
370 2645 644 2685 Lacedaemonii
677 2649 747 2685 eie—

88 2702 236 2749 cissent,
252 2715 507 2752 paucorumque
531 2703 664 2741 dierum
687 2705 747 2741 ob·

88 2757 222 2795 :idione
264 2757 367 2807 facta
414 2758 430 2808 (
451 2761 670 2810 praesertim
716 2761 747 2797 si

89 2812 295 2865 Spartanos
342 2815 382 2851 in
432 2815 630 2853 obsidendi
668 2823 747 2854 arte

805 949 931 985 miuus
962 947 1184 984 exercitatos
1215 947 1329 985 fuisse
1353 961 1470 999 repu-

804 1005 957 1054 temus)
1010 1002 1179 1053 Spartam
1221 1004 1468 1043 discessissent.

807 1063 880 1099 Ubi
908 1061 1092 1113 particula
1122 1057 1173 1099 ὄὶν
1194 1068 1279 1111 post
1304 1066 1468 1112 πολιορ-

804 1116 998 1169 κήσαντες
1027 1129 1148 1169 aeque
1176 1120 1380 1168 pertinebit
1419 1118 1467 1156 ad

805 1177 968 1212 verbum
988 1175 1138 1211 finitum
1150 1169 1467 1224 οἷπαλλάσσοντο,

807 1232 1060 1278 distinctione,
1095 1244 1192 1283 quae
1213 1239 1298 1282 post
1329 1228 1467 1284 ὀλίγας

804 1291 921 1340 vulgo
953 1291 1125 1340 ponitur,
1165 1288 1302 1326 deleta.
1329 1312 1386 1316 —
1421 1291 1468 1326 In

804 1360 910 1398 seqq.
940 1346 988 1383 ad
1008 1348 1086 1384 νῦν
1118 1342 1161 1384 δὲ
1182 1346 1282 1382 conf.
1304 1348 1376 1391 ΙΙΙ,
1398 1347 1467 1388 25.

806 1404 993 1454 συντυχίη
1024 1401 1220 1439 Herodoto
1246 1402 1286 1439 id
1318 1402 1466 1452 dicitur,

806 1460 895 1511 quod
916 1460 1012 1511 sorte
1046 1459 1201 1506 accidia
1218 1472 1332 1508 casus,
1363 1467 1405 1496 ut
1435 1461 1465 1509 1,

806 1520 871 1558 68.
890 1518 955 1565 III,
981 1519 1072 1558 121.
1095 1515 1162 1556 74.
1182 1517 1288 1563 V‚41
1315 1524 1385 1554 etc.
1405 1516 1468 1554 Ad

804 1587 941 1612 vocem
982 1570 1186 1623 σύμμαχος
1228 1574 1372 1611 confer.
1401 1575 1468 1622 111,

805 1633 872 1671 31.
892 1632 955 1677 IV,
980 1633 1072 1671 129.
1092 1630 1173 1677 VII,
1197 1632 1235 1670 6.
1263 1632 1354 1682 Lys.
1372 1632 1468 1681 Epi-

803 1687 910 1738 taph,
943 1689 980 1733 ξ.
1006 1689 1055 1727 10
1075 1687 1206 1723 Iacobs
1234 1701 1273 1738 p.
1297 1686 1362 1728 64.
1389 1690 1467 1729 118

803 1743 933 1786 Reisk,
955 1746 1041 1780 Non
1063 1744 1169 1779 aliter
1195 1741 1366 1795 τιμωρός
1385 1745 1466 1791 Vll,

805 1800 843 1841 5.
894 1802 993 1846 Quin
1020 1801 1103 1848 VII,
1134 1801 1238 1840 239:
1289 1798 1330 1838 τὸ
1359 1797 1467 1846 οἰκὸς

806 1856 894 1907 ἐμοὶ
917 1852 1171 1906 συμμάχεται,
1182 1857 1208 1893 i.
1231 1870 1265 1893 e.
1285 1859 1380 1893 ratio
1398 1869 1467 1893 me-

806 1925 884 1950 cum
907 1916 1060 1963 pugnat.

860 1967 1166 2019 ὑπεκτιθέμενοι
1195 1989 1251 1995 ——-
1276 1963 1465 2018 ἥλωσαν]

804 2026 1081 2075 Wesselingius
1097 2024 1192 2061 haec
1212 2026 1263 2061 ita
1277 2025 1467 2076 interpre-

804 2088 927 2119 tatur:
968 2082 1112 2132 „Capti
1131 2082 1316 2119 sunt‘dum
1334 2081 1466 2132 furtim

803 2151 846 2175 ex
865 2139 1244 2176 Atta'cmmz'tterentur
1261 2138 1397 2176 alicubi
1410 2152 1466 2176 oc-

803 2195 985 2235 cultandi.
1000 2197 1025 2215 “
1055 2194 1464 2245 Schweighaeuserus:

803 2254 928 2302 „capti
963 2254 1052 2290 enim
1085 2257 1166 2289 sunt
1207 2251 1464 2290 Pisistratida-

804 2321 883 2345 rum
903 2309 1026 2357 liberi,
1058 2322 1161 2359 quum
1179 2310 1217 2346 in
1235 2322 1272 2346 eo
1291 2313 1411 2357 essent,
1423 2313 1464 2347 ut

801 2370 906 2403 extra
924 2367 1081 2403 Atticam
1099 2368 1136 2402 in
1155 2368 1231 2402 tuto
1251 2365 1466 2403 collocaren-

802 2424 902 2459 tur.“
968 2423 1043 2458 Ubi
1076 2422 1156 2459 noli
1185 2422 1464 2472 praetervidere

802 2480 1007 2528 praesentis
1047 2479 1228 2530 temporis
1267 2480 1467 2516 notionem

801 2535 972 2587 itemque
1007 2537 1113 2572 verbi
1146 2536 1283 2586 passivi
1310 2537 1389 2573 vim
1423 2536 1463 2571 in

802 2593 999 2644 participio
1016 2590 1341 2643 ὑπεκτιθέμενοι,
1372 2605 1462 2629 cum

803 2647 977 2685 dicantur
994 2650 1035 2684 in
1055 2649 1172 2686 verbo
1192 2647 1320 2684 medio
1341 2645 1463 2687 ὑπεκ-

802 2703 955 2743 θέσθαι
976 2704 1174 2756 (παῐδας)
1195 2705 1240 2751 ii,
1271 2705 1336 2755 qui
1364 2705 1462 2741 libe-

803 2773 863 2798 ros
883 2762 961 2798 sive
976 2775 1114 2799 uxores
1145 2759 1382 2798 obsidionem
1398 2768 1462 2798 to-

802 2818 957 2855 leraturi
987 2819 1059 2855 alio
1079 2817 1331 2867 transferunt,
1362 2825 1404 2855 ut
1423 2832 1461 2856 v.

1471 318 1551 346 Pisis
1553 318 1688 348 tratidae
1696 323 1744 362 ty-

1471 354 1598 381 rannide
1623 356 1705 383 exuti

1472 388 1515 421 [a.
1525 388 1609 421 510.]
1620 389 1745 424 Sigeum

1471 421 1510 448 ad
1526 422 1746 452 Scamandrum

1601 457 1626 489 5,
1645 456 1702 489 92]

1470 490 1646 517 concedunt.

1469 524 1611 550 sistratns
1627 528 1658 553 et
1673 526 1729 559 filii

1472 557 1614 597 quamdiu
1634 561 1725 587 Athe-

1471 592 1518 618 nis
1535 594 1746 634 regnaverint,

1473 625 1615 661 undeque
1637 628 1728 668 0τίςί-

146 657 231 698 νῦν
265 653 310 697 δὲ
350 653 556 709 συντυχίη
591 656 705 694 τοῖσι
745 649 823 705 μὲν
859 648 972 705 κακὴ
1009 648 1251 715 ἐπεγένετο,
1297 654 1412 692 τοῖσι
1468 666 1536 687 nem
1553 661 1713 690 traxerunt

1473 455 1513 488 [4,
1531 456 1573 483 38.
