1851 3181
116 484 179 511 Iter
196 484 348 520 copiarum
359 487 390 511 et

119 519 273 546 navalium
291 523 320 545 et
338 526 388 553 pe-

118 551 262 579 desirium
275 552 313 579 ad
329 554 387 579 Do-

118 586 228 612 ri-sscum
247 594 353 620 usque.

117 619 219 646 Melas
237 620 350 648 fluvius

118 657 235 688 epotus.

445 242 529 283 534

840 240 1306 277 HERODOTI

444 351 557 394 ἔτεκε
567 349 751 405 ἡμίονον
762 347 856 399 διξὰ
866 347 1050 403 ἔχουσαν
1061 349 1220 400 αἰδοῖα,
1229 347 1281 390 τὰ
1290 348 1378 404 μὲν,
1398 348 1638 401 ἔρσενος,τά
1649 350 1709 401 δὲ,

319 420 385 465 58
443 418 615 474 θηλέης·
648 415 895 470 κατύπερθε
908 416 953 459 δὲ
965 410 1019 471 ἦν
1030 414 1082 458 τοὶ
1091 420 1170 459 τοῦ
1183 415 1369 471 ἔρσενος.
1407 420 1506 460 Τῶν
1519 415 1709 472 ἀμφοτέ-

443 502 536 541 ρων
553 485 685 538 λόγον
705 482 863 527 οὐδένα
875 483 1182 539 ποιησάμενος,
1213 483 1261 527 τὸ
1282 483 1433 537 πρόσω
1455 484 1707 537 ἐπορεύετο·

417 553 537 595 Ξσύν
568 551 613 595 δέ
652 553 695 595 οἷ.
728 550 752 595 ὁ
782 552 906 605 πεζὸς
936 550 1128 606 στρατός.
1161 551 1185 595 ὁ
1216 552 1262 596 δὲ
1290 551 1497 603 ναυτικὸς
1526 553 1604 605 ἔξω
1634 552 1712 596 τὸν

422 618 768 674 3Ἑλλήσποντον
781 619 937 671 πλέων,
966 621 1084 673 παρὰ
1105 623 1189 676 γῆν
1205 619 1436 675 ἐκομίζετο,
1465 620 1517 663 τὰ
1532 620 1714 676 ἔμπαλιν

446 685 655 743 πρήσσων
676 692 755 731 τοῦ
785 691 930 742 πεζοῦ.
968 688 992 732 ὁ
1019 688 1098 744 μὲν
1126 687 1211 744 ’γάρ
1230 690 1341 741 πρὸς
1365 688 1550 744 ἑσπέρην
1580 688 1710 735 ἔπλεε,
1725 693 1770 727 50

447 755 516 799 ἐπὶ
544 758 852 812 Σαρπηδονίης
886 755 1022 813 ἄκρης
1060 755 1141 812 τὴν
1181 755 1328 809 ἄπιξιν
1366 755 1639 812 ποιεύμενος,
1671 755 1714 806 ἐς

447 822 526 878 τὴν
561 823 683 880 αὐτῷ
724 825 957 880 προείρητο
999 822 1249 884 ἀπικομένῳ
1288 823 1553 881 περιμένειν·
1603 821 1626 867 ὁ
1667 822 1715 866 δὲ

446 890 538 935 κατ’
567 891 750 948 ἤπειρον
782 892 962 948 στρατὸς
990 891 1101 948 πρὸς
1130 891 1194 948 ἠῶ
1224 908 1268 936 τε
1298 892 1387 936 aaz·
1401 891 1529 949 ἡλίου
1560 890 1714 936 ἀνατο-

389 1101 494 1125 nunc
531 1087 628 1125 illud
658 1086 757 1125 addo
774 1119 785 1137 ,
824 1090 866 1125 in
899 1089 1053 1140 tropicis

389 1146 589 1182 Americae
609 1146 827 1196 regionibus
843 1147 966 1183 mulos
975 1146 1054 1182 sre-

391 1204 566 1254 quentius
588 1203 688 1240 coire
721 1204 946 1255 prolemque
983 1216 1055 1253 ge-

391 1272 538 1307 nerare,
559 1266 653 1296 teste
672 1261 816 1298 Jacobs.
840 1259 889 1296 ad
903 1261 1053 1296 Aelian.

391 1317 437 1354 N.
460 1317 509 1352 A.
530 1318 615 1364 XII,
633 1319 682 1357 16
705 1316 850 1367 p.416‚
873 1318 938 1368 qui
949 1316 1054 1353 idem

394 1371 443 1408 ad
470 1374 519 1418 ΙΙ,
540 1375 565 1412 7
587 1374 759 1410 observat
789 1371 959 1422 ἡμίονον
981 1373 1056 1410 dici

392 1429 577 1465 feminino
598 1442 752 1479 genere.
794 1429 1057 1481 Hermaphro-

396 1484 519 1521 ditum
530 1484 590 1522 hic
603 1486 763 1523 indicari
775 1488 963 1533 coniicias,
974 1500 1058 1523 rem

395 1542 590 1578 insolitam
610 1556 699 1580 sane
720 1556 764 1579 ac
784 1545 924 1580 miram
945 1543 1059 1580 inde-

394 1611 469 1649 que
510 1600 625 1636 etiam
663 1599 827 1650 prodigii
864 1602 950 1638 loco
986 1599 1058 1637 ha-

394 1655 526 1692 bitam.

604 1746 698 1796 Cap.
718 1746 851 1784 Lim.

451 1832 570 1887 λόγον
591 1831 738 1874 ου’ὃὲνα
763 1831 1053 1886 ποιησάμενος]

395 1894 452 1928 De
472 1893 665 1929 locutione
694 1891 772 1929 vid.
797 1895 875 1930 citt.
897 1891 946 1929 ad
974 1893 1056 1939 Vll,

399 1947 464 1988 14.
521 1948 585 1985 Ad
613 1950 730 1986 verba
763 1948 836 1997 ἔξω
872 1946 943 1988 τὸν
971 1947 1058 1987 Ἑλ-

397 2001 625 2054 λήσποντον
655 2004 786 2044 πλέων
807 2019 911 2043 cons.
922 2004 1060 2043 Matth.

397 2062 465 2098 Gr.
488 2063 552 2100 Gr.
575 2063 612 2106 ξ.
633 2064 715 2103 397
734 2068 814 2099 not.
835 2067 854 2103 1
878 2076 966 2113 pag.
979 2065 1061 2104 697

400 2123 437 2154 et
451 2125 547 2154 nott.
569 2117 617 2154 ad
641 2118 784 2155 Herod.
804 2121 849 2167 V,
873 2122 964 2159 103.
1003 2121 1063 2156 De

399 2173 674 2223 significatione
701 2176 808 2212 verbi
829 2176 1063 2224 κομίζεσθαι

401 2229 590 2281 quaedam
638 2232 749 2268 citavi
792 2231 840 2268 ad
879 2233 969 2279 vll,
1008 2231 1062 2272 49

456 2339 505 2381 τοὶ
553 2341 719 2393 ἔμπαλιν
760 2339 953 2395 πρήσσων
989 2345 1065 2382 τοῦ

401 2400 548 2447 πεζοῦ]
605 2402 806 2448 „contrario
844 2399 1064 2449 pedestribus

403 2457 513 2505 copiis
561 2468 666 2492 cursu
688 2457 712 2474 “
781 2455 1063 2504 Scleweigh.

402 2511 516 2549 Haud
537 2513 645 2548 aliter
656 2513 734 2548 fere
752 2509 800 2550 τά
818 2511 984 2561 ἔμπαλιν
995 2514 1064 2559 ΙΧ,

403 2571 471 2609 26.
485 2568 550 2608 56.
563 2570 591 2614 I,
603 2571 684 2609 297
698 2569 783 2606 coll.
797 2568 1065 2620 Pind.01ymp.

402 2626 490 2668 XII,
515 2626 564 2665 15
587 2626 677 2675 (11)
712 2625 827 2676 Pyth.
857 2626 931 2662 XII
953 2627 1019 2662 fin.

460 2679 525 2720 ἐπὶ
571 2682 860 2731 Σαρπηδονίης
919 2679 1063 2732 ἄκρης]

404 2738 461 2772 De
482 2736 555 2774 hoc
577 2736 764 2775 Thraciae
794 2741 1067 2789 promontorio,

406 2793 509 2843 quod
539 2795 732 2831 Melanem
751 2797 878 2832 sinum
898 2796 1066 2843 finiebat,

406 2850 638 2901 VVesseliug.
680 2853 768 2888 citat
798 2851 1007 2889 Eudoxum
1028 2853 1066 2888 in

1111 1086 1243 1126 Schol.
1272 1088 1453 1139 Apollon.
1483 1084 1610 1124 Rhod.
1629 1087 1659 1134 Ι,
1691 1088 1774 1126 922

1111 1153 1147 1181 et
1169 1143 1355 1196 Stephan.
1387 1146 1548 1196 Byzant.
1575 1156 1606 1180 s.
1625 1156 1661 1179 v.
1683 1155 1774 1193 pag.

1109 1204 1214 1249 662,
1265 1202 1395 1253 ibique
1432 1202 1604 1238 Holsten.
1657 1197 1775 1235 Aliud

1110 1257 1393 1309 Sarpedonium
1403 1257 1518 1309 idque
1529 1257 1680 1293 Ciliciae
1688 1269 1776 1291 me-
1807 1270 1813 1276 ·

1110 1322 1234 1351 morat
1267 1314 1448 1366 Aeschyl.
1488 1313 1638 1364 Suppll.
1678 1313 1776 1353 876.

1111 1373 1313 1408 Mannerto
1326 1373 1465 1421 Geogr.
1487 1370 1524 1409 d.
1539 1372 1602 1408 Gr.
1613 1382 1652 1407 u,
1663 1371 1776 1406 Reim-

1112 1430 1182 1466 VII
1208 1442 1247 1479 p.
1281 1431 1363 1469 210
1384 1428 1580 1479 probabile
1611 1424 1776 1473 videtur,

1113 1484 1219 1522 idem
1255 1486 1574 1536 promontorium,
1614 1483 1677 1519 cui
1702 1495 1777 1519 no-

1114 1556 1205 1579 meu
1220 1541 1405 1579 Serrhium
1425 1540 1586 1587 (Herod.
1608 1540 1690 1588 VII,
1703 1538 1777 1590 59)

1117 1598 1364 1648 Satpedoniae
1395 1611 1550 1650 quoque
1579 1609 1685 1635 acrae
1702 1608 1780 1632 no-

1115 1669 1206 1691 men
1227 1653 1415 1692 habuisse.
1462 1657 1507 1692 In
1529 1667 1604 1706 quo
1626 1654 1780 1704 egregie

1114 1713 1178 1748 ille
1221 1712 1377 1747 fallitur.
1453 1713 1554 1748 Nam
1593 1710 1781 1748 Serrhium

1115 1769 1423 1819 promontorium
1459 1780 1579 1818 prope
1611 1768 1780 1803 Mesam-

1115 1826 1239 1862 briam
1273 1825 1389 1861 sirum
1429 1823 1544 1861 hodie
1582 1823 1781 1873 cognitum

1114 1881 1273 1919 nomine
1302 1881 1390 1931 Cap.
1410 1880 1546 1927 DIacri,
1567 1887 1610 1916 ut
1630 1878 1678 1916 ad
1696 1880 1781 1927 VII,

1117 1939 1170 1979 59
1208 1937 1472 1986 ostendemus3
1524 1936 1783 1987 Sarpedonium

1117 1995 1437 2045 promontorium,
1460 1992 1564 2046 quod
1583 2006 1688 2030 nunc
1709 2005 1782 2030 vo-

1120 2058 1227 2088 catur
1259 2050 1346 2101 Cap.
1377 2051 1508 2088 Βατία
1538 2064 1569 2087 s.
1600 2050 1782 2087 Gremiae

1118 2114 1251 2145 monte
1261 2135 1276 2153 ,
1321 2109 1383 2144 cui
1403 2109 1506 2158 rupis
1523 2105 1782 2157 Sarpedoniae

1118 2177 1263 2201 nomen
1285 2163 1386 2215 apud
1401 2171 1558 2211 veteres,
1579 2163 1784 2214 porrigitur

1117 2222 1157 2257 in
1177 2233 1295 2257 mare.
1349 2219 1433 2258 vid.
1456 2218 1783 2257 Choiseul-Gouf-

1119 2277 1345 2327 fierVoyage
1358 2278 1589 2328 pittoresque
1600 2289 1647 2312 eu
1660 2275 1782 2312 Grece

1120 2335 1171 2370 T.
1192 2334 1228 2369 11
1248 2346 1285 2383 p.
1320 2335 1412 2373 107.
1438 2336 1515 2374 110
1543 2339 1579 2369 et
1611 2332 1783 2369 tabulam

1121 2387 1419 2440 geographicam
1439 2390 1492 2426 ibi
1512 2388 1714 2436 adiectam,
1734 2401 1783 2425 ex

1123 2459 1197 2497 qua
1208 2453 1381 2482 accurate
1393 2447 1588 2498 utriusque
1598 2458 1784 2496 promou-

1121 2504 1208 2540 torii
1227 2503 1342 2539 situm
1361 2503 1449 2540 licet
1464 2515 1707 2554 cognoscere.

1179 2567 1278 2620 πρὸς
1299 2565 1362 2619 ηἀἷ
1381 2585 1421 2609 τε
1446 2568 1512 2608 καὶ
1541 2567 1658 2620 ἡλίου
1688 2563 1785 2608 οἴνα-

1123 2624 1265 2675 τολοές]
1297 2625 1384 2664 Vid.
1422 2632 1519 2664 nott.
1558 2625 1607 2662 ad
1634 2624 1700 2673 1V,
1731 2623 1786 2666 44

1125 2683 1172 2720 de
1194 2682 1265 2720 bac
1291 2683 1496 2720 locutione.
1536 2683 1660 2720 Verba
1678 2694 1785 2733 seqq.

1125 2739 1173 2777 de
1193 2740 1314 2778 Helles
1351 2740 1506 2790 sepulcro
1545 2739 1666 2788 attigit
1702 2739 1787 2775 Eu-

1126 2795 1237 2834 stath.
1249 2796 1297 2834 ad
1309 2798 1467 2848 Dionys.
1488 2796 1675 2844 Perieget.
1690 2793 1785 2835 538.

1126 2853 1237 2899 Quod
1257 2855 1297 2890 in
1316 2854 1398 2905 ipso
1419 2850 1641 2889 Chersonesi
1650 2851 1786 2888 introi-
