1789 3213
427 143 891 180 POLYMNIA.
952 142 1053 179 Vll.

1281 141 1366 180 665

268 249 400 296 Ἐχθρὲ
424 249 700 295 περικτιόνεσσι,
725 248 799 296 φιλ’
825 249 1052 287 ἀθανάτοισι
1073 250 1209 290 θεοῖσι,
1378 249 1421 283 25

269 309 354 345 εἴσω
378 307 445 343 τὸν
469 307 697 354 προβόλαιον
722 307 824 353 ἔχων,
849 306 1128 352 πεφυλαγμένος
1148 299 1230 350 ἧσο,

271 366 333 401 καὶ
355 363 519 410 κεφαλὴν
542 364 752 410 πεφύλαξο·
777 363 870 410 κάρη
895 363 934 400 δὲ
960 363 1001 400 τὸ
1028 364 1133 408 σῶμα
1156 360 1300 398 σαιόσει.

80 449 250 489 5ταῦτα
278 445 357 501 μὲν
386 444 466 500 τὴν
497 446 676 502 Πυθίην
705 448 860 502 χρῆσαι
888 441 1126 497 πρότερον·
1159 440 1264 497 μετὰ
1304 440 1364 494 δὲ,
1377 448 1422 482 30

109 513 164 563 ὡς
192 511 336 556 ἐλθεῖν
369 511 472 565 τούς
503 511 712 569 ἀγγέλους
742 513 785 563 ἐς
814 511 867 568 δή
898 511 946 556 τὸ
967 511 1140 567 Ἄργος,
1172 509 1367 553 ἐπελθεῖν

79 579 178 624 δέπὶ
216 579 264 624 τὸ
303 579 642 637 βουλευτήριον,
696 581 770 626 καὶ
809 579 949 636 λέγειν
977 580 1030 622 τά
1071 578 1366 634 ἐντεταλμένα.

105 647 210 700 τούς
239 648 285 692 δὲ
312 648 421 703 πρὸς
449 648 501 692 τὰ
529 649 738 704 λεγόμενα
766 646 1116 704 ὑποκρίνασθαι,
1146 643 1205 697 ὥς
1232 645 1367 697 „stoz-

107 718 208 773 ,,μοί
237 719 319 761 εἰσι
343 716 531 772 Ἀργεῖοι
559 716 726 760 ποιέειν
755 719 903 765 ταῦτα,
926 712 1159 771 τριήκοντα
1190 714 1283 757 ἔτεα
1313 715 1369 757 εἰ·

105 784 273 842 ,,ρη’νην
305 784 583 842 σπεισάμενοι
613 785 1010 841 Λακεδαιμονίοισι,
1039 783 1110 828 καὶ
1139 781 1424 840 ἡγεόμενοι35

104 975 244 1032 Ἐχθρὲ
258 978 544 1033 περικτιόνεσσι
557 997 592 1021 κ.
605 997 639 1020 τ.
650 981 705 1030 λ.]

50 1038 129 1074 Hos
140 1051 267 1074 versus
278 1036 421 1075 habent
429 1039 710 1089 Euseb.Praep.

50 1094 115 1142 VI,
136 1097 162 1134 7
181 1107 221 1145 p.
244 1093 326 1135 255
352 1093 523 1136 Chalcid.
544 1096 585 1132 in
605 1096 711 1133 Tim.

764 994 798 1018 c.
829 983 855 1021 7
884 993 973 1032 pag.
1011 978 1093 1020 342
1125 978 1185 1020 ed.
1214 980 1339 1029 Fabr.‚
1361 980 1426 1033 qui

767 1038 820 1075 sic
840 1037 956 1075 latine
977 1035 1166 1074 reddidit:

323 1170 455 1205 Vicinis
480 1171 622 1212 offensa,
647 1171 721 1205 Deo
746 1168 918 1204 carissima
942 1169 1061 1215 plebes

327 1218 503 1250 Armorum
529 1218 647 1251 cohibe
670 1216 862 1256 munimina,
888 1215 1041 1261 corporis
1067 1225 1165 1249 omne

322 1261 515 1297 Discrimen
539 1263 612 1297 sola
635 1263 758 1310 capitis
782 1261 950 1296 tutabitur
975 1261 1104 1295 umbra.

51 1333 103 1370 Et
130 1332 233 1370 conf.
262 1331 536 1372 Wachsmuth.
560 1335 712 1372 Hellen.

51 1387 327 1427 Alterthumsk.
364 1392 395 1438 1,
425 1393 452 1431 2
479 1405 520 1443 p.
544 1394 616 1441 l3,
645 1392 713 1428 ubi

52 1447 250 1484 oraculum
269 1445 344 1485 hoc
362 1460 430 1498 pro
451 1449 619 1499 genuino
641 1447 713 1485 ha-

52 1503 135 1540 beri
171 1517 281 1554 posse
318 1511 448 1555 negat.
506 1506 571 1542 Tu
610 1506 710 1545 conf.

53 1561 170 1597 etiam
197 1568 292 1598 nott.
318 1560 367 1598 ad
386 1562 466 1609 VII,
490 1562 568 1603 149
589 1562 653 1600 fin.

109 1616 202 1657 εἵσω
230 1614 298 1657 τὸν
319 1615 564 1669 προβόλαιον
592 1618 710 1669 ἔχων]

52 1674 160 1710 Bene
196 1681 282 1725 post
328 1675 491 1712 coraem
540 1676 713 1713 observat

55 1729 277 1781 Schweigh.
329 1729 568 1783 προβόλαιον
615 1731 713 1769 nihil

55 1786 160 1824 aliud
189 1786 265 1824 dici
301 1789 376 1825 nisi
394 1789 619 1836 venabulum,
647 1788 714 1826 Ιια-

56 1847 146 1880 stam
172 1850 238 1880 aut
263 1848 443 1893 verutum,
478 1844 582 1896 quod
613 1860 714 1895 προ-

56 1895 196 1951 βόλιον
204 1899 466 1952 Xenophonti,
486 1904 621 1939 Nostro
632 1903 714 1950 VII,

56 1959 111 1997 76
141 1951 342 2008 πρόβολος
369 1964 547 2006 vocatur3
586 1959 715 2009 itaque

55 2009 127 2052 τόν
146 2009 391 2064 προβόλαιον
411 2014 502 2054 εἴσω
525 2013 626 2066 ἔχειν
647 2015 716 2053 Ιια-

57 2073 149 2106 stam
177 2071 272 2108 intus
305 2083 475 2121 premere,
526 2084 592 2109 non
614 2085 716 2110 exse-

55 2138 149 2174 rere,
179 2128 331 2176 quietum
360 2140 431 2165 sese
459 2132 590 2177 tenere,
630 2129 715 2178 nisi,

55 2189 240 2220 monente
270 2184 412 2233 Corae,
462 2186 529 2237 qui
569 2186 716 2223 confert

54 2238 237 2291 Xenoph.
258 2240 404 2292 Cyneg.
428 2244 479 2282 10
502 2243 539 2288 §.
569 2245 633 2283 12.
665 2244 716 2283 16

55 2296 88 2333 is
120 2296 341 2347 intelligitur
377 2304 493 2336 status
527 2300 716 2336 venatoris

56 2358 125 2389 aut
150 2353 291 2401 militis,
314 2367 389 2406 quo
408 2362 560 2406 paratus
581 2363 635 2393 est
653 2356 716 2394 vel

57 2407 109 2446 ad
127 2409 248 2446 ictum
264 2410 367 2448 ferae
393 2418 458 2448 aut
487 2409 585 2450 hosti
613 2413 716 2450 infe-

56 2464 242 2514 rendum,
269 2467 331 2504 vel
350 2466 399 2505 ad
417 2469 515 2506 illius
527 2470 715 2520 impetum

57 2521 324 2560 sustinendum
376 2525 715 2579 avertendumque.

58 2577 283 2627 Larchems,
300 2592 436 2617 murum
454 2593 548 2618 voce
559 2579 714 2633 προβό-

59 2638 173 2676 λαιον
210 2634 370 2673 indicari
406 2643 529 2685 ratus,
580 2638 716 2689 refingi

60 2693 247 2730 maluerat
284 2689 329 2732 τό
371 2688 611 2744 προβόλαιον
653 2696 714 2732 vel

61 2749 184 2800 potius
203 2750 284 2789 τῶν
302 2747 542 2802 προβολὲων,
564 2750 629 2803 qui
643 2763 715 2802 ge-

767 1334 907 1371 nitivus
936 1331 1102 1384 pendeat
1132 1332 1179 1369 ab
1214 1330 1318 1371 εἴσω.
1375 1333 1428 1370 At

767 1397 899 1442 postea
919 1389 967 1427 ad
984 1391 1123 1428 Coraes
1142 1390 1370 1427 sententiam
1388 1403 1428 1426 se

769 1448 983 1498 applicavit.
1041 1447 1141 1485 Satis
1171 1452 1300 1483 autem
1324 1452 1429 1497 patet

769 1504 912 1541 oraculi
931 1503 1035 1541 hunc
1066 1516 1145 1540 esse
1170 1516 1346 1551 sensum,
1385 1509 1429 1540 ut

767 1561 901 1611 Argivi
919 1559 994 1597 hoc
1014 1561 1054 1596 in
1072 1560 1173 1597 bello
1202 1561 1428 1596 imminente

768 1625 946 1655 neutram
983 1624 1234 1669 sequerentur
1265 1623 1428 1668 partem.

770 1698 822 1703 --
843 1676 888 1711 In
907 1687 1019 1712 versu
1037 1675 1147 1711 tertio
1167 1687 1262 1711 voce
1281 1670 1355 1725 τήν
1367 1687 1429 1712 κε-

770 1727 904 1782 φαλήν
925 1744 1054 1768 arcem
1080 1731 1335 1781 Argivorum,
1367 1731 1429 1767 cui

769 1787 942 1826 Larissae
960 1800 1124 1836 nomen,
1154 1787 1317 1837 intelligi
1345 1800 1429 1823 cre-

772 1843 875 1881 dam.

827 1899 1044 1949 ἐπελθεῖν]
1074 1900 1100 1939 i.
1122 1913 1156 1938 e.
1176 1899 1331 1947 adiisse,
1363 1913 1429 1937 αο-

771 1959 910 1994 cessisse
934 1957 984 1994 ad
1003 1958 1151 1996 curiam.
1191 1958 1291 1994 Male
1315 1955 1429 1994 codd.

771 2014 916 2066 aliquot
933 2013 1125 2053 ἐσελθεῖν.
1166 2014 1277 2051 Conf.
1296 2015 1366 2062 IX,
1389 2017 1428 2055 6.

770 2070 833 2108 Ad
845 2084 925 2123 seq.
945 2067 1040 2117 τούς
1062 2067 1104 2109 δὲ
1116 2072 1239 2122 suppl.
1261 2071 1430 2122 βουλευ-

770 2125 852 2176 τοές,
874 2140 962 2166 cum
981 2126 1187 2176 antecedat
1212 2123 1430 2179 βουλευτή-

774 2199 863 2236 ριον
883 2191 920 2221 et
938 2185 1052 2236 paulo
1072 2184 1172 2222 infra
1188 2185 1338 2236 legatur
1356 2180 1431 2236 τὴν

771 2237 938 2294 βουλήν.

831 2294 1088 2350 σπεισάμενοι
1131 2296 1429 2349 Λακεδαιμονί-

773 2367 865 2404 οισι,
893 2354 960 2394 καὶ
982 2351 1229 2406 ἡγεόμενοι]
1263 2355 1429 2392 Observa

771 2419 991 2463 temporum
1009 2413 1196 2449 rationem
1214 2413 1254 2448 in
1270 2410 1328 2449 his
1340 2424 1429 2462 par-

771 2470 919 2520 ticipiis,
930 2481 1095 2521 quorum
1115 2469 1276 2505 alterum
1290 2467 1337 2505 ad
1348 2479 1431 2504 rem

772 2539 851 2564 uno
882 2532 969 2562 actu
998 2525 1233 2572 absolutam,
1268 2525 1430 2561 alterum

772 2581 822 2620 ad
840 2588 980 2620 statum
995 2580 1266 2632 perdurantem
1281 2587 1318 2618 et
1334 2593 1430 2617 cou-

771 2640 962 2676 tinuatum
996 2643 1153 2688 spectat.
1216 2635 1278 2673 Ad
1315 2636 1430 2674 verba

770 2708 876 2748 seqq.
911 2693 980 2734 καί
1008 2708 1069 2733 τοι
1095 2689 1194 2732 κατά
1224 2707 1267 2746 γε
1298 2689 1342 2732 τό
1369 2693 1430 2732 δι’-

770 2766 886 2792 maon
932 2751 1030 2787 bene
1086 2747 1180 2787 haec
1237 2747 1429 2802 adscripsit
