1870 3249
404 198 1064 241 TERPSICHORE.
1124 207 1170 244 V.

1363 214 1418 251 69

154 305 271 360 παρά
302 305 459 359 σφέας,
505 306 597 349 ἐπεί
626 306 670 350 τὲ
700 309 744 351 οἱ
771 308 823 352 τοὶ
864 310 937 364 ἵρεέ
968 311 1023 356 οὐ
1053 314 1297 372 προεχώρεε
1315 335 1413 376 χρη-

127 373 234 416 5στοὲ
262 372 466 430 θυομένῳ
497 374 567 417 ἐπὶ
596 375 825 428 Κρότωνα.
856 383 995 423 ταῦτα
1026 382 1072 425 δὲ
1108 377 1171 426 ὦν
1200 382 1322 429 οὗτοι
1351 389 1414 431 λέ-

31 440 97 487 45
152 451 290 496 γουσι.
330 440 573 496 Μαρτύρια
600 444 646 486 δὲ
666 445 835 488 τούτων
852 444 1047 501 ἑκάτεροι
1069 447 1414 500 ἀποδεικνύουσι
1473 473 1505 496 et
1523 475 1704 504 argumenta

148 506 259 550 τάδε.
319 511 568 564 Συβαρῖται
597 512 700 566 μὲν,
741 514 918 568 τέμενός
956 532 1000 558 τε
1039 518 1112 560 καὶ
1141 520 1253 576 νηὸν
1284 522 1469 566 ἐόντα75

146 574 266 630 παρα
283 575 360 619 τὸν
379 577 514 631 ξηρόν
533 576 751 633 Κράστιν,
779 583 860 625 τόν
881 585 1144 638 ἱδρύσασθαι
1171 588 1410 634 συνελόντα

144 642 224 698 τήν
250 642 381 687 πόλιν
409 646 586 698 Δωριέα
618 648 795 704 λέγουσι
821 650 1028 710 Ἀθηναίῃ
1059 656 1273 715 ἐπωνύμῳ
1294 662 1410 713 Κρα-

145 712 263 769 στίῃ·
314 715 444 756 τοῦτο
476 713 540 767 δὲ,
573 715 713 761 αὐτοῦ
743 721 938 775 Δωριέος
967 722 1046 766 τὸν
1075 724 1274 770 θάνατον
1302 744 1408 783 μαρ-

84 880 188 931 quod
207 885 426 935 perignem
456 887 590 937 fiebat,
631 891 747 929 intel-

81 937 149 987 ligi
169 940 251 976 vult
271 942 503 995 VVesseling.
552 946 614 984 Ad
634 949 745 985 locu—

81 994 228 1031 tionem
246 996 393 1036 faciunt
413 1001 524 1038 allata
554 1017 575 1040 a
596 1003 744 1042 Sohae—

78 1051 150 1088 fer.
181 1051 230 1088 ad
257 1055 454 1094 Lambert.
486 1060 575 1097 Bos.
606 1063 664 1098 De
685 1063 743 1099 el—

77 1107 162 1158 lips.
181 1122 270 1160 pag.
290 1114 387 1152 213.
406 1135 463 1141 —-
491 1116 536 1152 In
566 1117 643 1154 fine
674 1132 740 1156 ca—

75 1165 163 1214 pitis
183 1170 408 1207 recentiores
432 1170 593 1211 editores
618 1177 739 1213 secuti
762 1175 767 1180 '

76 1219 343 1261 exhibuimus:
379 1230 501 1268 ταῦτα
524 1228 566 1269 δὲ
588 1226 645 1271 ὦν
668 1227 738 1272 οὗ·

29 1271 37 1276 ’
75 1291 138 1317 τοι
157 1277 325 1332 λέγουσι.

293 1374 385 1426 Cap.
396 1377 513 1414 XLV.

130 1445 293 1497 τέμενός
328 1468 369 1492 τε
397 1454 465 1494 καὶ
501 1453 632 1505 νηόν]
673 1460 732 1496 De

71 1515 166 1540 voce
186 1504 347 1556 τέμενος
379 1511 455 1549 vid.
477 1520 573 1551 nott.
595 1514 644 1551 ad
662 1518 729 1565 ΠΙ,

72 1558 152 1600 142
182 1561 265 1611 (ubi
283 1579 353 1617 pro
373 1569 420 1615 Π,
445 1571 524 1609 112
545 1571 730 1611 mendose

67 1615 294 1668 impressum
329 1632 452 1661 exstat
472 1627 537 1674 III,
563 1630 660 1678 112)
692 1639 730 1669 et

66 1673 128 1720 IV,
152 1677 245 1715 161.
300 1680 395 1718 Mox
414 1696 513 1721 unus
535 1685 729 1726 Saucrofti

66 1729 161 1766 liber
191 1731 402 1785 Κράστονς
433 1742 571 1793 reliqui
591 1756 726 1782 omnes

68 1783 245 1838 Κρᾶστιν
258 1799 295 1829 et
305 1806 400 1832 mox
414 1799 606 1854 Κραστίῃ,
621 1801 726 1852 quod

63 1843 104 1878 in
126 1846 290 1896 Κρᾶθιν
311 1857 349 1886 et
379 1854 546 1907 Κραθίῃ
567 1865 726 1894 mutan-

65 1897 159 1935 dum
197 1915 395 1944 censuerat
431 1911 724 1963 Wesselingius‚

65 1967 184 2006 quem
211 1959 364 2000 Schaef.
387 1971 424 2001 et
442 1966 578 2004 Matth.
606 1971 725 2007 secuti

63 2020 164 2050 suut.
222 2018 398 2070 Namque
430 2022 574 2060 Crathis
593 2037 614 2061 a
634 2028 725 2062 reli—

63 2070 147 2119 quis
166 2075 407 2124 scriptoribus
421 2107 431 2124 ‚
471 2093 636 2131 quorum
662 2090 723 2119 te-

60 2127 238 2166 stimonia
259 2134 381 2169 attulit
391 2135 572 2173 Cellarius
591 2140 629 2174 in
639 2141 721 2176 No-

58 2183 115 2218 tit.
137 2184 227 2222 Orb.
248 2188 380 2241 Antiq.
402 2192 450 2238 II,
473 2195 498 2232 9
518 2207 606 2244 pag.
623 2197 718 2244 910,

57 2247 216 2278 vocatur
243 2245 367 2293 rivus,
407 2249 509 2285 intra
542 2264 659 2302 quem
681 2260 719 2290 et

55 2295 221 2346 Sybarin
241 2300 402 2339 fluvium
423 2306 504 2356 ipsa
530 2308 617 2345 urbs
639 2309 695 2360 Sy

55 2352 152 2389 baris
179 2356 250 2393 fuit
271 2367 460 2398 exstructa
473 2393 483 2410 ,
513 2370 606 2400 teste
625 2367 718 2403 Dio-

54 2407 148 2446 doro
169 2413 238 2461 XI,
260 2416 328 2456 90.
347 2418 436 2463 XII,
457 2421 496 2459 9.
521 2420 647 2459 Strab.
660 2423 713 2459 VI

51 2479 90 2516 p.
128 2470 210 2509 263
241 2482 271 2507 s.
300 2470 381 2513 404
413 2475 460 2515 Β.
517 2477 712 2530 Equidem

51 2535 142 2559 cum
161 2523 383 2578 Schweigh.
405 2538 442 2568 et
454 2532 571 2571 Gaisf.
591 2536 711 2573 libro-

49 2592 137 2616 rum
180 2583 405 2634 scriptorum
446 2592 710 2630 auctoritatem

50 2634 222 2675 deserere
240 2642 360 2690 nolui,
383 2655 504 2695 quum
523 2660 614 2684 sane
624 2648 708 2687 fieri

48 2696 224 2743 potuerit,
244 2703 287 2733 ut
305 2705 405 2737 unus
427 2700 608 2755 idemque
625 2712 708 2743 tor-

48 2761 134 2786 rens
151 2758 315 2805 utroque
335 2759 494 2794 nomine
506 2769 707 2800 vocaretur

48 2811 85 2842 et
106 2806 244 2846 Crastis
264 2817 301 2848 et
324 2811 489 2863 Crathis,
524 2818 595 2855 nisi
615 2832 708 2870 pro-

803 898 990 935 nuntiatio
1019 900 1148 937 literae
1178 905 1209 939 θ
1228 899 1332 938 haud
1355 901 1464 939 dissi-

801 954 901 990 milis
922 968 942 991 a
959 957 1073 995 literis
1094 971 1140 997 τσ
1160 957 1348 996 diversam
1368 961 1461 995 scri-

801 1009 916 1046 bendi
944 1014 1132 1050 rationem
1162 1017 1320 1066 peperit.
1361 1018 1461 1053 Nam

798 1078 911 1116 supra
949 1071 1084 1107 Noster
1123 1073 1153 1118 Ι,
1190 1072 1287 1112 145:
1340 1072 1382 1111 ἐν
1411 1076 1461 1127 τῇ

798 1124 961 1172 Κρᾶθις
980 1125 1161 1178 ποταμός
1182 1124 1350 1175 οἷένναός
1363 1129 1457 1178 ἐστι,

797 1173 865 1217 ἄπ’
886 1177 984 1220 ὅτου
1009 1181 1034 1222 ὅ
1051 1183 1093 1223 ἒν
1112 1180 1261 1239 Ἰταλίῃ
1284 1184 1458 1236 ποταμὸς

793 1232 838 1274 τό
862 1235 1018 1290 οὕνομα
1046 1239 1142 1292 ἔσχε,
1173 1243 1259 1279 coll.
1292 1244 1457 1280 Pausan.

793 1293 873 1341 VII,
904 1295 956 1336 25
987 1297 1025 1342 §.
1059 1301 1085 1338 7
1113 1299 1207 1351 ibiq.
1238 1300 1399 1336 Siebelis
1419 1315 1457 1351 p.

795 1351 888 1391 190.
956 1353 1123 1391 Vocatur
1167 1356 1310 1393 Crathis
1352 1355 1390 1393 h.
1427 1359 1454 1394 l.

791 1404 912 1458 ξηρὸς
932 1411 1069 1448 siccus:
1091 1419 1134 1449 ut
1145 1411 1453 1464 quihiemefluit,

789 1466 1060 1513 aestatissvero
1087 1476 1262 1521 tempore
1283 1472 1454 1507 exsicca-

787 1526 848 1557 tus
869 1530 947 1560 est:
979 1524 1085 1576 quod
1114 1526 1240 1564 adhuc
1260 1528 1299 1563 in
1322 1529 1451 1565 multis

785 1578 918 1616 Italiae
944 1581 1132 1620 inferioris
1162 1583 1285 1620 fluviis
1319 1585 1451 1621 obser-

784 1643 890 1673 vant.
948 1639 1082 1690 Itaque
1101 1648 1202 1676 recte
1232 1643 1270 1676 in
1293 1643 1450 1693 antiquo

785 1692 975 1731 Glossario
1011 1696 1061 1732 ad
1091 1698 1237 1734 calcem
1258 1697 1448 1735 Thesaur.

785 1748 973 1800 Stephan.
1015 1751 1290 1805 ξηροπὸταμος
1316 1755 1449 1792 reddi-

781 1811 843 1841 tur
853 1810 999 1844 torrens.
1020 1809 1151 1857 (Conf.
1171 1812 1222 1849 T.
1236 1812 1270 1848 V
1289 1812 1449 1862 p.6503

781 1860 843 1897 ed.
868 1863 978 1914 Valp.
1009 1873 1047 1902 et
1068 1867 1119 1903 T.
1140 1868 1198 1903 IX
1216 1880 1307 1917 pag.
1333 1867 1446 1917 123.)

781 1919 839 1953 De
879 1922 987 1970 aquis
1026 1921 1134 1958 fluvii
1173 1922 1319 1960 Crathis
1371 1923 1445 1961 vid.

782 1973 919 2011 Strabo
950 1976 975 2012 l.
1007 1977 1033 2013 l.
1057 1977 1167 2015 ovid.
1188 1979 1446 2031 Metamorph.

779 2031 864 2078 XV,
887 2032 969 2072 315
991 2034 1078 2071 coll.
1100 2036 1275 2087 Euripid.
1297 2036 1443 2074 Troad.

778 2088 876 2127 226.
932 2090 1044 2126 Nunc
1064 2099 1222 2129 vocatur
1244 2093 1359 2131 Grati.

831 2138 1030 2200 Ἀθηναίῃ
1082 2144 1282 2204 ἐπωνύμῳ
1333 2153 1442 2202 Κρα-

778 2200 896 2253 στίῃ]
940 2203 998 2238 De
1029 2202 1102 2241 hac
1131 2206 1306 2244 Minerva
1343 2206 1440 2244 mihi

777 2256 934 2307 quidem
953 2258 1050 2296 nihil
1072 2262 1250 2300 innotuit.
1290 2263 1439 2300 Viden—-

774 2319 838 2349 tur
857 2321 1000 2363 autem,
1021 2317 1139 2356 modo
1153 2333 1243 2356 vera
1253 2321 1328 2357 sint
1339 2334 1438 2373 quae

774 2366 836 2406 hic
857 2379 1100 2422 enarrantur,
1140 2377 1336 2414 Minervae
1362 2376 1438 2414 hu-

770 2427 828 2462 ius
866 2441 972 2466 sacra
1009 2443 1057 2467 ex
1086 2432 1245 2483 Sparta,
1295 2435 1360 2470 ubi
1399 2443 1435 2471 et

768 2483 891 2533 ipsam
920 2487 1136 2525 Minervam
1173 2491 1316 2527 cultam
1354 2504 1434 2528 esse

767 2542 945 2579 novimus
983 2541 1114 2592 (conf.
1150 2546 1193 2583 C.
1215 2547 1259 2584 O.
1281 2548 1432 2584 Miiller.

766 2597 859 2633 Dor.
906 2600 923 2634 Ι
944 2612 1032 2650 pag.
1056 2602 1192 2652 397),
1222 2602 1299 2640 huc
1320 2604 1432 2640 allata

764 2652 878 2690 fuisse
916 2667 939 2691 a
977 2657 1122 2695 colonis
1153 2672 1223 2710 pro
1258 2666 1428 2697 vetertun

764 2721 871 2746 more
893 2712 995 2749 urbis
1015 2717 1160 2764 patriae
1179 2717 1341 2752 numina
1365 2730 1427 2754 se-

764 2778 855 2802 cum
875 2767 1151 2807 abducentibus
1173 2779 1210 2808 et
1223 2773 1263 2808 iu
1276 2773 1425 2810 colonia

765 2835 886 2875 aeque
907 2826 1197 2865 colentibus.—
1217 2830 1309 2866 Mox
1330 2832 1425 2867 scri—

1471 504 1634 540 utriusque
1650 504 1697 531 fa-

1471 546 1548 565 mae.
