1870 3249
375 181 1028 220 TERPSICHORE.
1087 181 1129 218 V.
1338 181 1395 221 87

11 301 77 347 54
134 293 334 351 νήκοντα.
397 291 524 335 Οὕτω
559 294 620 348 τῷ
648 292 851 349 Μιλησίῳ
880 288 1189 345 Ἀρισταγόρῃ,
1227 290 1393 331 ε’ίπαντι

137 362 243 416 πρὸς
271 359 519 415 Κλεομένεα
538 358 616 403 τόν
634 356 983 413 Λακεδαιμόνιον
1014 355 1126 400 εἶναι
1154 358 1290 409 τριῶν
1320 362 1451 410 μη-5Ο

105 434 226 475 eve-321
255 428 334 484 τὴν
369 428 534 471 ἄνοδον
563 427 641 482 τὴν
671 427 789 480 παρὰ
820 426 1017 483 βασιλέα,
1058 422 1207 478 ὀρθῶς
1238 425 1395 478 εἴρητο.

130 500 168 543 εἰ
195 497 241 541 δέ
270 514 334 548 τις
371 495 421 539 τὸ
452 495 760 549 ἀτρεκέστερον
790 493 964 537 τούτων
995 493 1055 536 ἔτι
1082 495 1267 549 δίζηται,
1309 489 1393 546 ἐγώ

127 565 200 610 καὶ
228 569 359 608 τοῦτο
390 564 614 620 σημανέω·
645 562 726 619 τὴν
753 563 836 619 γὰρ
867 563 908 614 ἐξ
933 559 1121 617 Ἐφέσου
1152 560 1194 610 ές
1223 558 1394 613 Σάρδις

101 632 244 677 3ὁδόν
273 634 341 676 δεῖ
366 633 747 688 προσλογίσασθαι
773 630 924 687 ταύτῃ.
962 630 1034 672 καὶ
1066 627 1118 684 δὴ
1150 628 1259 682 λέγω
1291 637 1393 669 στα-

130 702 254 752 δίους
283 698 395 744 εἶναι
423 699 529 751 τούς
558 697 726 750 πάντας
756 697 843 742 ἀπὸ
875 696 1101 752 θαλάσσης
1137 699 1212 752 τῆς
1250 694 1392 751 Ἑλλη-

126 771 251 824 νικῆς
280 768 403 824 μέχρι
433 768 647 821 Σούσων,
687 770 817 810 τοῦτο
856 765 941 822 γοὶρ
981 764 1241 819 Μεμνόνιον
1281 763 1449 807 ἅστυ55

127 836 343 884 καλέεται,
373 835 691 890 τεσσεράκοντα
715 827 792 879 ’καὶ
819 834 1185 889 τετρακισχιλίους
1211 832 1284 876 καὶ
1313 848 1394 887 μυ-

130 905 273 958 ρίους·
313 905 358 946 οἱ
398 903 482 959 γὰρ
522 903 564 955 ἐξ
590 902 775 959 Ἐφέσου
806 903 849 954 ἐς
878 902 1046 958 Σάρδις
1087 900 1166 944 εἰσὶ
1196 897 1393 952 τεσσερά-

133 988 269 1015 κοντα
292 972 366 1014 καὶ
389 971 668 1015 πεντακόσιοι
698 970 890 1014 στάδιοι·
922 971 995 1014 καὶ
1020 969 1137 1013 οὕτω
1156 968 1269 1024 τρισὶ
1293 965 1394 1025 ἦμέ-

128 1049 229 1096 ρῃσι
258 1038 494 1095 μηκύνεται
523 1039 549 1096 ἡ
575 1041 786 1095 τρίμηνος
816 1036 930 1089 ὁδός.

208 1105 574 1163 Ἀπελαυνόμενος
604 1108 649 1151 δὲ
683 1107 707 1151 ὁ
736 1105 1042 1163 Ἀρισταγόρης
1072 1105 1118 1148 ἐκ
1146 1108 1223 1160 τῆς
1241 1102 1390 1157 Σπᾶρ-
1404 1101 1726 1163 δοῇξξξξξξξζξξῦωξξξ

127 1191 223 1231 της,
261 1173 329 1231 ἤϊε
349 1174 392 1227 ἐς
419 1174 497 1227 τοὶς
519 1173 732 1232 Ἀθήνας,
769 1175 1009 1231 γενομένας
1043 1171 1278 1229 τυράννων
1308 1168 1392 1215 ὦδε
1449 1169 1725 1239 ξ’ἱξεῗξξξξῇζῑνμῂζ

14 1264 21 1268 ’
124 1242 368 1298 ἐλευθέρας.

3 1100 70 1147 55

1448 1236 1612 1272 ficiscitur,
1640 1237 1725 1273 paul-

1449 1270 1478 1297 lo
1499 1274 1570 1298 ante
1588 1273 1630 1305 [a.
1648 1271 1724 1307 510]

1450 1303 1482 1331 in
1499 1305 1674 1333 libertatem

1450 1338 1629 1367 vindicatas.

74 1437 207 1476 dicunt
226 1437 289 1477 ἐπὶ
302 1433 375 1478 δύο
387 1436 538 1490 ἡμέρας
550 1437 633 1488 (per
643 1438 732 1477 duos

73 1495 149 1533 dies
165 1496 396 1545 continuos),
447 1494 494 1531 de
536 1508 612 1547 quo
650 1495 730 1534 vid.

71 1550 209 1589 Matth.
231 1553 297 1588 Gr.
320 1553 386 1589 Gr.
405 1565 444 1603 p.
469 1553 589 1592 1169.
630 1554 731 1590 Pro-

70 1609 155 1659 pius
175 1607 252 1646 huc
273 1609 398 1646 facere
422 1607 594 1658 videtur,
623 1609 731 1662 quod

68 1667 107 1710 1,
128 1668 182 1706 32
201 1666 363 1716 legitur:
393 1667 485 1705 τοῦ
513 1660 582 1705 ἐπ’
607 1665 730 1719 ἦμέ-

69 1736 170 1773 ρην
206 1721 420 1773 ἔχοντος
458 1720 512 1773 (i.
541 1735 574 1759 e.
605 1726 665 1761 cui
691 1726 729 1762 in

67 1777 159 1815 diem
180 1781 334 1829 suppetit
348 1779 494 1828 victus).
541 1780 651 1817 Hinc·
664 1794 728 1817 re-

69 1841 128 1872 cte
148 1833 253 1871 idem
272 1833 456 1872 Matthiae
485 1835 510 1871 l.
538 1836 565 1876 l.
595 1832 658 1886 ἐφ’
678 1835 729 1887 ἦ-

70 1888 195 1941 μέραν
214 1891 288 1941 auf
308 1894 404 1928 einen
426 1890 523 1940 Tag.
553 1912 610 1919 —
666 1892 730 1929 Ad

69 1954 341 1996 argumentum
351 1948 426 1984 loci
445 1947 546 1984 conf.
557 1948 621 1994 IV,
636 1950 729 1996 101,

70 2003 138 2040 ubi
158 2003 307 2041 ducenta
325 2005 365 2040 in
385 2016 509 2040 unum
530 2001 633 2040 diem
652 2011 731 2040 sta-

69 2059 132 2096 dia
161 2067 392 2097 sumuntur:
431 2073 550 2112 quam
571 2059 731 2098 diversi-

68 2123 187 2153 tatem
206 2130 257 2153 ne
284 2118 468 2164 mireris„
480 2116 729 2166 cogitandum

68 2185 160 2210 sane
181 2172 229 2210 de
255 2174 324 2210 soli
345 2180 460 2225 atque
481 2174 578 2210 coeli
599 2172 729 2211 diver-

67 2230 176 2267 sitate
216 2228 370 2268 diversis
407 2231 448 2266 in
467 2276 475 2282 1
495 2230 727 2280 regionibus,

68 2300 137 2338 per
167 2299 260 2338 quas
287 2288 423 2324 itinera
450 2285 639 2337 pedestria
665 2288 728 2323 in-

69 2344 174 2380 stitui
193 2345 336 2392 solent,
358 2344 529 2395 itemque
549 2343 645 2381 illud
665 2358 728 2380 re-

69 2399 328 2451 spiciendum,
359 2399 463 2453 quod
482 2401 523 2436 in
541 2402 730 2451 longiori-

71 2457 140 2494 bus
169 2457 366 2494 itineribus
400 2458 527 2494 minus
557 2459 730 2494 celeriter

70 2513 249 2564 progredi
260 2514 371 2551 liceat
382 2542 391 2560 ,
416 2516 637 2565 praesertim
648 2521 729 2552 tam

71 2568 195 2607 calido
213 2571 284 2608 sub
305 2571 432 2618 coelo3
454 2570 559 2608 unde
569 2572 727 2619 factum,

71 2633 113 2663 ut
132 2628 171 2663 in
192 2628 366 2677 longiore
387 2628 523 2664 itinere
543 2627 727 2665 Sardibus

71 2683 170 2721 Susa
188 2683 364 2721 faciendo
385 2687 520 2722 centum
547 2686 727 2735 quinqua-

69 2742 176 2789 ginta
204 2747 355 2778 tantum
384 2739 505 2777 stadia
534 2741 575 2777 in
604 2755 725 2779 unum

71 2795 173 2834 diem
201 2803 476 2848 supputentur,
516 2810 605 2834 cum
636 2799 727 2836 alias

788 1440 940 1478 ducenta
951 1436 1068 1488 vulgo
1078 1435 1333 1473 insumantur.
1365 1433 1450 1479 Quo

786 1503 899 1549 paeto
921 1508 1012 1533 sane
1033 1492 1250 1530 Herodotus
1271 1492 1318 1528 ab
1342 1491 1449 1527 olrmi

786 1552 985 1592 socordiae
1006 1558 1072 1589 aut
1082 1550 1341 1600 negligentiae
1362 1548 1448 1585 cul-

786 1610 837 1662 Ρὲι
856 1611 952 1647 liber
973 1609 1064 1656 erit,
1089 1614 1133 1644 ut
1152 1613 1254 1643 recte
1275 1606 1449 1642 observat

786 1666 1023 1705 Dahlmann.
1043 1666 1070 1703 l.
1090 1665 1117 1702 l.
1137 1677 1227 1715 pag.
1250 1664 1317 1702 96.
1363 1659 1449 1698 Ad-

787 1724 842 1762 dit
869 1726 1035 1761 Heeren.
1064 1720 1197 1758 Ideen.
1226 1721 1257 1775 I,
1292 1722 1319 1760 2
1358 1731 1447 1769 pag.

787 1781 869 1822 224
884 1811 894 1828 ,
934 1779 1009 1816 hoc
1047 1778 1229 1815 diurnum
1268 1776 1450 1826 spatium,

787 1837 893 1889 quod
922 1834 1139 1872 Herodotus
1168 1832 1449 1884 peregrinanti-

786 1895 857 1930 bus
878 1893 1070 1938 attribuit,
1092 1891 1206 1940 plane
1226 1888 1333 1924 idem
1353 1900 1446 1935 esse,

788 1948 894 2000 quod
914 1946 1039 1984 adhuc
1060 1953 1155 1983 teste
1175 1945 1382 1991 Tavernio,
1405 1945 1447 1980 in

786 2004 844 2042 his
864 2004 1082 2056 regionibus
1111 2003 1138 2038 ii
1165 2001 1353 2038 conficere
1381 2013 1445 2037 so-

785 2063 910 2109 leant,
959 2061 1027 2113 qui
1062 2072 1140 2096 una
1170 2071 1260 2096 cum
1290 2058 1445 2094 camelis

786 2120 962 2156 omnium
974 2118 1162 2153 mercium
1183 2128 1323 2165 genere
1344 2127 1445 2151 onu-

784 2177 848 2213 stis
876 2174 951 2212 hoc
979 2175 1052 2211 iter
1085 2174 1239 2210 faciant.
1268 2193 1325 2198 —
1382 2170 1444 2208 Ad

783 2246 920 2271 vocem
945 2226 1091 2282 ἀπαρτὶ
1111 2229 1213 2267 conf.
1234 2230 1282 2276 II,
1307 2228 1398 2270 158.

1005 2311 1098 2361 Cap.
1125 2309 1223 2345 LIV.

841 2376 1213 2431 προσλογίσασθαι]
1247 2376 1272 2413 i.
1307 2389 1340 2412 e.
1376 2373 1443 2411 ad-

786 2438 902 2483 iicere,
915 2435 1047 2472 addere
1062 2446 1223 2470 numero
1245 2433 1324 2469 scil.
1339 2432 1444 2482 prio-

784 2494 836 2538 ri,
884 2499 927 2529 ut
964 2492 1054 2538 VII,
1103 2491 1195 2531 186.
1228 2512 1278 2516 —
1320 2488 1443 2525 Paulo

786 2556 873 2586 ante
886 2547 975 2585 dedi
995 2545 1159 2600 βασιλέα
1179 2558 1248 2596 pro
1270 2546 1443 2596 βασιλῆα

785 2614 822 2644 et
843 2601 994 2645 τούτων
1014 2616 1083 2656 pro
1103 2601 1288 2641 τουτέων.

1021 2682 1115 2733 cap.
1133 2681 1214 2718 LV.

839 2737 1054 2793 γενομένας
1092 2733 1304 2789 τυράννων
1336 2728 1439 2783 ὦδε]

781 2798 839 2834 lta
868 2809 958 2834 cum
988 2801 1146 2832 recentt.
1175 2791 1263 2830 edd.
1286 2789 1442 2829 exhibui
