1870 3249
0 490 65 534 47

530 233 832 272 ERATO.
889 233 968 271 VI.

1299 232 1383 273 287

121 347 307 404 προσῆϊε
327 343 413 391 οἷπό
433 360 478 389 τε
498 347 575 401 τῆς
602 340 790 400 ἠπείρου
812 343 881 387 καὶ
914 345 1003 386 τῶν
1031 339 1249 399 μετάλλων
1268 339 1384 391 ἔτεος

126 418 310 462 ἑκάστου
359 411 560 468 διηκόσια
607 411 816 455 veiham-oc·

123 487 367 539 προσῆλθε,
395 478 633 536 τριηκόσια.
690 479 829 524 Εἶδον
871 479 918 522 δὲ
958 478 1032 522 καὶ
1069 475 1200 529 αὐτὸς
1227 476 1280 520 τοὶ
1311 474 1381 532 μέ-

876 409 945 454 ὅτε
993 410 1040 454 δὲ
1083 408 1133 452 τὸ
1180 413 1383 452 πλεῖστον

120 555 254 594 ταλλα
282 553 437 592 ταῦτα·
482 549 555 592 καὶ
584 552 738 605 μακρῷ
775 542 830 603 ἦν
859 544 1002 589 αὐτῶν
1029 543 1378 600 θωυμασιώτατα
1390 547 1434 583 25

119 618 172 662 τά
202 620 246 662 οἱ
276 619 475 666 Φοίνικες
506 613 716 670 ἀνεῦρον,
754 616 798 658 οἵ
834 612 939 670 μετὰ
973 612 1122 655 Θάσου
1158 613 1380 661 κτίσαντες

117 686 198 742 τήν
229 689 367 742 νῆσον
394 682 579 739 ταύτην·
609 683 702 740 ἥτις
730 686 816 726 νῦν
841 681 910 725 ἐπὶ
930 684 1010 724 τοῦ
1042 679 1190 723 Θάσου
1217 679 1379 722 τούτου

90 757 207 798 Ξτοῦ
243 755 447 803 Φοίνικος
476 750 524 795 τὸ
556 750 728 807 οὔνομά
758 751 864 806 ἔσχε.
922 746 975 792 τὰ
1017 749 1063 791 δὲ
1102 747 1287 803 μέταλλα
1325 745 1379 789 τὰ

121 821 351 866 Φοινικικὰ
391 824 528 864 ταῦτα
565 819 653 862 ἔστι
688 822 764 874 τῆς
805 815 956 861 Θάσου
985 814 1141 871 μεταξύ
1169 814 1380 869 Αἰνύρων

117 905 162 932 τε
203 889 353 945 χώρου
395 887 663 943 καλεομένου
708 885 781 928 καὶ
826 883 1083 938 Κοινύρων,
1139 882 1288 927 ἀντίον
1331 881 1435 925 δὲ30

118 959 434 1012 Σαμοθρηΐκης
446 968 455 977 ·
488 955 590 1010 ὄρος
612 953 719 1010 μέγα
732 988 742 1007 ,

89 1023 252 1080 3τήσει.
284 1028 422 1068 ’τοῦτο
461 1022 540 1079 μέν
578 1038 662 1065 νυν
702 1022 791 1065 ἔστι
818 1024 1002 1066 τοιοῦτο.

63 1208 375 1249 staatshaushalt.
405 1207 443 1246 d.
471 1206 614 1245 Athen.
640 1206 659 1242 I
678 1219 718 1257 p.

63 1267 157 1316 334,
188 1269 254 1319 qui
293 1279 379 1303 eam
415 1266 495 1302 fere
534 1262 720 1301 Herodoti

62 1326 289 1361 sententiam
321 1336 400 1369 esse
422 1322 553 1359 docet:
585 1335 606 1357 e
633 1333 721 1357 me-

35 1387 42 1392 ‘
61 1381 159 1418 tollis
178 1382 218 1417 in
237 1387 337 1417 terra
357 1379 566 1417 continenti
584 1379 660 1415 sitis
673 1375 722 1413 ad

63 1437 325 1489 Sceptesylam
339 1437 540 1488 quotannis
558 1436 599 1471 in
611 1433 723 1472 Tha-

60 1495 204 1532 siorum
224 1496 412 1530 aerarimn
430 1492 582 1529 rediisse
611 1497 720 1528 octo-

62 1552 169 1601 ginta
197 1552 361 1598 talenta,
391 1551 583 1587 minorem
610 1561 719 1585 sum-

62 1620 200 1644 mame
213 1608 376 1644 metallis
396 1608 437 1643 in
457 1605 577 1643 Thasi
595 1605 719 1642 insula

63 1665 162 1713 sitis,
210 1663 277 1702 sed
314 1671 465 1700 tantum
504 1669 626 1710 certe,
674 1667 719 1698 ut

63 1721 102 1758 T
103 1719 296 1759 basiorum
307 1720 392 1773 (qui
402 1721 473 1772 ipsi
483 1721 589 1757 omni
608 1731 724 1770 agro-

63 1791 150 1815 rum
172 1777 458 1830 fundorumque
488 1778 629 1814 tributo
651 1788 723 1812 ex-

64 1836 157 1871 emti
189 1835 323 1884 fuere)
360 1833 503 1871 reditus
544 1833 662 1870 annui
700 1845 722 1868 e

64 1891 226 1928 metallis
243 1892 284 1927 in
299 1891 509 1928 continenti
529 1903 650 1941 aeque
666 1895 723 1925 at-

67 1961 142 1999 que
169 1948 210 1983 iu
243 1947 366 1983 insula
395 1948 494 1993 sitis,
533 1948 611 1982 unzi
631 1958 722 1982 cum

66 2003 311 2053 vectigalibus
333 2003 426 2049 aliis,
455 2004 553 2038 intra
574 2003 723 2039 ducenta

67 2072 111 2097 ac
132 2064 288 2097 trecenta
313 2060 454 2096 talenta
475 2060 722 2096 constiterint.

65 2117 124 2154 Ac
140 2115 304 2154 ducenta
322 2117 475 2163 talenta,
495 2116 724 2153 VVurmium

65 2174 98 2210 si
135 2186 362 2225 sequamur,
409 2172 580 2209 efficiunt
615 2185 724 2209 sum-

66 2242 173 2267 mam
193 2230 287 2278 521,
312 2229 392 2270 165
413 2229 659 2276 florenorum,
669 2226 723 2269 24

67 2287 321 2337 crucigerr.‚s.
337 2287 724 2333 1,112,180Fran0c.

62 2344 238 2390 Gallico„
268 2346 422 2380 trecenta
442 2342 611 2379 efficiunt
631 2343 725 2389 781,

66 2398 149 2442 748
168 2399 329 2436 florem]-
351 2401 376 2439 6
398 2400 566 2449 crucigg.
586 2399 666 2436 sive
689 2400 725 2446 1,

67 2457 164 2504 668,
175 2458 255 2497 270
274 2457 433 2493 Franco.
454 2456 622 2503 Gallice,
634 2458 728 2492 octo-

65 2514 172 2562 ginta
190 2513 333 2549 taleuta
353 2519 516 2564 aequant
531 2514 623 2557 208,
642 2511 726 2553 466

67 2568 229 2606 florenu.
243 2571 294 2610 10
304 2569 471 2619 crucigg.
498 2570 602 2605 Haec
615 2567 728 2606 Tha-

69 2627 214 2663 siorum
250 2625 404 2662 metalla
440 2624 642 2675 postmodo
685 2626 728 2662 iu

70 2681 361 2720 Atheniensium
371 2688 598 2732 potestatem
609 2680 727 2719 deve-

72 2739 184 2788 nisse,
213 2739 441 2790 accepimus.
479 2739 727 2776 Accuratiora

72 2800 200 2833 tamen
232 2795 279 2834 de
307 2798 352 2832 iis
364 2825 373 2843 ‚
416 2793 521 2847 quod
557 2795 727 2831 maxime

74 2849 256 2903 dolemus,
270 2851 419 2892 desunt.
440 2851 521 2890 Cre
536 2864 602 2891 uz.
631 2864 728 2890 con-

774 951 1126 1008 ἀνεστραμμένον
1152 952 1200 995 ἐν
1227 954 1281 1008 τῇ
1312 954 1380 1006 ζη-

1063 1020 1117 1063 Oi
1145 1019 1191 1063 δὲ
1224 1017 1381 1062 Θάσιοι

773 1207 847 1245 suli
865 1208 947 1245 vult
975 1203 1139 1247 Eckhel,
1159 1205 1290 1241 Doctr.
1319 1203 1367 1239 N.
1387 1201 1435 1242 V.

773 1265 860 1302 Vol.
879 1266 915 1300 Π
930 1277 969 1315 p.
991 1263 1042 1303 53
1061 1270 1097 1299 et
1117 1262 1183 1303 54.
1213 1259 1315 1297 Add.
1338 1271 1437 1311 quae

775 1322 919 1373 profert
939 1320 1110 1357 Voemel.
1127 1318 1175 1355 ad
1186 1315 1435 1354 Demosthen.

776 1377 943 1430 Philipp.
962 1378 1142 1427 Prolegg.
1158 1390 1198 1427 p.
1219 1377 1287 1417 66.

973 1503 1066 1554 cap.
1090 1502 1245 1539 XLVII.

832 1601 960 1646 Εἶδον
979 1602 1022 1644 δὲ
1044 1603 1111 1644 καὶ
1135 1599 1255 1650 αὐτός
1271 1617 1309 1642 κ.
1323 1605 1360 1641 ’τ.
1382 1602 1436 1651 λ.]

777 1666 841 1702 Ex
867 1663 926 1700 his
953 1662 1199 1699 manifestum
1232 1667 1286 1698 est
1311 1661 1439 1696 Hero-

779 1721 913 1759 dotum
942 1721 1068 1771 ipsum
1095 1720 1135 1755 in
1164 1717 1338 1755 Thasum
1360 1729 1438 1753 esse

778 1778 995 1815 advectum.
1037 1776 1148 1813 Conf.
1172 1777 1288 1812 etiam
1310 1775 1359 1821 ΙΙ,
1383 1771 1437 1812 44

778 1842 816 1872 et
854 1837 979 1885 Heyse
1018 1834 1171 1878 Quaest.
1209 1844 1326 1882 pag-⁴
1344 1830 1438 1868 119.

776 1893 872 1928 Mox
902 1890 990 1927 dedi
1017 1885 1148 1927 αὐτῶν
1176 1901 1245 1938 pro
1273 1882 1439 1926 αὐτέων.

775 1950 833 1984 De
853 1947 998 1983 articuli
1017 1947 1054 1982 vi
1075 1947 1112 1981 iu
1133 1945 1256 1981 verbis
1278 1942 1319 1982 οἵ
1342 1942 1439 1980 Φοί-

779 2018 886 2049 νικες
912 2002 960 2042 οἷ
977 2025 1027 2030 --
1050 2002 1251 2046 κτίσαντες
1287 1998 1439 2036 monuit

778 2059 915 2097 matth.
935 2060 1001 2096 Gr.
1022 2059 1089 2095 Gr.
1107 2070 1196 2108 pag.
1218 2057 1312 2097 560.

838 2147 902 2189 ἐπὶ
921 2151 995 2188 τοῦ
1015 2143 1151 2188 Θάσου
1181 2142 1343 2196 τούτου]
1375 2144 1441 2186 ἐπὶ

783 2221 804 2243 e
823 2207 1067 2252 Florentino,
1108 2205 1200 2252 aliis,
1240 2210 1441 2255 receptum

781 2277 851 2315 pro
873 2264 966 2300 oiim
985 2263 1090 2312 vulg.
1114 2256 1207 2309 α’]ηό.
1267 2260 1353 2298 vid.
1375 2261 1439 2307 IV,

781 2321 849 2362 45.
873 2323 966 2360 107.
990 2318 1083 2359 184.
1102 2319 1183 2365 VH,
1205 2317 1272 2359 58.
1293 2315 1440 2359 61.74.

782 2378 877 2414 Mox
899 2375 983 2426 ἔσχε
1004 2375 1140 2426 optimi
1161 2376 1316 2427 quique.
1339 2374 1441 2411 Olim

785 2433 892 2480 ἕσκες
913 2432 961 2469 de
984 2444 1059 2484 quo
1081 2431 1183 2469 conf.
1204 2432 1273 2476 VI,
1295 2433 1362 2472 56.
1382 2451 1440 2457 —

780 2490 844 2527 Ad
864 2490 1076 2541 genitivum
1093 2490 1163 2539 τῆς
1181 2484 1315 2527 Θάσου
1337 2486 1439 2524 conf.

781 2546 917 2584 matth.
939 2547 1005 2583 Gr.
1021 2546 1088 2582 Gr.
1108 2557 1196 2596 pag.
1218 2546 1314 2585 629.

841 2622 936 2676 ὅρος
975 2621 1074 2677 μέγα
1118 2619 1440 2676 ἀνεστραμμένον

782 2681 825 2723 ἐν
855 2685 907 2736 τῇ
937 2679 1118 2732 ζητήσει]
1158 2681 1183 2716 i.
1215 2693 1249 2718 e.
1279 2680 1439 2729 „Ingens

783 2751 878 2777 mons
915 2737 1123 2788 quaerendis
1162 2736 1331 2786 (metalli
1370 2750 1440 2774 ve-

782 2795 873 2846 nis)
903 2807 1028 2845 susque
1049 2794 1158 2844 deque
1185 2804 1306 2831 versus
1342 2793 1440 2832 est.“

784 2851 984 2900 Schwez'gli.
