1870 3249
16 1018 81 1064 77

391 231 1150 270 TERPSICHORE.V.
1334 232 1418 271 139

145 347 274 389 τοῦτο
307 343 376 386 ἐπὶ
405 341 487 399 τὴν
514 341 709 398 Ἀττικήν
739 340 1000 397 ἀπικόμενοι
1029 340 1238 395 Δωριέες,
1278 340 1345 390 δίς
1371 355 1416 382 τε
1475 347 1751 381 QnatuorDorieu-

1473 382 1552 408 sium
1572 381 1600 407 in
1623 382 1751 408 Atticam
1787 402 1790 411 ,

148 413 216 458 ἐπὶ
250 412 425 469 πολέμῳ
466 410 741 467 ἐσβαλόντες,
785 410 857 453 καὶ
905 411 971 461 δὶς
1011 407 1078 453 ἐπ’
1131 407 1288 465 ἀγαθῷ
1332 411 1415 450 τοῦ
1474 415 1686 451 expeditiones
1707 415 1751 441 111-

1474 450 1512 476 de
1531 458 1549 475 a
1566 449 1659 476 Codri
1674 452 1752 476 tem-

119 479 341 537 Ξπλήθεος
369 482 450 523 τοῦ
476 480 740 536 Ἀθηναίων·
770 481 948 533 πρῶτον
978 478 1078 532 μὲν,
1125 476 1195 520 ὅτε
1225 476 1297 520 καὶ
1328 475 1416 518 Μέ-
1473 483 1604 518 poribus-

146 565 259 605 γαρα
287 549 562 601 κατοίκισαν,
595 541 725 598 οὗτος
760 544 784 590 ὁ
813 545 994 599 στόλος,
1036 544 1105 588 ἐπὶ
1130 544 1315 599 Κόδρου
1343 546 1417 598 βα·

146 615 399 667 σιλεύοντος
425 615 691 672 Ἀθηναίων,
732 616 883 670 ὀρθῶς
914 613 969 658 ὂὶν
1007 614 1230 658 καλέοιτο·
1277 611 1418 655 δεύτε-

146 701 228 739 ρον
266 685 312 728 δὲ
342 684 413 727 καὶ
445 686 614 738 τρίτον,
655 684 726 728 ὅτε
760 684 826 727 ἐπὶ
859 682 1252 737 Πεισιστρατιδέων
1284 680 1418 732 ἐξέλα-

144 764 216 796 σιν
251 751 514 810 ὁρμηθέντες
543 752 591 796 ἐκ
621 753 830 809 Σπάρτης
861 751 1093 796 ἀπίκοντο·
1134 750 1340 802 τέταρτον
1369 747 1441 791 δὲ1

143 820 260 874 τότε,
289 819 360 865 ὅτε
388 820 431 872 ἐς
457 820 680 866 Ἐλευσῖνα
711 820 958 877 Κλεομένης
991 817 1109 874 ἄγων
1141 821 1417 872 Πελοποννη-

147 891 271 941 σίους
292 889 478 946 ἐσέβαλε.
510 889 627 934 οὕτω
648 891 855 946 τέταρτον
874 889 968 933 τότε
989 888 1182 942 Δωριέες
1210 885 1417 941 ἐσέβαλον

147 960 189 1011 ἐς
214 958 416 1015 Ἀθήνας.

1476 1015 1677 1043 Athenienses
1690 1025 1751 1043 ine-

223 1026 526 1078 Διαλυθέντος
553 1021 614 1070 ὧν
643 1031 724 1070 τοῦ
753 1024 912 1070 στόλου
942 1023 1106 1068 τούτου
1136 1021 1314 1076 ἀκλεῶς,
1345 1022 1446 1065 {my-5
1476 1053 1509 1077 m
1527 1050 1718 1083 peloponne-

1473 1085 1586 1112 sim-um
1602 1084 1735 1118 liberati,

140 1099 288 1139 θαῦτα
303 1094 530 1152 Ἀθηναῖοι
553 1096 790 1138 τίννυσθαι
806 1092 1082 1150 βουλόμενοι,
1112 1093 1264 1144 πρῶτα
1283 1102 1417 1144 στρα-
1475 1127 1493 1145 a
1511 1119 1636 1145 Boeotis
1659 1127 1695 1145 a„

1474 1153 1725 1180 Chalcidensibus

141 1165 268 1218 τηΐην
295 1166 524 1207 ποιεῦνται
564 1162 632 1205 ἐπὶ
677 1161 936 1212 Χαλκιδέας·
995 1159 1188 1204 Βοιωτοὶ
1227 1157 1273 1201 δὲ
1302 1163 1415 1202 τοῖσι
1473 1195 1695 1223 poenasrepe,

115 1233 414 1275 ΞΧαλκιδεῦσι
430 1229 673 1288 βοηθέουσι
692 1230 762 1274 ἐπὶ
784 1229 862 1274 τὸν
887 1229 1103 1284 Εὔριπον.
1139 1226 1414 1282 Ἀθηναίοισι

1472 1224 1552 1254 tunt,

143 1301 190 1344 δὲ
220 1302 368 1344 ἰδοῦσι
396 1298 499 1351 τούς
532 1299 732 1355 βοηθούς
757 1300 877 1351 ἔδοξε
905 1296 1123 1357 πρότερον
1150 1300 1263 1338 τοῖσι
1280 1298 1417 1337 Βοιω-

147 1373 260 1412 τοῖσι
289 1367 317 1424 ἢ
345 1373 460 1412 τοῖσι
487 1369 756 1411 Χαλκιδεῦσι
793 1366 1060 1422 ἐπιχειρέειν·
1115 1362 1418 1419 συμβάλλουσί

143 1452 187 1480 τε
224 1437 277 1494 δή
317 1441 433 1481 τοῖσι
481 1439 717 1480 Βοιωτοῖσι
767 1436 811 1478 οἷ
848 1433 1097 1491 Ἀθηναῖοι,
1147 1434 1220 1476 καὶ
1266 1435 1417 1489 πολλῷ
1432 1441 1475 1473 10

86 1622 224 1646 narum
273 1612 499 1648 Cleomenes
548 1612 751 1662 occupavit

87 1667 197 1715 [508
228 1681 262 1705 a.
292 1667 382 1706 Chr.
413 1669 499 1716 n.]:
539 1668 652 1719 (cap.
675 1669 749 1719 72)

83 1723 151 1760 sed
180 1727 364 1776 qnoniam
393 1727 575 1776 exiguam
612 1724 751 1762 admo-

86 1779 182 1817 dum
221 1795 385 1818 manum
419 1782 523 1833 (cap.
553 1782 626 1830 72)
657 1790 749 1819 tunc

85 1850 217 1874 secum
244 1839 470 1876 Cleomenes
509 1837 670 1886 habuit,
713 1846 751 1876 et

86 1906 228 1944 paucos
257 1902 343 1945 post
363 1894 442 1932 dies
471 1895 658 1932 excedere
678 1896 752 1932 At-

87 1951 162 1986 tica
200 1958 352 1988 coactus
383 1958 460 1999 est3
509 1952 609 1988 illius
646 1965 751 1989 nunc

88 2005 338 2057 expeditionis
360 2006 576 2045 Herodotus
592 2008 752 2059 (quem-

88 2062 300 2100 admodum
322 2067 435 2101 etiam
457 2065 663 2102 Pausanias
683 2067 750 2113 III,

86 2119 141 2170 4)
189 2122 376 2158 rationem
422 2134 502 2158 non
538 2121 676 2158 habet:
718 2125 751 2159 et

87 2180 252 2227 quartam
289 2177 516 2216 Dorz‘ensz'um
555 2178 750 2229 expeditio-

84 2246 160 2271 nem
180 2235 217 2270 in
229 2235 386 2273 Atticam
405 2239 613 2286 susceptam,
627 2236 748 2284 [anno

85 2291 166 2332 507
188 2303 222 2328 a.
245 2290 334 2329 Chr.
364 2294 430 2342 n.]
472 2293 580 2329 illam
605 2306 749 2329 nume—-

86 2353 144 2383 rat
171 2359 271 2399 quae
295 2362 330 2386 c.
359 2349 411 2390 74
435 2355 472 2386 et
492 2349 545 2390 75
576 2351 747 2401 exposita

87 2404 182 2440 est.“
216 2404 463 2456 8εήωεὶςή
478 2418 605 2443 aeus.

143 2458 206 2498 ἐπὶ
233 2461 391 2516 πολέμῳ
423 2458 685 2514 ἐσβαλόντες]
726 2465 750 2501 i.

88 2529 121 2556 e.
155 2517 278 2555 hostili
312 2521 429 2556 animo
453 2521 610 2569 ingressi
633 2533 660 2556 s.
683 2533 752 2570 quo

86 2573 211 2611 bellum
234 2574 415 2624 inferrent.
456 2576 562 2621 Quae
583 2590 677 2613 mox
691 2578 748 2613 le—

85 2637 254 2680 guntur:
314 2627 387 2670 ἐπ’
445 2628 630 2687 ἀγαθῷ
675 2635 748 2674 τοῦ

87 2686 210 2738 (quod
232 2701 321 2724 cum
342 2696 499 2726 receutt.
521 2689 609 2726 edd.
632 2703 748 2741 repo-

85 2744 231 2781 suimus
270 2758 339 2796 pro
388 2746 498 2795 τῶν)
567 2742 748 2796 πλήθεος

84 2794 334 2851 Ἀθηναίων,
372 2803 525 2840 valent:
580 2804 621 2839 in
657 2816 746 2841 com-

87 2857 226 2895 modum
262 2859 374 2908 plebis
414 2859 678 2899 Atheniensium
715 2873 746 2897 s.

808 1609 984 1647 commoda
1007 1610 1106 1660 plebi
1136 1609 1281 1645 Atticae
1310 1608 1477 1645 allaturi.

806 1668 883 1703 Ubi
903 1680 993 1704 cum
1012 1669 1175 1717 πλῆθος
1197 1665 1308 1712 dicit,
1343 1665 1475 1715 plebem

806 1725 1050 1775 potissimum
1080 1725 1267 1774 respexit,
1308 1721 1366 1758 his
1386 1722 1475 1772 ipsis

807 1783 956 1818 Dorum
977 1781 1258 1818 incursionibus
1288 1779 1329 1815 in
1348 1780 1475 1815 maio-

807 1851 892 1874 rem
948 1832 1165 1875 libertatem
1226 1835 1473 1874 vindicatam.

807 1896 908 1931 Nam
929 1897 1090 1945 πλῆθος
1107 1892 1213 1930 haud
1233 1905 1316 1929 raro
1338 1893 1390 1929 sic
1400 1906 1475 1942 po-

808 1952 914 1988 nitur
934 1950 981 1987 de
997 1950 1116 2001 plebe,
1149 1962 1248 2001 quae
1278 1953 1363 1996 τοῖς
1390 1946 1475 1988 ὀλί-

807 2022 894 2059 γοις
912 2008 992 2044 sive
1013 2008 1240 2057 optimatibus
1256 2008 1476 2057 opponitur.

807 2065 960 2101 Monuit
997 2062 1274 2101 Wachsmuth.
1324 2064 1475 2100 Hellen.

806 2120 1088 2158 Alterthumsk.
1127 2123 1158 2169 Ι,
1185 2124 1212 2161 2
1248 2133 1337 2171 pag.
1380 2123 1473 2160 101.

808 2178 866 2215 Cf.
888 2177 1031 2216 Herod.
1053 2179 1120 2224 ΙΙΙ,
1143 2180 1210 2218 80.
1234 2179 1301 2217 Sl·

862 2231 927 2274 ὅτε
940 2234 1008 2274 καὶ
1021 2233 1193 2286 Μέγαρα
1205 2234 1474 2282 κατοίκισαν].

806 2291 936 2337 Quum
965 2293 1238 2343 Peloponneso
1258 2293 1473 2328 maximam

803 2351 1073 2400 partemDores
1083 2350 1193 2400 potiti
1204 2356 1326 2386 essem
1337 2349 1473 2386 simul-

806 2419 882 2458 que
895 2405 1137 2443 Athenariun
1148 2413 1325 2456 potestas,
1357 2404 1474 2442 adve-

808 2464 867 2500 nis
888 2462 1061 2516 undique
1084 2463 1339 2510 affluentibus,
1360 2462 1472 2500 valde

807 2527 904 2557 esset
920 2527 1043 2567 aucta,
1056 2521 1202 2558 bellum
1215 2527 1391 2557 exortum
1405 2527 1472 2561 est,

806 2577 845 2613 in
869 2590 945 2629 quo
955 2579 1074 2615 Dores
1088 2578 1360 2627 Peloponnesii
1376 2589 1471 2612 con-

804 2635 941 2671 iunctis
962 2636 1076 2671 armis
1096 2636 1268 2671 invasere
1288 2634 1470 2677 Animam,

805 2704 903 2743 quae
924 2704 1002 2728 non
1024 2693 1094 2728 nisi
1117 2690 1232 2727 Codri
1266 2689 1471 2726 devotione

803 2755 949 2785 servata
972 2755 1038 2795 est,
1065 2749 1116 2784 ita
1137 2754 1179 2784 ut
1198 2748 1318 2783 Dores
1339 2759 1470 2796 regre-

805 2803 986 2841 derentur
1014 2816 1209 2856 imamque
1237 2804 1308 2840 sibi
1327 2805 1470 2840 retine-

804 2868 888 2898 rent
917 2862 1137 2911 Megaram,
1185 2873 1284 2912 quae
1315 2861 1471 2898 mutatis
