1789 3258
413 232 888 276 POLYMNIA.
947 241 1048 282 V11.

1288 249 1373 289 625

110 339 354 396 ἐπεθύμησε
369 340 546 393 πλώσας
577 345 827 401 θεήσασθαι
847 348 930 405 τήν
958 350 1146 409 ἐκβολὴν
1165 358 1248 398 τοῦ
1279 359 1370 412 Πη-

105 411 250 451 νειοῦ·
281 407 348 452 ὅτι
377 408 456 465 τὴν
487 409 578 455 ἄνω
609 412 719 458 ὁδόν
747 415 892 470 ἔμελλε
930 418 1033 463 ἐλᾶν
1063 421 1136 465 διὰ
1164 424 1366 469 Μακεδό-

103 491 209 529 νων,
238 479 328 519 τῶν
356 477 603 535 κατύπερθε
633 483 891 540 οἰκημένων,
921 485 965 537 ἐς
987 489 1263 547 Περῥαιβούς
1290 501 1423 537 ποι-45

102 540 157 597 ροὶ
200 543 376 590 Γόννον
403 545 554 592 πόλιν·
594 550 730 608 ταύτῃ
759 552 842 608 γάρ
874 551 1206 611 ἀσφαλέστατον
1235 561 1365 605 ἐπυν-

41 751 201 791 Accedit
221 755 348 804 etiam,
380 756 483 808 quod
503 760 572 796 ista
600 762 706 812 regio

40 821 143 846 nunc
180 814 352 849 maxime
381 815 580 854 insalubris
610 831 704 855 cen-

38 872 140 903 setur
169 869 408 922 minimeque
429 878 509 909 tuta
528 877 702 925 peregri-

36 924 244 963 natoribus.
294 928 405 965 Conf.
427 929 700 970 Vaudoncourt

36 979 108 1017 1.1.
125 994 215 1032 pag.
239 981 333 1024 342.
363 986 637 1038 Poucqueville
666 991 695 1038 I,

37 1037 56 1074 1
81 1049 141 1087 cp.
163 1041 216 1078 76
236 1052 326 1090 pag.
347 1039 442 1081 404.
499 1045 622 1081 Aliter
636 1047 696 1082 vi·-

33 1090 146 1130 detur
185 1095 376 1134 Dodwell.
412 1099 440 1135 l.
466 1100 492 1136 l.
538 1102 696 1139 laetissi-

31 1161 138 1186 mam
176 1152 282 1188 illam
315 1155 514 1204 regionem
534 1170 693 1195 accura-

30 1207 103 1246 fius
142 1206 388 1260 describenti,
432 1225 549 1264 quam
587 1229 692 1253 nunc

30 1264 212 1314 appellari
236 1266 416 1318 Tzampas
437 1268 553 1309 addit.
613 1274 689 1310 Per

19 1319 201 1358 ⁴medium
237 1335 376 1361 aevum
404 1327 575 1365 faucibus
614 1343 689 1367 no-

28 1388 119 1413 men
146 1377 379 1428 Lycastom03
425 1395 445 1419 a
476 1385 615 1423 Turcis
637 1388 687 1423 il·—

26 1432 86 1469 lae
97 1436 313 1473 vocitantur
331 1437 486 1487 Bogaz:
519 1455 594 1494 qua
604 1444 685 1494 ipsa

26 1502 120 1527 voce
151 1491 280 1542 fauces
310 1492 499 1545 designari
531 1512 560 1535 s.
589 1502 686 1538 viam

25 1552 227 1597 angustam,
257 1555 394 1589 arctam
415 1562 597 1593 asserunt.
626 1558 684 1595 Ac

22 1615 114 1641 sane
133 1606 165 1642 si
183 1607 298 1644 totius
317 1610 482 1659 regionis
512 1612 683 1651 indolem

22 1668 179 1712 spectes,
212 1663 341 1713 fauces
379 1668 505 1716 potius
545 1669 683 1709 dixeris

21 1717 173 1770 Tempe
194 1733 311 1772 quam
332 1724 493 1772 vallem3
518 1728 682 1776 perfau-

20 1787 82 1812 ces
123 1777 228 1813 enim
273 1791 396 1830 aquae
431 1780 682 1827 'Thessalicae

10 1832 167 1869 exitum
186 1843 421 1885 repererunt,
452 1845 489 1875 et
509 1853 578 1890 per
599 1855 683 1879 eas-

21 1886 112 1925 dem
132 1890 260 1927 fauces
286 1893 326 1928 in
359 1892 581 1933 Thessaliae
601 1905 682 1935 tra-

18 1951 100 1982 ctus
126 1947 320 1984 interiores
352 1953 550 1999 pervenire
580 1954 680 2002 licet,

19 2013 112 2052 quas
141 2005 402 2054 contemplans
429 2009 576 2046 Xerxes
597 2012 682 2047 exi-

16 2063 178 2110 tumque
199 2061 339 2108 Penei,
369 2067 680 2113 angustissimum

18 2114 129 2151 illum
147 2116 304 2167 quidem
323 2120 501 2172 utrinque
513 2124 611 2160 saxis
622 2125 680 2161 al—

15 2171 61 2208 tis
89 2173 299 2221 inclusum,
322 2175 551 2227 adspiciens,
592 2194 679 2218 ma-

13 2229 119 2266 xima
148 2229 399 2269 admiratione
419 2235 594 2286 abreptus
613 2239 679 2275 fu-

14 2285 84 2322 isse
103 2287 183 2323 iure
205 2287 367 2326 dicitur:
411 2290 454 2330 ἐν
488 2290 676 2344 θωύματι

5 2339 168 2398 μεγάλῳ
190 2343 375 2396 ἐνέσχετο.
437 2348 547 2393 Quod
569 2350 672 2388 idem

13 2400 120 2436 nobis
141 2403 342 2451 contigisse
367 2404 552 2455 fatemur,
582 2422 671 2446 cum

12 2454 52 2491 in
89 2455 392 2506 splendidissimo
424 2474 539 2513 opere
578 2466 664 2503 Lib.

7 2511 148 2551 Baron.
190 2512 238 2550 de
278 2515 540 2570 Stackelberg.
587 2522 670 2571 (La

9 2568 144 2607 Graue.
203 2571 302 2608 Vues
341 2574 590 2628 pittoresques
631 2587 668 2617 et

0 2625 340 2679 ‘topographiquea
392 2631 496 2667 Paris
560 2636 662 2676 1831

6 2679 91 2729 fol.)
132 2684 404 2734 inspiceremus
433 2688 578 2725 tabulas
606 2691 666 2727 la-

6 2733 85 2787 'pidi
120 2741 276 2788 incisas,
315 2742 512 2793 inquibus
545 2746 665 2783 Penei

5 2791 110 2832 fluvii
139 2810 290 2844 cursus,
321 2799 478 2850 ipsaque
499 2801 662 2853 Tempe,

7 2851 190 2902 oppidum
207 2855 366 2891 Gonnus
377 2869 407 2893 s.
428 2857 546 2905 Baba,
567 2859 662 2896 aliae

61 2909 282 2949 meonor.
304 2913 372 2949 ΠΙ.

760 761 872 801 huius
892 766 1057 816 regionis
1076 764 1213 819 partes,
1243 773 1420 811 luculen-

759 822 900 858 tissime
939 823 988 860 ad
1027 827 1227 865 oculorum
1263 843 1419 869 sensum

759 876 949 916 exhibitae
971 889 1072 919 sunt.

812 931 873 974 ὅτι
911 933 984 985 τήν
1026 935 1112 978 ἅνω
1148 938 1242 981 ὁδόν
1286 941 1417 993 ἔμελλε

754 989 883 1041 ε’λοῖν]
934 992 964 1044 ἦ
1006 992 1091 1034 ἅνω
1127 994 1222 1044 ὁδός
1266 999 1414 1050 dicitur,

753 1060 851 1099 quae
889 1063 958 1100 per
988 1053 1264 1092 mediterranea
1298 1057 1414 1106 ducit,

751 1117 872 1157 eaque
899 1115 1096 1158 montosa,
1126 1111 1157 1147 si
1196 1113 1353 1164 quidem
1387 1114 1416 1168 ἦ

749 1159 857 1200 κάτω
889 1161 980 1211 ὁδὸς
1009 1179 1054 1203 ea
1083 1173 1155 1215 est,
1187 1182 1286 1222 quae
1306 1172 1413 1210 iuxta

748 1231 854 1255 mare
875 1219 991 1260 ducit.

805 1275 846 1321 ἐς
864 1277 1139 1330 Πεῤῥαιβοῦς]
1155 1282 1282 1321 Minus
1295 1293 1410 1334 recte,

743 1332 934 1385 plerisque
954 1336 1056 1373 libris
1076 1338 1225 1388 invitis,
1264 1343 1411 1393 Περαι-

744 1384 857 1439 βούς.
915 1392 973 1428 De
1006 1406 1082 1445 qua
1101 1396 1204 1432 vocis
1225 1400 1409 1450 scriptura

742 1453 892 1495 praeter
909 1449 1084 1488 Eustath.
1115 1451 1163 1488 ad
1182 1453 1290 1492 Iliad.
1319 1469 1409 1507 pag.

744 1502 824 1542 335
852 1517 881 1541 s.
903 1505 997 1554 254,
1028 1510 1078 1547 10
1100 1518 1262 1558 egerunt
1282 1513 1403 1550 inter-

741 1566 864 1608 pretes
891 1560 1115 1615 Thucydid.
1144 1567 1208 1614 IV,
1238 1569 1290 1608 78
1320 1571 1405 1608 coll.

741 1615 899 1655 Diodor.
920 1620 989 1666 XI,
1008 1622 1031 1660 3
1054 1628 1091 1658 et
1111 1634 1133 1658 a
1152 1623 1407 1664 Friedeman-

740 1685 791 1709 110
803 1674 905 1711 citati
917 1675 965 1713 ad
976 1677 1153 1716 strabon.
1166 1679 1403 1726 Commentt.

739 1730 756 1764 Ι
775 1743 864 1781 pag.
882 1729 979 1773 430.
1013 1733 1132 1772 Sedes
1153 1739 1287 1787 gentis,
1304 1753 1404 1792 quae

740 1787 832 1823 olim
863 1787 912 1824 ad
940 1791 1116 1829 Peneum
1135 1794 1402 1849 Larissamque

738 1841 944 1892 habitabat,
972 1854 1103 1897 postea
1124 1852 1246 1900 magis
1267 1853 1315 1890 ad
1338 1867 1401 1890 se-

737 1903 994 1949 ptentrionem
1030 1907 1271 1955 quaerendae
1309 1919 1398 1948 sunt

739 1955 786 1991 ad
798 1957 964 1995 Pindum
977 1961 1150 1998 montem
1163 1977 1206 2000 ea
1216 1965 1253 2001 in
1269 1965 1398 2004 Thes—

737 2013 850 2049 saliae
870 2022 989 2065 parte‚
1012 2030 1110 2069 quae
1130 2021 1396 2061 Macedoniam

737 2082 857 2121 usque
878 2073 1098 2123 attingebat.
1143 2078 1254 2115 Nunc
1275 2086 1396 2118 terrae

735 2139 877 2163 nomen
899 2130 1050 2178 Zagori.
1108 2133 1194 2172 Vid.
1215 2137 1394 2176 strabon.

734 2184 791 2219 IX
810 2198 848 2235 p.
872 2188 967 2226 671.
998 2186 1080 2229 674
1100 2203 1179 2242 seq.
1200 2205 1230 2229 s.
1249 2207 1288 2243 p.
1311 2195 1393 2236 439

731 2253 811 2292 seq.
833 2239 916 2282 442
936 2244 1021 2281 coll.
1052 2246 1240 2287 Mannert.
1266 2251 1335 2288 VII
1353 2266 1391 2304 p.

733 2297 826 2338 522.
849 2297 943 2339 562.

786 2351 896 2405 παρὰ
918 2353 1074 2397 Γόννον
1101 2356 1247 2411 πόλιν]
1289 2363 1383 2402 Gon-

728 2423 794 2447 nus
822 2412 910 2448 urbs
945 2412 1048 2461 (sive
1071 2415 1217 2467 Gonni)
1245 2419 1388 2471 inipso

728 2467 920 2516 faucium,
941 2482 1040 2521 quae
1068 2473 1221 2524 Tempe
1243 2489 1387 2514 vocan-

725 2530 799 2571 tur,
828 2526 985 2563 introitu
1018 2530 1088 2565 sita
1118 2530 1286 2584 indeque
1313 2547 1386 2584 po-

724 2587 822 2618 stero
850 2584 1030 2630 aevo‚ubi
1049 2587 1212 2625 crebrius
1232 2602 1385 2626 memo—

724 2644 829 2674 ratur
857 2640 895 2675 in
918 2640 1022 2677 bellis
1044 2643 1302 2681 Macedonum
1323 2652 1384 2682 at-

724 2707 798 2745 que
818 2697 1094 2745 Romanorum,
1118 2699 1214 2736 bene
1235 2704 1382 2739 munita

720 2750 804 2789 fuit.
863 2753 948 2789 Vid.
978 2755 1167 2791 Mannert.
1198 2758 1264 2792 vll
1292 2770 1380 2809 pag.

721 2806 817 2848 558.
874 2810 998 2855 Nunc,
1030 2810 1095 2846 ubi
1125 2810 1251 2850 fauces
1281 2815 1379 2852 inci-

718 2864 839 2912 piunt,
853 2863 958 2902 Baba
977 2866 1081 2903 vicus
1100 2874 1238 2917 exstat3
1262 2883 1377 2923 quem

1047 2921 1101 2962 40
