1834 3258
418 222 894 259 POLYMNIA.
953 221 1053 259 VII.

1283 223 1363 261 601

103 333 242 388 τρέων
279 332 359 376 εἰσὶ
398 332 442 375 οἱ
479 330 829 388 προφητεύοντες
857 333 939 374 τοῦ
970 332 1097 386 ἱροῦ,
1125 329 1422 387 πρόμαντις5ο

46 521 173 565 teratur,
203 514 534 568 quemadmodum
566 515 607 556 οἱ
626 519 704 555 τῶν

45 570 280 624 Ἀμμωνίων
291 576 495 623 προφῆται
509 573 610 623 apud
623 575 704 609 Lu-

45 631 138 667 cian.
161 631 273 667 Dian.
294 632 423 667 Mortt.
444 632 547 676 XIII,
573 634 591 670 1
617 631 703 667 coll.

42 684 222 738 Aeschyl.
241 686 448 725 Eumenid.
474 689 523 726 19
555 694 592 723 et
620 689 705 723 Eu-

42 742 154 793 ripid.
184 745 267 781 Ion.
299 743 394 785 413.
453 745 579 794 Atque
614 745 704 780 Del-

43 798 128 851 phis
148 796 359 852 προφήτης
391 800 498 848 (vid.
521 800 704 839 Ilerodot.

42 857 142 904 VIII,
165 859 230 897 36.
254 860 306 898 37
329 858 415 896 coll.
437 857 528 897 135.
544 859 612 905 IX,
632 857 702 907 34)

43 914 250 950 vocabatur
270 915 390 964 templi
402 916 560 963 antistes,
590 922 634 951 ut
653 916 705 952 ait

42 971 172 1007 Livius
193 972 337 1018 XXIII,
354 974 418 1018 11,
450 972 555 1016 Quae
569 985 705 1008 emen-

44 1026 146 1064 datio
176 1029 206 1064 si
235 1029 325 1065 viris
354 1026 473 1065 doctis
495 1027 702 1079 displiceat,

42 1083 147 1121 idem
167 1085 200 1122 V
202 1083 462 1123 alclxenaeuus
477 1086 587 1122 scribi
609 1099 704 1137 quo-

45 1154 120 1193 que
141 1154 250 1192 posse
271 1149 399 1179 censet
420 1142 461 1181 οἱ
487 1157 548 1194 πρ
562 1153 698 1181 οστα-

40 1212 280 1245 τένοντες
307 1200 379 1238 τοῦ
410 1198 522 1249 ἱροῦ,
555 1205 598 1235 ut
627 1199 704 1236 Sa-

41 1261 122 1292 trae
151 1254 309 1307 quidem
346 1256 544 1292 oraculum
571 1262 702 1292 tenere

42 1312 104 1349 vel
130 1311 334 1362 possidere,
366 1314 472 1349 Bessi
494 1325 585 1352 vero
617 1317 703 1350 tem-

36 1368 135 1419 plum
166 1371 260 1405 tueri
285 1369 469 1417 dicantur,
506 1371 617 1407 rebus
640 1383 703 1407 sa-

47 1426 118 1462 cris
164 1425 469 1464 administrandis
511 1427 704 1477 praefecti,

46 1489 88 1519 ut
98 1481 201 1532 apud
217 1482 466 1534 Xenophont.
478 1485 628 1521 Hellen.
638 1485 705 1531 ΙΙΙ,

45 1542 72 1579 2
104 1540 138 1584 §-
162 1542 216 1580 22
246 1541 332 1577 coll.
363 1539 545 1593 Thucyd.
576 1542 623 1590 II,
649 1543 703 1582 80

43 1596 128 1632 Elei
155 1595 335 1633 dicuntur
362 1610 603 1648 προεσταναι
632 1600 704 1636 τοῦ

43 1649 142 1699 Διός
181 1656 253 1692 τοῦ
282 1649 522 1705 Ὀλυμπίου.
580 1655 703 1706 Equi-

43 1708 162 1745 dem
153 1723 193 1746 m
201 1711 355 1761 vulgata
365 1712 605 1763 acquiescere
616 1725 703 1748 ma-

41 1766 131 1815 lim,
189 1780 306 1833 quam
344 1769 397 1805 ita
434 1770 704 1819 interpretatur

40 1824 193 1873 Lange:
225 1838 274 1861 sze
293 1825 372 1862 sind
391 1825 446 1862 die
468 1824 624 1863 Priester
643 1826 702 1862 des

42 1879 310 1928 Ηειίἱςΐήωηε,
337 1882 389 1919 ita
411 1889 451 1918 ut
473 1882 514 1921 οἵ
540 1897 702 1932 προφη-

41 1930 223 1983 τεύοντες
250 1950 280 1973 s.
304 1937 345 1976 οἱ
362 1940 567 1988 προφῆται
586 1940 702 1976 intel-

41 1993 208 2042 ligantur
235 1995 341 2030 Bessi
369 1996 565 2032 sacerdotes
584 1996 703 2045 templi

40 2049 216 2100 zidemque
246 2051 464 2089 oraculorum
486 2054 701 2102 interpretes,

41 2107 108 2158 qui
137 2108 289 2144 oracula
319 2109 412 2145 vatis
440 2109 608 2146 mulieris
636 2122 701 2145 ore

42 2162 142 2200 edita
156 2165 372 2215 concipIant
383 2178 504 2217 eaque
512 2167 702 2216 interpre-

40 2227 169 2257 tentur
188 2222 476 2261 sciscitantibus.
508 2223 607 2259 Hinc
622 2235 703 2259 non

42 2277 142 2313 male
152 2277 387 2316 Larcherus:
418 2279 491 2316 Les
509 2279 634 2317 Besses
645 2281 702 2317 in-

44 2335 229 2382 terpr-&tent
248 2338 371 2385 parmi
405 2349 459 2373 ces
494 2337 635 2387 peuples
655 2337 703 2373 les

44 2389 174 2426 eracles
205 2390 252 2427 du
298 2391 392 2430 dieu.
449 2393 630 2430 Eundem
664 2394 704 2429 in

43 2444 205 2482 modum
226 2447 388 2486 reddidit
406 2451 514 2487 Miot.
571 2452 704 2502 Itaque

43 2503 110 2539 vix
129 2515 223 2554 opus
241 2517 330 2541 cum
341 2504 705 2557 Schweighaeusero

44 2559 159 2596 verba
169 2574 252 2598 των
263 2561 448 2613 Σατρέων
461 2562 535 2602 εἰσὶ
550 2563 591 2603 οἷ
603 2579 706 2613 προ-

45 2611 288 2666 φητεύοντες
325 2621 398 2656 τοῦ
432 2619 524 2687 ἱροῦ
559 2621 705 2657 intelli-

44 2684 134 2722 gere
162 2672 204 2712 οἱ
234 2676 441 2725 προφῆται
465 2672 576 2722 ὄντες
605 2675 704 2725 (scil.

45 2730 117 2768 τοῦ
148 2731 254 2769 θεοῦ
282 2731 345 2768 vel
374 2732 454 2769 τῶν
489 2735 706 2782 χρησμῶν)

48 2783 90 2824 ἐν
110 2787 166 2839 τῷ
191 2787 273 2825 τῶν
306 2785 493 2839 Σατρέων
521 2788 615 2839 ἱερῷ
641 2796 707 2827 aut

0 2881 1 2897 χ
49 2841 90 2880 οἷ
120 2844 198 2882 τῶν
224 2841 411 2895 Σατρέων
437 2847 645 2896 προφῆται
663 2845 706 2886 ἐν

0 2901 2 2931 V

760 511 888 567 τούτῳ
917 517 973 569 τῷ
1008 514 1115 566 ἱερῷ.
1174 516 1261 567 Ipsa
1280 515 1421 552 mulier

759 572 914 610 fatidica
934 585 1028 609 mox
1057 579 1215 609 vocatur
1242 569 1421 624 πρόμαν-

759 644 818 676 τις
839 629 906 677 (de
926 642 1002 680 qua
1022 642 1116 666 voce
1137 629 1237 666 conf.
1259 636 1353 666 nott.
1374 628 1422 666 ad

761 688 824 733 Vl,
855 687 928 731 66)
959 684 987 735 ἦ
1016 685 1184 735 χρέουσα
1213 687 1255 736 (ἰ,
1278 700 1311 727 e.
1335 699 1423 736 quae

759 746 839 794 ipsa
880 743 952 779 edit
991 743 1164 792 oracula)
1178 772 1188 790 ,
1219 744 1284 779 ubi
1318 741 1423 794 quod

760 802 884 852 plures
918 799 1031 836 codd.
1061 799 1225 836 afferunt
1255 798 1284 850 ἡ
1313 798 1422 850 χρέ-

761 873 791 896 ω
805 870 826 896 σ
839 873 862 894 α
885 855 1066 908 quodque
1086 856 1241 906 vulgat&
1259 857 1422 893 lectione

758 913 855 951 nihil
876 912 1038 950 deterius
1058 913 1201 950 iudicat
1221 912 1424 963 Schweig-

761 970 986 1018 haeuserus,
1036 968 1230 1007 deducens
1266 969 1360 1007 illud
1401 982 1423 1006 a

759 1029 876 1066 verbo
897 1022 1019 1080 χράω,
1049 1022 1247 1079 χραουσα,
1277 1029 1423 1078 χρῶσα,

759 1084 910 1137 χρέωσα
940 1083 1000 1135 (ut
1025 1082 1238 1136 όρέωντες,
1262 1082 1421 1135 ὁρέωσι)

758 1140 936 1178 nondum
955 1141 1019 1177 ille
1039 1139 1134 1177 mihi
1149 1141 1346 1192 persuasit.
1365 1141 1423 1177 Ac

758 1205 861 1236 recte
910 1199 1135 1234 Buttmann.
1173 1198 1213 1234 in
1248 1199 1424 1236 Gramm.

758 1256 850 1292 mai.
880 1255 917 1291 Π
946 1267 1035 1305 pag.
1055 1255 1138 1295 256
1161 1267 1210 1290 ex
1228 1252 1270 1295 h.
1289 1255 1313 1292 l.
1335 1255 1425 1291 citat

759 1310 942 1364 χρέουσα.
962 1314 1046 1348 Hoc
1067 1323 1157 1349 vero
1178 1310 1318 1348 Baccha·
1336 1324 1424 1348 ora-

759 1370 892 1407 culum
911 1369 950 1404 in
972 1367 1140 1406 Thracia
1158 1369 1324 1419 respexit
1344 1369 1426 1404 Eu-

761 1425 977 1477 ripid.Hec‚
995 1427 1115 1474 1267,
1135 1432 1178 1462 ut
1188 1432 1295 1462 notat
1305 1426 1426 1463 Wes-

760 1485 895 1534 seling.
955 1484 1013 1520 Ao
1052 1480 1198 1519 Bacchi
1224 1495 1329 1519 sacra
1358 1495 1427 1533 per

762 1539 973 1578 Thraciam
993 1540 1255 1591 antiquissima
1276 1552 1325 1575 ex
1333 1539 1423 1576 Asia

759 1598 838 1634 sive
859 1596 1013 1633 aliunde
1034 1594 1110 1633 huc
1135 1595 1292 1633 advecta
1311 1597 1426 1632 novi-

759 1667 866 1702 mus3
898 1653 1003 1691 unde
1022 1654 1084 1690 vel
1102 1654 1272 1705 ipsarum
1292 1652 1425 1689 Thra-

760 1713 842 1748 ciae
909 1711 1085 1762 gentium
1152 1711 1425 1760 cognationem

760 1767 958 1820 quandam
980 1767 1227 1804 cumAsianis
1247 1766 1424 1817 gentibus

759 1831 899 1862 statuas
943 1825 1045 1861 licet.
1109 1822 1296 1861 Bessorum
1333 1835 1424 1860 vero

757 1895 901 1918 nomen
922 1880 1026 1918 haud
1045 1881 1123 1917 scio
1154 1894 1203 1917 an
1224 1881 1427 1917 conveniat

759 1952 850 1975 cuni
884 1951 929 1974 eo
959 1935 1103 1974 Bacchi
1131 1937 1313 1984 nomine,
1347 1949 1424 1987 quo

760 1993 862 2045 apud
883 1993 1053 2031 Thraces
1082 2006 1125 2029 ac
1152 1992 1325 2045 Phryges
1353 2006 1425 2030 vo-

760 2052 917 2088 cabatur
937 2047 1167 2099 Βασσαρεῦς
1198 2058 1312 2102 atque
1333 2063 1423 2087 cum

758 2121 853 2146 voce
891 2106 1115 2159 Βασσαρὶς,
1172 2121 1269 2159 quae
1299 2114 1335 2144 et
1365 2106 1425 2144 dei

758 2166 874 2216 ipsius
901 2172 938 2202 et
966 2163 1171 2202 sacerdotis
1208 2165 1423 2202 solemnem

758 2221 902 2259 indicat
920 2229 1079 2259 vestem.
1136 2220 1224 2258 Vid.
1244 2222 1422 2258 Creuzer.

761 2279 937 2331 Symbol.
961 2280 1016 2315 III
1042 2292 1081 2330 p.
1102 2277 1197 2326 352,
1228 2280 1293 2331 qni
1318 2277 1424 2315 idem

763 2338 878 2373 etiam
904 2336 1068 2373 conferri
1087 2335 1169 2372 vult
1189 2336 1232 2373 C.
1255 2337 1299 2375 O.
1321 2336 1425 2372 Mni-

762 2395 830 2431 ler.
854 2392 1085 2432 Orchomen.
1107 2405 1195 2443 pag.
1217 2394 1311 2433 382.
1351 2393 1424 2429 At-

763 2464 837 2503 que
858 2449 965 2487 Rode
986 2448 1130 2500 (Orph.
1151 2463 1189 2499 p.
1216 2450 1314 2497 182)
1335 2447 1424 2485 hinc

764 2520 787 2544 a
808 2506 1024 2544 Thracibus
1056 2505 1255 2543 Bacchum
1282 2513 1423 2551 vatem,

763 2566 879 2601 etiam
898 2563 1309 2615 Delphicum‚omnino
1322 2562 1425 2598 deri-

761 2620 934 2658 vandum
973 2634 1052 2658 esse
1081 2621 1247 2656 coniicit.
1321 2616 1425 2654 Add.

759 2676 932 2718 Lobeck.
953 2677 995 2714 in
1013 2674 1204 2727 Aglaoph.
1234 2687 1322 2726 pag.
1343 2676 1425 2715 289

762 2733 810 2771 de
829 2732 974 2771 Bacchi
993 2734 1099 2770 cultu
1128 2730 1231 2782 apud
1251 2732 1424 2768 Thraces

762 2790 1032 2842 disputantem,
1052 2789 1118 2825 ubi
1141 2795 1178 2825 et
1197 2786 1271 2825 hoc
1293 2789 1423 2825 obser—

764 2854 840 2896 vat,
860 2859 930 2898 pro
960 2845 1081 2884 Bessis
1107 2851 1144 2883 et
1166 2844 1320 2896 Odrysis
1340 2846 1424 2882 Ho-
