1834 3258
433 261 912 302 POLYMNIA.
971 266 1071 304 V11.

1300 270 1382 310 481

118 384 211 419 τας,
250 367 328 411 τὸν
367 369 531 426 ἰσθμὸν
559 371 637 422 τοὶς
665 371 768 423 νέας
796 373 1026 428 διειρύσαι,
1058 374 1263 432 ὀρύσσειν
1293 378 1384 423 ἐκέ-
1395 388 1441 422 70

113 441 208 479 λευε
238 434 434 493 διώρυχα
472 441 525 494 τῇ
553 437 778 496 θαλάσσῃ,
824 436 953 497 εὖρος
982 443 1042 495 ὥς
1068 445 1152 489 δύο
1180 447 1384 504 τριήρεας

83 504 258 547 ὃπλέειν
289 502 404 561 ὁμοῦ
433 505 788 563 ἐλαστρευμένας.
849 513 974 554 Τοῖσι
1003 512 1049 556 δὲ
1080 512 1253 559 αὐτοῖσι
1282 515 1382 560 τού·

112 583 250 625 τοισι,
288 574 402 616 τοῖσί
438 589 519 629 περ
550 574 625 617 καὶ
663 574 712 618 τὸ
744 573 938 634 ὄρυγμα,
966 581 1280 640 προσετέτακτο
1309 585 1386 628 καὶ

0 631 45 679 35
109 638 188 681 τὸν
216 639 456 696 Στρυμόνα
483 642 682 698 ποταμὸν
702 643 931 697 ζεύξαντας
948 652 1383 714 yemvoffioonssTafi-

1441 647 1532 674 Arma
1548 649 1687 683 pontibus

1437 681 1600 710 faciundis.
1627 684 1714 723 Coin-

105 722 159 749 τα
197 705 277 763 μέν
305 724 390 752 νυν
429 708 545 753 οὕτω
584 710 748 754 ἐποίεε·
777 713 1128 770 παρασκευάζετο
1149 719 1197 762 δὲ
1226 720 1300 763 ’καὶ
1332 720 1378 764 ὅ-
1393 720 1698 779 75Εξῖξξῗοξξᾚὲζ

95 778 194 825 ,πλα
215 775 258 827 ἐς
286 775 362 828 τὰς
389 775 587 833 γεφύρας
616 779 804 836 βύβλινά
825 797 868 825 τε
898 784 971 826 καὶ
994 787 1265 840 λευκολίνου,
1297 789 1382 834 ἐπι-
1440 783 1714 846 ἷίἷξξξξῗξέξξοψ

76 841 238 895 Ξτάξας
269 845 437 897 Φοίνιξί
465 862 510 889 τε
539 846 614 889 καὶ
629 849 908 904 Αἰγυπτίοισι
937 852 1012 895 καὶ
1032 855 1145 898 σιτία
1165 859 1219 913 τῇ
1249 868 1379 913 στρα-
1437 849 1653 920 fflssss‘ssssfiam

105 914 178 967 τιῇ
206 912 522 968 καταβάλλειν,
563 915 637 957 ἴνα
664 915 724 972 μή
758 916 950 975 λιμῄνειε
987 917 1015 977 ἦ
1047 923 1240 981 στρατιὴ,
1270 928 1380 983 μηδὲ

107 978 162 1022 τὰ
201 977 414 1036 ὑποζύγια
453 979 725 1038 ἐλαυνόμενα
765 986 834 1029 ἐπὶ
862 986 942 1043 τήν
965 986 1174 1036 Ἑλλάδα·
1207 992 1381 1039 ἀναπυ-

102 1043 296 1103 θόμενος
340 1049 386 1093 δὲ
423 1050 528 1102 τούς
558 1050 754 1108 χώρους,
783 1054 1077 1112 καταβάλλειν
1105 1058 1273 1106 ἐκέλευε
1305 1063 1378 1107 ἴνα

41 1255 171 1307 lyaeni
200 1256 331 1294 locum
355 1259 402 1308 V,
436 1263 476 1309 2,
501 1264 540 1310 6,
571 1262 637 1299 ubi
656 1263 709 1300 si-

42 1313 133 1349 mile
154 1313 246 1366 quid
267 1323 474 1355 enarratur.

96 1389 169 1432 τόν
200 1391 353 1445 ἰσθμόν
385 1392 455 1442 τοὶς
482 1394 575 1444 νέας
608 1397 708 1437 διει-

42 1442 189 1499 ρύσαι]
221 1451 358 1501 Attigit
389 1451 525 1490 matth.
547 1455 614 1491 Gr.
638 1456 706 1493 Gr.

42 1505 79 1550 §.
95 1503 188 1547 425.
211 1507 422 1559 Hesychius
442 1511 460 1545 I
480 1524 520 1560 p.
541 1512 619 1551 981
644 1511 706 1550 δι-

43 1558 201 1613 ειρύσαι
231 1561 323 1603 h.1.
355 1568 513 1618 exponit
543 1568 705 1619 διαστῆ-

40 1630 130 1666 σαι,
169 1616 372 1661 διελκύσαι
387 1651 397 1671 ,
440 1622 545 1674 quod
577 1625 705 1675 ipsum

38 1674 143 1725 apud
170 1676 386 1715 Diodorum
414 1681 477 1728 IV,
509 1680 578 1721 56.
618 1683 703 1730 XV,

37 1731 92 1772 50
131 1739 266 1771 exstat.
340 1735 458 1787 Apud
496 1738 705 1788 Polybium

35 1786 99 1836 IV,
124 1791 176 1829 19
194 1790 388 1829 invenitur
408 1793 650 1845 διϊσθμίζειν
666 1803 704 1834 et

31 1841 348 1898 ύπερισθμίζειν,
380 1851 467 1887 coll.
489 1850 598 1888 Suid.
622 1865 701 1890 ss.

30 1894 202 1952 Ἰσθμός
228 1905 264 1939 Π
282 1905 428 1955 p.]51.
460 1907 543 1952 Qua
564 1907 701 1946 eadem

31 1956 73 1993 in
92 1970 134 1993 re
154 1957 404 2011 Thucydides
423 1963 523 2011 VIII,
546 1967 570 2005 8
603 1963 699 2003 dixit

37 2012 246 2067 διαφέρειν
267 2014 333 2056 τὸν
369 2017 522 2070 ἰσθμὸν
549 2017 619 2067 τοῖς
651 2020 697 2072 ἦ-

32 2070 169 2120 μίσεας
202 2074 283 2112 ταῖν
309 2076 441 2124 νεῶν,
471 2077 537 2113 ubi
567 2081 694 2128 cap.7

29 2126 169 2176 legitur
225 2127 564 2183 ύπερενεγκόντας
627 2131 698 2182 τοὶς

29 2186 132 2230 ναῦς
149 2180 220 2224 τόν
241 2185 416 2237 ἰσθμόν,
459 2188 506 2226 de
536 2191 696 2229 navibus

26 2239 170 2278 itineris
185 2243 387 2281 minuendi
407 2259 520 2283 causa
548 2249 696 2284 remul-

29 2309 74 2334 co
105 2311 175 2349 per
193 2298 427 2338 Isthmorum
448 2304 538 2354 iuga
558 2304 694 2341 tradu-

26 2354 95 2390 ctis
126 2356 212 2392 coll.
240 2356 387 2399 Duker.
421 2358 469 2396 ad
507 2359 691 2414 Thucyd.

25 2410 90 2457 IV,
112 2413 153 2452 8.
186 2413 352 2452 Wessel.
375 2415 482 2454 obss.
511 2419 541 2465 Ι,
572 2420 625 2459 28
654 2426 692 2457 et

24 2467 109 2503 Liv.
120 2468 245 2517 XXV,
261 2472 325 2511 11.
354 2472 575 2512 Attulerunt
594 2472 689 2514 haec

25 2523 258 2575 Wesseling.
280 2533 317 2563 et
336 2528 587 2570 Valckenaer.
609 2534 690 2569 Ne-

27 2592 102 2632 que
142 2583 299 2619 omniuo
339 2584 489 2623 videtur
520 2589 687 2627 insolens

25 2635 138 2675 fuisse
158 2637 260 2689 apud
279 2646 436 2689 veteres,
455 2656 582 2693 naves,
595 2647 688 2697 quin

25 2704 181 2731 omnem
202 2696 371 2745 classem,
392 2712 460 2749 per
479 2707 618 2737 terram
640 2715 690 2740 ex

25 2761 102 2787 uno
121 2764 226 2788 mare
246 2751 294 2789 ad
314 2754 474 2792 alterum
494 2763 690 2809 transpor-

25 2810 128 2845 tare:
168 2807 216 2845 de
242 2822 319 2861 quo
339 2811 437 2848 bene
456 2826 580 2864 nuper
599 2827 688 2852 mo-

25 2864 108 2901 nuit
127 2864 171 2902 C.
190 2867 233 2905 F.
255 2867 339 2903 Keil
360 2867 687 2922 (Apologet.Ver-

82 2921 305 2964 Hznono’r.
325 2925 393 2964 111.

350 3014 357 3034 1

765 1261 884 1300 suche
905 1265 999 1302 iiber
1019 1266 1057 1305 d.
1075 1267 1229 1307 Biicher
1249 1270 1287 1309 d.
1309 1271 1434 1311 Chro-

765 1321 840 1357 nic.
869 1322 1040 1361 Berolin.
1076 1327 1204 1376 1833)
1239 1342 1328 1379 pag.
1350 1333 1432 1372 302

764 1377 951 1416 Herodoti
969 1381 1033 1417 ille
1049 1382 1207 1433 quidem
1227 1385 1325 1422 bene
1344 1400 1431 1423 me—

763 1446 862 1476 mor.
883 1456 940 1463 —
967 1437 1031 1475 Ad
1061 1452 1198 1478 vocem
1227 1441 1432 1495 ἐλαστρευ-

763 1488 884 1540 μένας
906 1495 1009 1532 conf.
1034 1496 1211 1539 Eustath.
1232 1498 1280 1536 ad
1311 1501 1356 1537 ΙΙ.
1389 1514 1429 1551 p.

765 1549 888 1594 1161,
919 1552 974 1591 27
995 1565 1026 1588 s.
1058 1555 1189 1603 1219,
1215 1554 1270 1596 24
1291 1563 1329 1594 et
1347 1559 1430 1594 He-

760 1602 885 1643 rodot.
906 1607 954 1655 H,
979 1607 1073 1650 158.

974 1697 1068 1749 Cap.
1089 1701 1215 1739 XXV.

819 1774 1161 1827 παρασκευάζει-ο]
1192 1781 1218 1817 i.
1232 1794 1266 1818 e.
1289 1779 1313 1821 ὅ
1324 1780 1425 1835 Ξέρ-

761 1830 843 1881 ξης,
874 1833 927 1869 ita
946 1841 989 1871 ut
1008 1831 1056 1873 τοὶ
1077 1831 1179 1875 ὅπλα
1199 1839 1246 1874 sit
1266 1850 1426 1876 accusa—

756 1887 854 1924 tivus
902 1890 1052 1928 obiecti.
1124 1892 1212 1930 Vid.
1251 1893 1426 1933 Thomas

754 1943 859 1994 Mag.
879 1958 967 1996 pag.
991 1949 1086 1989 652.
1134 1948 1235 1987 Sunt
1254 1964 1346 1989 vero
1373 1948 1424 1991 τοὶ

754 1995 858 2038 ὅπλα
878 2009 921 2039 ut
939 2004 1008 2051 IX,
1034 2004 1127 2045 115.
1152 2007 1245 2046 121.
1261 2008 1425 2046 rudentes

756 2069 787 2092 s.
808 2053 856 2094 va*
875 2056 973 2098 κατὰ
999 2057 1074 2110 τήν
1098 2063 1203 2101 ναῦν
1223 2065 1378 2115 σχοίνια
1399 2079 1422 2102 e

756 2112 871 2164 byblo
883 2128 913 2156 s.
929 2129 1075 2168 papyro
1088 2119 1250 2157 confecti
1268 2120 1329 2170 (ut
1337 2123 1421 2171 VII,

755 2170 848 2219 36);
881 2171 928 2208 de
950 2174 1027 2225 qua
1046 2176 1178 2226 planta
1197 2179 1301 2216 conf.
1320 2186 1419 2218 nott.

752 2224 802 2263 ad
820 2229 868 2276 H,
892 2230 957 2269 92.
979 2233 1047 2272 96.

806 2305 875 2345 καὶ
899 2309 1003 2348 σιτία
1029 2311 1082 2365 τῇ
1110 2313 1274 2368 στρατιῇ
1295 2328 1418 2355 κατα-

747 2359 938 2414 βάλλειν]
979 2367 1059 2403 scil.
1087 2365 1302 2420 ἔπιτάξας;
1336 2374 1416 2410 ius-

745 2420 793 2456 sit
815 2420 1007 2459 frumenta
1038 2422 1257 2476 (adportari
1280 2429 1415 2481 atque)

747 2475 908 2527 deponi,
938 2493 988 2516 ne
1007 2481 1110 2517 fame
1129 2483 1317 2521 laboraret
1348 2499 1414 2522 ex-

747 2534 884 2572 ercitus
914 2549 993 2574 una
1024 2551 1115 2574 cum
1152 2540 1333 2578 iumentis
1371 2542 1413 2579 in

746 2589 947 2628 Graeciam
968 2592 1164 2635 ducendis.
1184 2618 1241 2624 —
1268 2596 1332 2634 Ad
1350 2599 1412 2637 λι-

745 2643 883 2700 μήνειε
894 2650 994 2687 conf.
1016 2652 1078 2697 VI,
1093 2654 1160 2693 28.
1172 2673 1228 2681 —
1247 2654 1291 2689 In
1303 2667 1412 2706 seqq.

744 2703 793 2740 ad
809 2701 929 2745 ἄλλον
943 2703 1040 2758 ἄλλη
1051 2703 1282 2760 ἀγινέοντας
1290 2711 1411 2747 Wes-

743 2761 878 2813 seling.
900 2770 938 2800 et
956 2748 1168 2801 Laio-herus
1195 2766 1407 2803 subintelli-

742 2824 840 2866 gunt
880 2822 991 2860 σῖτον
1035 2816 1316 2872 ἀληλεσμένον,
1364 2829 1407 2861 ut

741 2873 822 2923 Vll,
842 2876 912 2916 23.
