1806 3181
391 124 474 162 668

803 120 1254 157 HERODOTI

390 233 478 274 τῶν
499 227 813 282 Σπαρτιητέων
846 228 927 284 τήν
955 229 1215 284 πλεονεξίην,
1247 227 1333 271 ἀλλ’
1351 228 1524 272 ἑλέσθαι
1544 231 1648 283 μᾶλ-

390 302 471 342 λον
498 295 585 340 ὑπὸ
615 299 704 338 τῶν
731 294 971 352 βαρβάρων
1000 295 1221 351 ἄρχεσθαι,
1250 297 1277 352 ἦ
1305 314 1345 338 τι
1364 295 1534 346 ὑπεῖξαι
1561 299 1648 338 Λα·

391 365 710 421 κεδαιμονίοισι
720 377 728 387 ·

340 584 479 623 addicti
500 584 733 637 quieverint,
763 583 854 634 quin
874 584 997 620 Persis

337 643 461 694 potius
473 642 634 679 faverint
645 652 759 691 quam
772 641 935 687 Graecis,
959 647 996 677 et

337 699 386 736 de
406 698 553 736 duobus
573 698 682 734 malis
702 703 743 733 ut
759 698 876 733 levius
886 710 995 747 prae-

337 757 552 806 optaverint
571 751 651 793 v‘wb
671 755 751 791 τῶν
777 749 994 805 βαρβάρων

338 810 532 864 ἄρχεσθαι
551 807 579 863 ἢ
603 809 762 857 ’ὑπεῖξαι
788 810 993 849 Λακεδαι-

338 870 528 919 μονίοισι.
586 869 653 903 His
683 867 771 918 quia
797 867 997 918 Mycenaei

335 927 517 963 miserant
559 924 758 961 auxiliares
806 924 997 974 octoginta

336 981 386 1019 ad
406 981 687 1033 Thermopylas
709 993 798 1017 cum
824 979 997 1017 Leonida

337 1040 587 1091 profecturos,
610 1038 743 1088 Argivi
758 1034 829 1083 τοὶς
847 1032 998 1087 Μυκή-

339 1112 412 1143 νας
433 1095 709 1143 κατέσκαψαν,
747 1092 904 1131 Diodor.
926 1095 995 1142 XI,

340 1153 408 1194 65.
428 1155 590 1189 Pausan.
611 1153 658 1199 II,
683 1154 732 1191 16
751 1151 787 1196 ξ.
812 1149 850 1189 4.
892 1149 996 1187 Ode-

278 1230 281 1237 κ
339 1216 444 1257 rant,
478 1223 550 1246 nec
578 1208 787 1244 immeritos
811 1207 995 1257 profecto,

340 1267 520 1317 superbos
557 1266 701 1302 vicinos
733 1263 998 1300 Lacedaemo—

339 1324 411 1360 niis
439 1323 593 1373 Argivi,
625 1335 646 1357 a
675 1321 811 1373 quibus
848 1334 999 1371 semper

338 1381 488 1427 vexati,
527 1386 564 1416 et
593 1391 717 1428 nuper
736 1376 838 1414 ‘adeo
858 1390 999 1428 magna

338 1438 490 1473 fuerant
538 1434 665 1472 affecti
707 1433 837 1482 clade,
881 1435 1000 1485 impia

340 1494 556 1530 Cleomenis
567 1490 700 1528 fraude
710 1490 870 1542 decepti.
885 1493 998 1538 Hinc,

340 1551 488 1601 opinor,
508 1549 749 1585 infraNoster
768 1561 800 1586 c.
825 1546 905 1588 152
926 1542 999 1587 οὔκ

336 1603 572 1658 Ἀργείοισι,
603 1606 678 1652 ait,
717 1604 895 1654 αἴσχιστα
929 1618 1001 1642 πε-

340 1664 529 1714 ποίηταιε
560 1669 596 1698 et
616 1662 754 1698 frustra
773 1659 999 1697 Plutarchus

343 1733 524 1757 excusare
552 1719 685 1756 nititur
714 1718 876 1768 Argivos
913 1724 1003 1754 tan-

346 1790 463 1829 quam
505 1771 579 1816 οὐκ
605 1772 898 1825 ἀπειπαμένους
920 1777 1003 1821 τοῖς

329 1830 506 1884 “Enna
532 1831 606 1883 τήν
638 1831 864 1882 συμμαχίαν
894 1832 945 1868 Τ.
966 1832 1002 1867 Π

344 1905 383 1942 p.
397 1893 478 1932 863
489 1891 535 1928 Β.
565 1890 622 1927 Ob
633 1888 736 1926 idem
755 1887 850 1925 illud
870 1887 1004 1925 odimn

345 1948 609 1985 abstinuerunt
636 1953 766 1997 postea
794 1946 894 1982 bello
925 1947 1003 1981 Pe-

342 2005 610 2055 loponnesiaco
623 2016 633 2040 :
655 2016 732 2056 quo
741 2001 1003 2039 Lacedaemo-

343 2061 499 2098 niorum
541 2062 633 2098 socii
679 2061 833 2097 suerunt
870 2072 1004 2096 omnes

343 2118 626 2168 Peloponnesii,
657 2123 752 2154 teste
773 2114 1004 2168 Thucydide

345 2175 394 2222 Π,
407 2176 454 2214 9:
477 2170 582 2224 πλὴν
602 2169 787 2224 Ἀργείων
798 2172 863 2211 καὶ
874 2168 1003 2221 Ἀχαι-

347 2232 428 2270 ὤντ
459 2231 557 2267 solos
577 2230 738 2278 Argivos
760 2230 1002 2279 excipitDio-

347 2286 431 2326 dor.
451 2288 538 2334 XII,
556 2285 624 2326 42.
646 2284 724 2322 Sed
744 2283 889 2321 Achaei
902 2285 1002 2321 bello

349 2356 503 2395 quoque
514 2343 665 2380 Persico
673 2342 905 2392 Argivorum
916 2354 1003 2378 sen-

346 2402 506 2439 tentiam
529 2399 646 2437 secuti
664 2398 841 2436 videntur
859 2399 1003 2434 Pausa-

347 2459 434 2494 niae
463 2458 543 2504 Vll,
577 2459 602 2497 6
632 2457 669 2501 ξ.
701 2458 748 2503 3,
777 2461 819 2492 ut
834 2454 1002 2505 suspica-

346 2515 476 2562 batur,
526 2513 615 2566 quia
659 2511 1003 2563 Λακεδαιμονίους

349 2573 517 2623 Δωριεῖς
563 2564 761 2619 ἀπηξίουν
795 2568 932 2618 σφίσιν
953 2565 1003 2617 ’ἦ-

346 2631 520 2679 γεῖσθαι.
602 2626 844 2671 Quiescentes
903 2624 1001 2661 bello

347 2683 672 2735 Peloponnesiaco
721 2682 854 2734 Argivi
916 2682 1003 2718 lon-

352 2753 423 2791 gae
462 2740 563 2792 pacis
592 2740 759 2790 primum
786 2736 1001 2786 commoda,

788 367 1012 418 προειπεῖν
1063 378 1107 409 τε
1134 368 1248 407 τοῖσι
1285 362 1523 420 ἀγγέλοισι,
1561 363 1648 416 πρὸ

1052 589 1182 633 postea
1201 589 1452 633 perceperunt
1463 583 1577 619 etiam
1586 583 1685 619 mala
1697 595 1708 628 ς

1053 640 1186 690 opibus
1208 641 1310 675 enim
1326 639 1431 676 ditati
1450 641 1489 675 in
1510 651 1577 675 sua
1597 652 1708 689 saepe

1051 697 1195 733 viscera
1214 697 1439 743 saevierunt,
1460 696 1646 732 intestinis
1665 708 1709 731 a—

1050 754 1158 803 gitati
1195 752 1461 789 seditionibus:
1519 751 1567 789 de
1607 753 1709 802 pacis

1051 809 1261 846 commodis
1282 808 1359 846 vid.
1373 807 1554 860 Thucyd.
1574 810 1620 856 ΙΙ,
1641 811 1709 850 28.

1054 865 1211 903 Diodor.
1233 867 1318 913 XII,
1333 866 1408 912 753
1431 865 1478 901 de
1490 867 1709 902 incommo-

1055 922 1111 960 dis
1127 923 1286 959 Casaub.
1314 923 1354 958 in
1382 923 1478 959 Aen.
1507 923 1707 960 Poliorcet.

1055 993 1115 1030 cp.
1135 982 1192 1016 XI
1212 986 1248 1016 et
1266 980 1498 1029 Wesseling.
1528 977 1577 1015 ad
1595 976 1709 1015 Diod.

1053 1038 1140 1084 XII,
1162 1037 1256 1078 58.“
1295 1035 1509 1072 Valcken.
1542 1036 1599 1072 Ac
1619 1047 1708 1072 sane

1052 1095 1083 1130 si
1117 1094 1280 1143 cogites,
1314 1094 1477 1143 Argivos
1497 1093 1709 1128 maximam

1053 1149 1202 1187 cladem
1222 1163 1242 1185 a
1263 1149 1457 1200 Spartanis
1478 1148 1574 1185 duce
1595 1149 1709 1184 Cleo-

1052 1220 1167 1243 mene
1188 1219 1314 1257 passos
1336 1219 1436 1242 anno
1459 1204 1540 1246 514
1564 1219 1600 1241 a.
1622 1203 1710 1244 Chr.

1053 1277 1093 1300 n.
1115 1260 1274 1314 (Herod.
1296 1262 1360 1310 VI,
1381 1264 1432 1302 76
1449 1265 1560 1313 seq.),
1581 1260 1628 1298 ad
1648 1262 1710 1297 in-

1053 1320 1312 1357 ternecionem
1324 1317 1604 1370 propemodum
1616 1318 1710 1355 fuis-

1054 1390 1094 1413 se
1128 1375 1312 1424 redactos,
1332 1375 1436 1412 haud
1455 1376 1619 1423 mirum,
1648 1387 1711 1412 eos

1054 1447 1105 1470 ne
1124 1447 1228 1470 nunc
1249 1432 1404 1485 quidem
1423 1433 1449 1469 i.
1471 1446 1503 1469 e.
1523 1445 1622 1469 anno
1631 1430 1712 1472 480

1057 1503 1090 1527 a.
1109 1489 1244 1528 Chnn.
1256 1488 1389 1527 foedus
1409 1490 1505 1526 inire
1521 1500 1712 1540 opemque

1055 1548 1153 1583 ferre
1175 1548 1337 1583 voluisse
1356 1547 1582 1593 Laconibus,
1617 1557 1712 1597 quos

1056 1605 1144 1654 ipsis
1176 1604 1453 1640 inimicissimos
1488 1609 1602 1653 atque
1648 1602 1712 1637 in-

1052 1660 1270 1697 festissimos
1302 1673 1380 1696 esse
1411 1660 1558 1710 experti
1591 1664 1711 1706 erant,

1058 1730 1268 1769 eorumque
1331 1717 1438 1753 sociis
1457 1730 1468 1764 ς
1540 1727 1712 1766 praeser-

1058 1775 1130 1811 tim
1165 1787 1255 1811 cum
1292 1772 1383 1810 inde
1425 1773 1471 1809 ab
1503 1772 1567 1808 illa
1605 1769 1713 1808 clade

1060 1831 1189 1868 omnia
1231 1831 1458 1880 Argivorum
1484 1828 1640 1866 consilia
1667 1840 1713 1864 eo

1057 1889 1298 1939 potissimum
1334 1893 1519 1937 spectasse
1553 1883 1711 1923 videan-

1057 1952 1132 1993 tur,
1153 1951 1196 1981 ut
1214 1945 1311 1981 vires
1332 1944 1484 1981 amissas
1510 1954 1715 1993 recupera-

1057 2008 1143 2039 rent
1176 2008 1392 2053 statumque
1423 2000 1588 2052 priorem
1606 1998 1715 2036 resti-

1057 2064 1234 2107 tuerent,
1264 2071 1335 2095 nec
1354 2058 1438 2095 ullis
1458 2057 1564 2094 bellis
1582 2069 1622 2093 se
1639 2056 1715 2092 im-

1058 2117 1272 2163 miscerent,
1296 2115 1432 2166 quibus
1451 2112 1638 2150 damnum
1655 2124 1714 2147 re-

1059 2172 1230 2209 nascenti
1255 2172 1394 2208 civitati
1421 2170 1550 2206 inferri
1575 2173 1714 2218 potue—

1057 2230 1117 2265 rit.
1175 2229 1284 2264 Conf.
1317 2227 1360 2263 C.
1383 2226 1427 2263 Ο.
1447 2225 1596 2262 Miiller.
1616 2225 1707 2261 Dor.

1056 2287 1075 2321 Ι
1094 2299 1133 2335 p.
1159 2283 1250 2324 174.
1307 2283 1390 2327 Quo
1414 2281 1551 2319 eodem
1571 2286 1715 2332 spectat

1059 2340 1256 2378 oraculum
1274 2336 1450 2388 V11,'148
1471 2339 1646 2386 allatum3
1667 2349 1714 2374 eo

1058 2398 1183 2444 enim,
1213 2403 1257 2434 ut
1286 2398 1384 2434 bene
1415 2396 1586 2433 observat
1610 2393 1714 2431 idem

1059 2454 1208 2492 Miiller.
1229 2467 1268 2504 p-
1284 2456 1376 2502 176,
1397 2452 1546 2503 Argivis
1564 2449 1714 2488 indica-

1058 2517 1132 2558 tur,
1155 2509 1348 2561 quomodo
1368 2522 1427 2547 res
1447 2509 1598 2560 publica
1625 2507 1713 2558 ipsis

1060 2565 1356 2604 administranda
1400 2566 1603 2617 civitasque
1651 2576 1714 2600 re-

1059 2623 1190 2674 gunda
1218 2626 1277 2661 sit.
1311 2646 1360 2651 —-
1409 2624 1454 2659 In
1481 2634 1588 2673 seqq.
1624 2633 1714 2657 ver—

1059 2681 1153 2717 bum
1182 2678 1446 2732 περιέψεσθαι
1475 2679 1620 2730 passive
1652 2689 1714 2713 ac-

1060 2738 1133 2788 cipi
1149 2737 1229 2775 vult
1248 2734 1382 2774 Matth.
1405 2736 1473 2772 Gr.
1493 2735 1559 2773 Gr.
1580 2746 1620 2785 p.
1632 2731 1713 2774 458
