1870 3249
519 687 1047 754 HPOAOTOY

391 829 848 883 ΙΣΤΟΡΙΩΝ
912 821 1164 870 ΕΚΤΗ.

619 991 660 1031 Ε
689 989 728 1029 P
755 989 793 1027 A
829 985 869 1024 Τ
894 984 947 1023 Ω.

53 1093 80 1137 l
150 1080 606 1134 ΑΡΙΣΤΑΓΟΡΗΣ
635 1077 714 1133 μέν
733 1089 818 1116 νυν
838 1070 1003 1124 Ἰωνίην
1024 1066 1282 1120 ἀποστήσας,
1302 1059 1418 1104 οὕτω
1464 1069 1559 1109 ,439

150 1157 338 1211 τελευτᾷ.
392 1150 590 1200 Ἱστιαῖος
620 1145 666 1190 δὲ
697 1141 720 1186 ὁ
753 1138 954 1195 Μιλήτου
983 1134 1223 1189 τύραννος,
1259 1144 1419 1186 μεμετι·
1477 1119 1720 1186 ᾗῖξξῑὲξῗξῗυῗῗζ

120 1232 142 1266 2
153 1223 282 1281 μένος
314 1220 401 1264 ὑπὸ
431 1218 650 1271 Δαρείου,
680 1212 826 1265 παρῆν
856 1207 898 1259 ἐς
930 1203 1109 1258 Σάρδις.
1182 1197 1452 1254 ἀπιγμένονὸ
1482 1186 1755 1250 &flammer-

153 1292 200 1337 δὲ
239 1288 375 1334 αὐτὸν
428 1287 476 1331 ἐκ
514 1288 602 1328 τῶν
660 1279 854 1325 Σούσων
898 1275 1036 1328 εἴρετο
1071 1266 1360 1324 Ἀρταφέρνης
1400 1262 1424 1307 ὁ

155 1360 365 1413 Σαρδίων
403 1354 623 1408 ὕπαρχος,
679 1346 789 1392 κατα
840 1342 966 1388 κοῖόν
1004 1356 1046 1382 τι
1095 1335 1242 1380 δοκέοι
1270 1332 1427 1383 Ἴωνας

128 1425 414 1472 ὃᾶπεστάναι.
458 1421 482 1466 ὁ
523 1422 568 1463 δὲ
609 1415 711 1461 οὔτε
757 1413 918 1458 εἰδέναι
957 1409 1064 1464 ἔφη,
1113 1399 1339 1458 ἐθωύμαζέ
1382 1415 1427 1444 τε

155 1495 204 1539 τὸ
234 1491 432 1550 γεγονὸς,
478 1487 537 1539 ὥς
577 1485 709 1530 οὐδὲν
744 1486 880 1538 δῆθεν
908 1481 996 1521 τῶν
1035 1470 1292 1526 παρεόντων
1322 1484 1427 1524 πρη-

128 1561 338 1620 4γμάτων
368 1555 658 1612 ἐπιστάμενος.
704 1553 727 1596 ὁ
770 1550 815 1593 δὲ
848 1531 1316 1603 Ἀρταφέρνης-ὁρέων
1352 1534 1428 1580 αὐ·
1445 1541 1489 1575 10

157 1631 236 1676 τὸν
265 1625 545 1685 τεχνάζοντα,
578 1619 693 1672 εἶπε,
727 1617 852 1669 εἰδώς
880 1614 962 1672 τήν
992 1611 1192 1666 ἄτρεκίην
1221 1611 1297 1663 τῆς
1326 1603 1433 1649 ἀπο-

159 1699 347 1749 στάσιος·
379 1693 538 1747 ,,Οὕτω
555 1708 639 1742 τοι,
654 1691 839 1739 Ἱστιαῖε,
855 1679 1059 1740 ἔχεικατὰ
1078 1680 1223 1721 ’ταῦτα
1243 1674 1295 1718 τοὶ
1324 1671 1432 1728 πρή-

162 1781 355 1825 „msa-ca·
384 1767 516 1807 τοῦτο
535 1759 584 1805 τὸ
611 1757 819 1813 ὑπόδημα
849 1753 1047 1809 ἔῤῥαψας
1076 1746 1155 1804 μὲν
1177 1743 1247 1796 σὺ,
1274 1737 1432 1795 ὑπεδή-

1483 1264 1550 1284 esse
1568 1254 1753 1290 intelligens,

365 1937 459 1986 Cap.
473 1935 506 1970 I.
824 1924 927 1963 vocis
946 1922 1076 1972 δῆθεν
1091 1917 1194 1955 conf.
1214 1916 1297 1962 VII,
1318 1912 1492 1958 211.1x‚

170 1992 453 2048 μεμετιμένος]
485 1988 595 2028 Cous.
617 1988 665 2036 V,
690 1988 770 2026 108
828 1985 883 2022 66
903 1987 941 2017 et
961 1983 1060 2016 nott.
1091 1974 1140 2012 ad
1159 1975 1190 2021 Ι,
1212 1975 1266 2014 73
1284 1977 1321 2007 et
1337 1968 1384 2006 de
1405 1981 1493 2006 ver-

114 2062 151 2092 et
171 2054 218 2090 de
239 2052 431 2088 locutione
451 2048 585 2098 παρῆν
602 2043 640 2091 ἒς
662 2039 772 2089 Σάρ-
828 2039 879 2075 bo
899 2030 1098 2086 τεχνάζειν
1116 2037 1214 2067 nott.
1237 2026 1287 2065 ad
1307 2028 1373 2070 III,
1397 2026 1492 2064 130.

114 2112 176 2156 δις
198 2110 282 2158 (ubi
293 2109 355 2143 alii
377 2106 419 2145 ἐν
443 2099 626 2154 Σάρδισι,
647 2100 710 2136 alii
730 2097 773 2137 ἐν
886 2095 1004 2132 τοῦτο
1022 2085 1067 2129 ‘co‘
1084 2083 1277 2136 ’ὑπόδημα
1292 2080 1494 2134 ἕῤῥαψας]

114 2164 261 2216 Σάρδι)
277 2162 413 2200 Matth.
436 2162 502 2199 Gr.
518 2161 583 2196 Gr.
597 2171 637 2208 p.
652 2153 775 2196 1142.
832 2152 959 2188 Utitur
971 2178 981 2196 ‚
1013 2150 1220 2183 annotante
1247 2138 1496 2187 Wesseling.‚

114 2223 217 2264 Add.
252 2222 299 2269 V,
342 2220 435 2259 108.
467 2217 532 2264 VI,
567 2213 634 2254 24.
683 2213 778 2248 Mox
835 2206 973 2244 eodem
990 2203 1091 2241 dicto
1112 2198 1342 2252 proverbiali
1352 2208 1400 2232 ex
1415 2195 1499 2244 ipso

114 2276 214 2320 κατοὶ
234 2281 347 2318 κοῖον
365 2275 489 2313 valet:
533 2284 604 2322 qua
628 2269 668 2307 de
688 2281 778 2306 cau-
834 2261 1030 2302 Herodoto
1067 2257 1273 2308 Gregorius
1318 2252 1499 2290 Nazianz.

116 2351 185 2382 sa,
214 2343 257 2372 ut
286 2333 450 2383 saepius.
480 2323 689 2377 ἐθωύμαζε
716 2338 780 2361 re-
837 2322 961 2360 stelit.
984 2319 1021 2354 H
1052 2330 1089 2367 p.
1121 2316 1213 2361 118,
1241 2311 1329 2361 (ubi
1347 2302 1501 2348 ὑπεδύ-

118 2393 222 2431 stitui
236 2404 305 2442 pro
327 2385 519 2438 ἐθώμαζε,
543 2383 648 2436 quod
660 2381 778 2419 Gaisf.
837 2391 931 2417 σατο
967 2387 1037 2426 pro
1078 2365 1347 2419 ὖπεδήσατο);
1394 2361 1500 2401 unde

120 2448 288 2487 exhibet.
334 2447 393 2483 De
412 2442 604 2494 paniculis
631 2436 780 2480 οὕτε-
834 2434 961 2472 hausit
999 2426 1236 2479 Nicephorus
1260 2425 1364 2462 nist.
1393 2420 1502 2457 Eccl.

120 2521 161 2546 τε
191 2504 383 2542 monitum
411 2499 460 2537 ad
484 2499 549 2545 IV,
573 2496 640 2537 94.
676 2493 780 2532 Add.
836 2492 955 2538 X‚38
975 2489 1146 2537 itemque
1160 2481 1379 2534 Apostolius
1392 2477 1503 2522 XIX,

122 2564 168 2611 V,
189 2560 255 2602 49.
278 2559 346 2601 65.
365 2556 435 2598 94.
454 2559 521 2596 97.
540 2555 623 2600 VII,
645 2554 670 2592 8
692 2553 727 2597 ξ.
745 2555 782 2590 1.
838 2548 907 2590 95.
964 2543 1219 2581 Locutionem
1237 2540 1291 2576 ita
1320 2535 1504 2585 explanat

124 2621 205 2666 VH,
235 2619 303 2658 37.
338 2616 406 2656 96.
432 2614 510 2652 129
539 2611 607 2647 fin.
631 2609 710 2650 159
730 2608 785 2643 in.
843 2605 980 2642 Tzetz.
997 2598 1094 2637 Chii.
1113 2599 1181 2644 ΠΙ,
1203 2593 1294 2637 324.
1315 2594 1385 2638 IX,
1396 2587 1501 2631 240:

126 2678 222 2718 208.
248 2675 343 2714 231.
376 2670 440 2717 Vl,
471 2671 512 2708 9.
542 2668 607 2707 16.
633 2667 698 2706 30.
720 2666 787 2705 68.
844 2658 918 2712 τὴν
939 2652 1138 2698 ὑπόθεσιν
1159 2650 1330 2691 δέδωκεν
1347 2646 1505 2685 Ἱστιαῖ-

128 2735 198 2774 73.
235 2732 290 2772 86
322 2729 360 2774 §.
391 2729 431 2766 2.
471 2722 510 2763 4.
566 2723 646 2758 Nec
683 2721 790 2757 aliter
849 2732 905 2764 ος,
936 2714 976 2761 ἐς
1006 2711 1115 2758 τέλος
1137 2705 1169 2748 δ’
1189 2704 1419 2756 ἐξεπέρανεν
1438 2695 1506 2739 αὖ·

132 2784 229 2840 μήτε
242 2799 346 2824 -ve
364 2783 447 2829 VII,
471 2782 537 2821 11.
558 2799 615 2807 --
643 2778 701 2814 De
721 2788 792 2814 usu
850 2771 924 2824 τήν
942 2762 1230 2821 Ἀρισταγόρας.
1255 2762 1326 2802 Cr.
1343 2757 1507 2798 conferri

1493 1232 1513 1250 n
1532 1223 1706 1257 suspectum
1719 1225 1756 1244 se
