1851 3181
434 230 518 270 382

830 230 1296 268 HERODOTI

431 339 658 394 Ἀθηναῖοι
685 334 924 393 ὁμόψηφον
952 339 1029 382 τόν
1046 343 1320 397 πολέμαρχον
1340 339 1564 385 ἐποιεῦντο
1586 347 1699 386 τοῖσι

437 409 713 461 στρατηγοῖσι
726 417 735 427 ·

793 399 847 460 ἦν
893 405 939 449 δὲ
976 404 1072 450 τότε
1110 408 1382 463 πολέμαρχος
1424 412 1699 466 Καλλίμαχος

432 473 706 529 Ἀφιδναῖος·
747 473 857 526 πρὸς
900 477 1062 517 τοῦτον
1101 474 1245 519 ἐλθών
1282 476 1544 533 Μιλτιάδης,
1585 477 1698 533 ἔλεγε

406 541 560 584 Stude·

607 539 706 592 ,,Ἐν
736 541 807 584 σοὶ
843 545 946 595 νῦν,
990 542 1262 600 Καλλίμαχε,
1307 544 1396 589 ἔστι
1431 544 1459 600 ἢ
1487 547 1700 589 καταδου-

433 612 600 662 „maon
634 607 844 665 Ἀθήνας,
883 608 910 666 ἢ
946 608 1177 665 ἐλευθέρας
1214 610 1478 668 ποιήσαντα,
1529 613 1700 669 μνημό-
1713 622 1756 655 10

433 688 574 730 ,,συνα
604 675 808 720 λιπέσθαι
839 677 880 729 ἐς
908 676 987 720 τὸν
1016 676 1186 722 ἅπαντα
1214 678 1465 732 ἀνθρώπων
1484 681 1596 736 βίον,
1627 677 1700 723 οἷα

405 742 570 796 4,,ουδὲ
593 741 821 801 Ἁρμόδιός
849 761 893 790 τε
919 746 993 788 καὶ
1018 744 1344 803 Ἀριστογείτων
1373 750 1582 793 λείπουσι.
1613 751 1698 790 νῦν
1754 758 1836 800 490

712 812 754 864 ἐξ
784 814 840 856 οὑ
876 813 1076 869 ἐγένοντο
1113 815 1361 871 Ἀθηναῖοι,
1405 814 1447 865 ἐς
1487 816 1698 859 κίνδυνον

432 810 541 868 »γάρ
583 811 657 868 δὴ

432 880 616 936 ,,ἥκουσι
645 879 856 937 μέγιστον.
907 882 980 926 καὶ
1016 881 1074 939 ἢν
1102 881 1180 939 μέν
1213 898 1261 938 γε
1289 881 1556 935 ὑποκύψωσι
1585 887 1697 927 τοῖσι
1712 889 1753 924 15

373 1022 523 1059 Mtiller.
559 1020 788 1060 Orchomen.
820 1034 908 1073 pag.
939 1018 1034 1063 405.

373 1078 859 1130 Boeckh.Corp.Inscriptt.
875 1080 1033 1120 Graeco.

373 1137 390 1171 I
409 1149 497 1186 pag.
529 1138 652 1186 730);
700 1143 741 1173 ut
779 1149 870 1173 sane
905 1137 1033 1173 minus

371 1194 502 1229 mirari
522 1194 676 1241 subeat,
707 1194 773 1245 qui
804 1193 970 1241 factum,
992 1199 1033 1229 ut

371 1248 532 1287 Athenis
562 1248 623 1287 hic
653 1251 897 1300 magistratus
928 1262 950 1285 a
970 1262 1033 1285 re-

371 1320 460 1342 rum
478 1307 701 1343 militarium
722 1319 812 1343 cura
841 1305 889 1342 ad
908 1318 1032 1356 nego-

371 1364 424 1400 tia
444 1365 580 1412 civilia,
601 1365 893 1415 peregrinorum
911 1365 1032 1413 potis-

368 1421 512 1457 simum
533 1421 657 1470 (nam
676 1419 782 1456 idem
803 1426 840 1456 et
858 1418 975 1456 hostis
996 1426 1033 1456 et

370 1479 592 1528 peregrinus
613 1476 716 1528 apud
732 1483 877 1515 veteres
903 1483 940 1512 et
959 1474 1032 1512 ha-

369 1534 530 1570 bebatur
561 1541 598 1571 et
630 1534 852 1584 dicebatur)
883 1532 1032 1583 agenda

368 1591 482 1627 fuerit
500 1592 713 1630 translatus.
772 1592 872 1628 Hinc
900 1591 1033 1628 Glossa

369 1647 587 1684 Herodotea
607 1647 656 1685 ad
675 1649 716 1686 h.
736 1648 786 1684 l.:
825 1646 1031 1699 πολέμαρ-

368 1716 459 1755 χος·
495 1701 652 1756 ἅρχων,
681 1701 782 1756 πρὸς
804 1700 852 1743 ὃν
885 1719 1031 1756 κατηγ-

368 1763 523 1812 γυῶντο
543 1759 638 1809 τούς
656 1760 807 1809 ξένους.
844 1762 924 1798 Nec
944 1773 1031 1797 ma-

366 1819 424 1868 gis
449 1819 612 1867 mirum,
643 1817 746 1855 hunc
766 1820 1031 1869 magistratum

368 1887 489 1926 aeque
530 1888 573 1912 ac
611 1877 778 1927 reliquos
815 1874 1030 1911 Athenien-

368 1933 469 1968 sium
487 1935 729 1984 magistratus
749 1941 848 1970 sorte
870 1933 1030 1971 ductum

368 2002 471 2037 esse3
492 1988 539 2025 de
560 1990 636 2043 qua
655 2004 695 2027 re
713 1989 879 2028 diximus
900 1990 948 2027 ad
961 1992 1029 2039 III,

370 2046 436 2084 80.
507 2048 553 2082 In
591 2046 664 2084 hac
703 2061 794 2085 vero
833 2049 1029 2085 sortitione

370 2114 490 2152 quum
510 2104 605 2141 fabis
625 2111 822 2141 uterentur
852 2118 921 2155 pro
951 2106 1028 2142 cal—

368 2159 461 2195 culis
481 2160 558 2196 sive
586 2163 755 2209 tesseris,
785 2161 875 2199 inde
904 2164 1028 2201 istius-

364 2214 473 2251 modi
491 2219 729 2267 magistratus
741 2218 918 2256 dicuntur
928 2235 1028 2259 κυα-

369 2286 430 2324 μῳ
461 2270 644 2323 λαχόντες
679 2288 709 2311 s-
751 2291 830 2315 απο
867 2291 1025 2327 κυαμου

369 2325 576 2379 ἄρχοντες,
606 2332 832 2396 uva-btsvroi.
862 2333 928 2369 Tu
947 2332 1024 2370 vid.

370 2392 520 2435 praeter
532 2388 657 2426 Sturz.
678 2389 717 2423 in
729 2390 824 2425 Lex.
844 2388 1025 2440 Xenoph.

365 2442 401 2477 II
421 2455 460 2492 p.
482 2444 564 2482 799
594 2456 616 2479 a
647 2443 715 2482 Cr.
747 2447 956 2482 excitattun
983 2446 1027 2483 C.

364 2500 407 2535 F.
429 2500 640 2537 Hermann.
672 2501 698 2537 l.
728 2501 752 2539 l.
776 2503 812 2546 ξ.
836 2505 915 2542 112
944 2509 1025 2541 not.

370 2558 389 2594 1
425 2553 536 2606 (coll.
569 2558 605 2602 §,
638 2557 717 2598 149
743 2565 824 2595 not.
855 2559 917 2609 1.)
949 2572 1026 2611 quo

367 2613 450 2649 loco
472 2613 535 2649 ille
557 2614 755 2662 observat,
794 2613 895 2652 hunc
917 2617 1027 2667 pole-

367 2667 569 2706 marchum
601 2669 722 2707 videri
748 2672 914 2722 primum
942 2685 1026 2709 ma-

367 2727 585 2775 gistratum,
618 2729 682 2779 qui
701 2735 799 2765 sorte
819 2730 870 2766 ita
892 2728 1027 2766 ductus

367 2782 526 2820 Athenis
538 2786 759 2822 constitutus
770 2785 893 2822 fuerit.
903 2786 1028 2830 Quem

369 2839 535 2876 eundem
575 2840 850 2879 Callnnachum
898 2844 1028 2881 minus

1090 1026 1192 1057 recte
1221 1021 1407 1058 Meursius
1435 1021 1515 1058 Att.
1552 1022 1676 1058 Lectt.
1703 1022 1751 1070 11,

1094 1075 1157 1124 14,
1190 1090 1307 1129 quem
1337 1079 1507 1130 sequitur
1544 1076 1674 1116 Kuhn.
1703 1077 1753 1115 ad

1089 1134 1238 1170 Polluc.
1274 1135 1375 1171 Vffl.
1405 1137 1471 1183 92,
1501 1136 1672 1186 primum
1701 1136 1752 1172 ait

1088 1188 1247 1227 Athenis
1280 1189 1354 1228 hoc
1388 1190 1625 1242 polemarchi
1659 1204 1751 1228 mu-

1088 1259 1160 1283 nus
1177 1248 1324 1297 obiisse,
1353 1247 1532 1285 inductus
1551 1261 1669 1300 prava
1688 1250 1751 1284 in-

1088 1305 1360 1354 terpretatione
1388 1306 1554 1342 Pausan.
1585 1306 1615 1353 Ι,
1640 1304 1690 1345 15
1712 1306 1750 1351 §-

1088 1359 1126 1408 4,
1143 1367 1186 1397 ut
1204 1368 1312 1398 notat
1330 1360 1516 1401 Valcken.
1542 1360 1652 1398 Idem
1662 1361 1751 1398 Cal-

1088 1415 1243 1455 limach.
1282 1419 1412 1455 nobile
1451 1425 1586 1461 votum
1596 1446 1614 1464 ‚
1672 1431 1750 1471 quo

1087 1474 1234 1510 Dianae
1256 1469 1450 1529 ἀγροτέρα
1470 1481 1559 1512 ante
1578 1487 1752 1526 pugnam

1086 1530 1369 1569 Marathoniam
1397 1545 1438 1569 se
1468 1533 1752 1569 obstrinxerunt

1086 1586 1360 1637 Athenienses,
1404 1589 1537 1626 fecisse
1565 1589 1684 1626 fertur
1708 1590 1751 1625 in

1088 1643 1219 1681 Schol.
1241 1645 1290 1682 ad
1307 1645 1502 1697 Aristoph.
1532 1647 1635 1699 qu.
1653 1645 1750 1694 657,

1086 1701 1190 1737 unde
1201 1701 1404 1752 postmodo
1416 1702 1573 1752 factum,
1595 1710 1637 1739 ut
1650 1714 1750 1755 quo-

1085 1759 1210 1795 tannis
1228 1757 1325 1796 haec
1344 1771 1448 1796 sacra
1459 1766 1658 1810 perageret
1675 1771 1750 1810 po-

1085 1814 1315 1854 lemarchus.
1336 1817 1394 1854 Cf.
1406 1817 1592 1855 Meursius
1603 1814 1748 1856 Athen.

1086 1872 1167 1908 Att.
1186 1874 1236 1921 Π,
1264 1873 1304 1914 5.
1361 1872 1424 1909 Ad
1451 1874 1579 1924 ipsum
1605 1873 1749 1910 Miltia—

1087 1927 1178 1964 dem
1197 1927 1272 1966 hoc
1301 1937 1438 1968 votum
1457 1931 1573 1967 refert
1592 1931 1747 1967 Aelian.

1085 1985 1133 2022 V.
1154 1987 1204 2022 H.
1234 1987 1283 2037 Π,
1313 1988 1382 2035 25,
1415 1987 1483 2023 ubi
1520 1986 1598 2026 vid.
1636 1988 1748 2023 Peri-

1087 2043 1234 2080 zonius.
1290 2043 1508 2082 Herodotus
1531 2057 1622 2082 vero
1642 2042 1748 2096 quod

1084 2112 1157 2136 nee
1192 2101 1270 2137 von'
1301 2099 1414 2138 huius
1453 2114 1524 2138 nec
1551 2113 1747 2138 sacrorum

1083 2154 1173 2192 hinc
1193 2159 1396 2208 quotannis
1411 2159 1668 2194 institutorum
1686 2157 1746 2194 fe-

1083 2214 1176 2249 cerit
1194 2216 1433 2251 mentionem
1447 2243 1457 2262 ,
1488 2214 1745 2264 negligentIae

1080 2269 1276 2307 incusatur
1300 2283 1323 2308 a
1352 2268 1559 2308 Plutarcho
1587 2272 1624 2307 ΙΙ
1651 2282 1741 2322 pag.

1082 2327 1163 2365 862
1182 2326 1229 2362 Β.

1137 2377 1203 2420 Ἐν
1225 2381 1288 2422 σοὶ
1307 2385 1447 2422 νῦν-
1463 2382 1573 2433 ἔστι]
1603 2385 1661 2420 De
1679 2384 1742 2421 lo-

1083 2439 1234 2475 cutione
1255 2440 1401 2477 consul.
1416 2439 1550 2479 Matth.
1577 2442 1644 2478 Gr.
1674 2441 1740 2478 Gr.

1082 2507 1171 2545 pag.
1202 2496 1308 2537 1140
1338 2504 1376 2534 et
1401 2504 1499 2535 nott.
1530 2496 1579 2535 ad
1597 2499 1665 2545 111,
1686 2496 1741 2538 85

1082 2553 1166 2589 init.
1220 2552 1283 2590 Ad
1319 2555 1553 2591 locutionem
1582 2549 1743 2606 μνημό-

1084 2620 1184 2647 συνα
1218 2608 1407 2650 λιπέσθαι
1435 2611 1538 2648 conf.
1563 2612 1628 2659 1V,
1659 2611 1739 2652 166

1081 2665 1211 2718 ibique
1230 2675 1391 2705 nott.—
1409 2670 1455 2706 In
1475 2681 1581 2720 seqq.
1610 2680 1679 2719 pro
1700 2666 1741 2712 ἒς

1082 2723 1274 2764 κίνδυνον
1301 2724 1435 2765 Valck.
1464 2726 1672 2776 suspicatur
1698 2721 1739 2769 ἐς

1082 2777 1225 2820 κινδύν
1238 2798 1268 2823 ω
1282 2796 1326 2822 v:
1350 2796 1425 2835 quo
1438 2789 1537 2820 certe
1546 2793 1625 2819 non
1643 2792 1739 2831 opus

1082 2838 1185 2876 libris
1217 2842 1436 2890 praesertim
1455 2839 1592 2876 invitis.
1636 2838 1736 2875 Cum
