1851 3181
288 484 385 529 103

117 548 234 577 Eodem
253 549 316 576 exit
339 549 378 575 Α-

116 581 319 610 theuieusium
339 590 391 609 ex-

117 616 245 649 ercitus,
272 616 321 643 cui
339 615 392 642 de-

118 658 182 678 cem
199 653 355 686 praetores

343 2009 345 2011 '
398 1999 498 2035 tibus
525 1999 668 2047 pervia.

447 244 531 287 37⁰

849 243 1309 281 HERODOTI

448 358 526 410 κῆς
566 354 845 403 ἐνιππεῦσαι,
892 351 964 394 καὶ
1004 348 1227 407 ἀγχοτάτω
1277 354 1353 407 τῆς
1388 350 1620 407 Ἐρετρίης,
1668 349 1711 401 ἐς

447 420 577 466 τοῦτό
609 432 688 476 σφι
717 419 946 474 κατηγέετο
971 417 1136 475 Ἱππίης
1166 417 1190 462 ὁ
1220 418 1549 474 Πεισιστράτεω.
1592 416 1767 473 Ἀθη-75

447 494 565 533 ναῖοι
597 488 665 539 δὲ,
699 486 758 536 ὠς
788 485 1010 530 ἐπύθοντο
1041 489 1196 537 ταῦτα,
1235 485 1447 543 ἐβοήθεον
1486 486 1558 530 καὶ
1588 484 1714 528 αὐτοὶ

390 754 553 805 regionis
585 749 847 789 Marathoniae
881 749 1052 787 delinea-

391 813 537 849 tionem
559 808 662 846 dedit
672 809 842 844 Krusein
860 807 966 844 Atlas
979 814 1050 846 etc.

392 869 493 905 Tab.
513 866 578 903 IV.
619 868 677 902 De
699 864 839 914 Campis
861 863 1054 900 Illaratlco-

391 927 462 962 niis
482 923 654 960 disseruit
680 934 834 973 quoque
853 919 982 956 Leake
1014 922 1055 956 in

391 982 487 1018 libro
522 980 569 1017 de
600 979 721 1016 demis
752 979 909 1023 Atticis,
938 990 1055 1028 quem

392 1044 521 1075 tamen
553 1037 695 1073 librum
728 1033 825 1070 mihi
851 1033 899 1070 ad
917 1047 1055 1071 manus

392 1107 472 1131 non
491 1094 605 1130 fuisse
636 1092 768 1139 doleo3
788 1092 959 1142 itemque
980 1104 1056 1127 nu-

391 1152 579 1202 perrime,
599 1150 687 1199 ipsis
706 1149 798 1185 locis
820 1149 1056 1184 accuratissi-

391 1221 456 1244 me
477 1207 671 1257 inspectis,
703 1206 760 1243 vir
772 1204 916 1251 doctus,
939 1216 1056 1255 quem

394 1264 500 1311 Reuss,
520 1263 676 1300 Danum
704 1263 859 1298 natione
872 1291 881 1309 ‚
906 1274 983 1297 esse
997 1261 1057 1296 fe-

394 1328 495 1367 runt,
514 1321 555 1356 in
576 1320 692 1356 Blatt.
716 1318 740 1354 f.
761 1318 900 1356 literar.
914 1318 1056 1353 Unter-

394 1376 570 1427 haltung.
594 1378 699 1416 1833
721 1388 779 1412 nr.
815 1372 892 1413 104
913 1387 951 1424 p.
974 1373 1055 1414 427

395 1447 475 1484 seq.
499 1432 577 1473 105
597 1447 636 1483 p.
657 1431 735 1471 431
761 1437 797 1467 et
817 1431 987 1480 inprimis
998 1443 1056 1468 nr.

398 1492 477 1530 106
498 1502 585 1540 pag.
607 1488 687 1528 435
709 1500 828 1539 seqq.‚
857 1488 924 1523 ubi
944 1488 1059 1522 etiam

396 1548 438 1582 in
466 1545 562 1582 illud
591 1545 767 1596 inquirit,
819 1545 885 1595 qui
914 1544 1059 1580 factum

396 1603 464 1650 sit,
503 1609 545 1638 ut
578 1603 735 1649 Persae,
776 1613 869 1652 quos
900 1601 1056 1651 Hippias

396 1660 571 1695 locorum
619 1659 718 1695 bene
760 1664 900 1706 gnarus
939 1657 1059 1693 duce-

397 1715 465 1752 bat
486 1745 496 1762 ,
559 1719 640 1751 tam
680 1713 825 1750 difficili
861 1713 945 1750 loco
989 1726 1060 1763 ap-

396 1772 563 1823 pulerint
576 1801 585 1819 ,
614 1784 741 1821 neque
761 1768 968 1806 Phalerum
988 1782 1060 1805 na-

396 1829 560 1879 vigarint
581 1834 646 1864 aut
662 1827 830 1873 Prasias,
852 1824 1059 1863 commodo

397 1886 505 1933 loco,
536 1885 751 1935 appulerint
767 1913 776 1930 ,
798 1882 900 1919 unde
917 1884 978 1920 via
998 1895 1061 1919 sa-

398 1943 444 1978 tis
464 1943 552 1978 trita
571 1939 741 1977 Athenas
752 1938 928 1986 ducebat,
951 1940 1061 1990 equi-

735 1995 847 2041 Quod
886 1995 1062 2032 Herodo-

399 2061 460 2091 tus
482 2055 564 2102 (VI,
592 2053 688 2102 102)
704 2052 837 2089 afferat
858 2051 904 2088 de
925 2064 1062 2103 campo

403 2109 643 2147 Marathonio
689 2110 878 2161 equitibus
939 2110 1062 2159 magis

405 2164 695 2203 accommodato
708 2195 718 2213 ‚
775 2165 815 2202 id
854 2165 943 2201 ferri
983 2178 1063 2202 non

401 2231 512 2275 posse
530 2229 662 2273 putatz,
690 2220 794 2258 unde
822 2221 1065 2258 Herodotum

404 2281 556 2316 coniicit
574 2291 617 2314 ea
635 2285 784 2314 tantum
795 2276 931 2325 dicere,
966 2287 1065 2329 quae

403 2337 520 2385 vulgo
551 2334 652 2385 apud
673 2335 837 2370 Graecos
861 2333 908 2370 de
929 2332 1000 2370 hac
1023 2347 1065 2369 re

405 2392 541 2429 tradita
560 2392 718 2438 fuerint,
757 2403 848 2426 cum
875 2402 1005 2426 veram
1033 2391 1064 2426 si

406 2449 588 2499 indagare
609 2449 769 2485 velimus
791 2448 1064 2497 cansam‚Hip-

405 2507 487 2556 Pias
514 2517 598 2541 ealn
620 2505 668 2541 ob
690 2516 807 2539 unam
829 2515 981 2549 causam
1003 2502 1064 2540 hic

408 2563 593 2613 appulisse
613 2560 805 2607 videatur,
835 2567 876 2596 ut
896 2566 1065 2610 praeter—

410 2620 630 2668 navigantes
678 2618 815 2652 Persae
867 2617 1065 2666 Teu-apoli

409 2676 619 2726 potirentur
632 2704 640 2720 ‚
670 2671 961 2709 Atheniensibus
976 2685 1064 2710 vero

410 2732 533 2768 subito
562 2730 869 2775 advenientibus,
914 2728 961 2765 ad
992 2743 1067 2779 pn-

411 2800 529 2838 gnam
541 2789 661 2824 coacti
680 2787 832 2823 fuerint.
849 2786 905 2821 De
917 2787 995 2836 ipso
1009 2787 1066 2821 Ιο-

410 2857 475 2892 co⁷
506 2846 545 2880 in
567 2856 642 2896 quo
663 2850 875 2894 pugnatum
898 2849 972 2890 est,
995 2854 1063 2879 ac-

447 556 489 608 ἐς
518 555 597 599 τόν
626 557 903 610 Μαραθῶνα.
950 549 1059 611 ἦγον
1089 554 1135 599 δέ
1161 565 1296 610 σφεας
1324 553 1557 611 στρατηγοὶ
1588 552 1711 597 δέκα·

1108 750 1272 787 curatius
1291 748 1486 797 disserens,
1507 748 1597 786 inde
1616 749 1767 800 potissi-

1107 819 1219 843 mum
1247 807 1399 842 Graecis
1419 819 1580 843 numero
1609 807 1768 857 paucio-

1109 863 1210 900 ribus
1247 864 1446 900 victoriam
1476 863 1652 913 obtigisse
1690 869 1769 899 sta-

1109 921 1181 957 tuit
1195 949 1204 967 ‚
1228 919 1332 971 qnod
1352 920 1483 956 Persas
1502 921 1543 955 in
1564 920 1690 956 castris
1709 920 1767 954 in-

1110 984 1168 1014 ter
1188 977 1349 1013 tentoria
1369 983 1651 1013 commorantes
1677 976 1771 1013 sub-

1111 1035 1164 1070 ito
1176 1034 1318 1070 fuerint
1331 1034 1497 1083 aggressi
1510 1047 1519 1082 3
1533 1034 1665 1070 Persas
1675 1044 1771 1069 mox

1111 1090 1162 1127 ait
1192 1088 1305 1127 celeri
1341 1089 1455 1140 fuga,
1505 1089 1682 1127 omnibus
1708 1102 1770 1125 re-

1110 1142 1219 1195 lictis,
1239 1160 1345 1183 mare
1356 1149 1505 1197 petiisse
1523 1146 1690 1198 indeque
1711 1146 1772 1182 fa-

1112 1203 1182 1240 cile
1202 1204 1362 1240 navibus
1383 1211 1547 1240 servatos
1569 1216 1660 1251 esse⁷
1683 1215 1773 1239 cum

1112 1262 1173 1297 vel
1203 1259 1328 1297 adhuc
1360 1273 1476 1297 naves
1498 1261 1612 1308 tales,
1643 1259 1773 1311 quales

1111 1324 1286 1354 veterum
1305 1330 1421 1354 naves
1450 1317 1563 1353 fuisse
1583 1318 1774 1364 novimus,

1114 1375 1289 1424 proxime
1319 1374 1407 1410 litus
1437 1375 1564 1424 ipsum
1593 1371 1775 1409 accedere

1113 1431 1271 1481 possint.
1327 1431 1458 1480 Ipsum
1503 1429 1668 1481 denique
1699 1442 1776 1480 pu-

1115 1500 1215 1537 gnae
1239 1487 1370 1523 locum
1381 1487 1421 1522 in
1434 1499 1477 1522 ea
1488 1484 1658 1538 planitiei
1669 1493 1776 1537 parte

1112 1544 1246 1595 ponit,
1288 1556 1386 1595 quae
1416 1543 1620 1580 meridiem
1646 1556 1776 1580 versus

1112 1602 1353 1651 potissimum
1376 1607 1521 1651 spectat
1537 1630 1546 1648 ‚
1567 1600 1634 1637 ubi
1652 1598 1777 1636 Athe-

1114 1659 1305 1693 niensium
1337 1659 1403 1708 qui
1435 1658 1686 1695 occubuerint
1711 1663 1778 1694 tu-

1115 1714 1209 1750 muli
1233 1720 1394 1751 exstent.

1345 1847 1438 1898 Cap.
1460 1847 1559 1885 cm.

1175 1935 1384 1991 στρατηγοὶ
1436 1930 1563 1987 dgna]
1617 1935 1779 1973 Athenis

1121 1997 1298 2032 novimus
1346 2004 1487 2032 novem
1536 1992 1779 2031 archontibus

1117 2053 1314 2102 proximos
1351 2052 1549 2088 accessisse
1581 2050 1714 2088 ordine
1734 2058 1779 2087 ae

1118 2108 1301 2159 dignitate
1332 2107 1467 2145 decem
1497 2103 1738 2160 στρατηγούς
1758 2116 1780 2142 e

1120 2164 1255 2202 decem
1291 2163 1417 2216 phylis
1458 2171 1614 2201 creatos.
1679 2164 1779 2200 Hinc

1118 2222 1181 2265 VI,
1209 2222 1286 2260 104
1313 2220 1381 2258 fin.
1415 2215 1644 2270 Μιλτιάδης
1660 2231 1781 2271 στρα-

1119 2271 1539 2328 τηγός-Ἀθηναίων
1574 2271 1779 2326 ἀπεδέχθη

1122 2331 1301 2384 αἱρεθεὶς
1326 2330 1407 2372 ὖπό
1430 2335 1504 2371 τοῦ
1521 2329 1664 2384 δήμου.
1702 2333 1780 2378 'Qui

1120 2389 1258 2426 decem
1278 2401 1411 2426 omues
1439 2390 1479 2425 in
1509 2401 1640 2440 pugna
1657 2390 1781 2426 Mara-

1118 2445 1252 2483 thonia
1279 2443 1385 2497 quod
1414 2445 1588 2495 adfuere,
1619 2445 1778 2496 imperio

1121 2504 1222 2554 pari,
1267 2502 1307 2539 id
1340 2501 1544 2554 postmodo
1572 2504 1690 2539 rarius
1719 2501 1779 2538 fa—

1120 2566 1224 2596 ctum
1246 2572 1325 2596 esse
1354 2559 1547 2608 videmus,
1577 2571 1666 2596 cum
1694 2556 1780 2610 ple-

1120 2628 1283 2667 rumque
1304 2622 1396 2664 tres,
1426 2617 1526 2652 inter
1556 2626 1651 2667 quos
1680 2624 1780 2652 unus

1122 2684 1319 2710 summum
1359 2673 1521 2710 obtinuit
1560 2672 1778 2722 imperium,

1122 2729 1169 2766 ad
1181 2730 1322 2766 bellum
1330 2730 1668 2779 proficiscerentur.
1691 2726 1778 2766 Vid-

1121 2784 1394 2824 Wachsmuth.
1415 2786 1565 2822 Hellen.
1585 2781 1777 2820 Alterthk.

1120 2845 1151 2891 1,
1181 2846 1207 2883 2
1235 2854 1324 2893 pag.
1354 2842 1408 2883 49
1438 2841 1524 2879 coll.
1552 2840 1595 2879 C.
1614 2841 1657 2879 F.
1679 2841 1787 2876 Her--
