1806 3181
446 230 529 269 63⁰

858 220 1310 258 HERODOTI

446 334 530 380 οὐκ
568 333 717 383 ἐόντος
746 346 809 374 κω
837 333 920 373 τοῦ
950 326 1153 380 αὐλῶνος
1191 329 1263 373 καὶ
1300 326 1505 381 διεκρόου
1532 324 1760 376 τούτου,75

445 404 549 454 τούς
584 397 809 455 ποταμούς
841 395 1049 448 τούτους,
1088 397 1161 440 καὶ
1198 395 1310 451 πρὸς
1338 400 1450 438 τοῖσι
1479 397 1710 448 ποταμοῖσι

445 470 639 514 τούτοισι
679 466 759 523 τὴν
798 468 1015 522 Βοιβηΐδα
1044 467 1224 521 λίμνην,
1255 463 1355 508 οὔτε
1386 460 1710 516 οὐνομάζεσθαι

446 536 638 591 κατάπερ
671 540 778 587 νῦν,
806 536 918 589 ῥέειν
947 550 991 578 τε
1022 532 1154 577 οὐδὲν
1177 532 1304 576 ἕσσον
1332 531 1361 587 ἢ
1389 534 1498 573 νῦν·
1531 528 1712 583 ῥέοντας

448 607 517 658 δὲ,
557 603 720 649 ποιέειν
761 602 841 659 τήν
886 603 1125 659 Θεσσαλίην
1163 605 1309 645 πᾶσαν
1350 600 1546 654 πέλαγος.
1589 595 1714 640 αὐτοὶ

418 674 528 730 ὁμέν
564 690 648 717 νυν
690 673 903 716 Θεσσαλοί
943 683 1053 727 φασι
1096 667 1373 714 Ποσειδέωνα
1422 669 1602 720 ποιῆσαι
1635 662 1713 706 τόν

447 743 648 796 αὐλῶνα,
690 739 741 785 δι’
787 735 841 784 οὗ
872 740 959 796 ῥέει
988 740 1011 783 ὁ
1048 737 1262 796 Πηνειὸς,
1320 733 1470 778 οἰκότα
1508 733 1768 787 λέγοντες.8ο

448 810 566 861 ὅστις
603 810 686 865 γὰρ
728 809 893 864 νομίζει
924 808 1203 851 Ποσειδέωνα
1231 802 1312 860 τήν
1347 805 1430 858 γῆν
1459 802 1612 852 σείειν,
1642 799 1715 842 καὶ

448 879 501 923 τὰ
539 881 766 923 διεστεῶτα
804 875 891 919 ὑπὸ
934 879 1113 930 σεισμοῦ
1153 876 1235 917 τοῦ
1271 875 1382 914 θεοῦ
1421 868 1583 912 τούτου
1614 867 1717 922 ἔργα

450 945 586 998 εἶναι,
623 947 696 990 καὶ
740 945 796 988 ἂν
827 945 968 988 ἐκεῖνο
1000 943 1107 987 ἰδών
1136 943 1245 996 φαίη
1281 938 1561 982 Ποσειδέωνα
1592 939 1716 990 ποιῆ-

452 1029 535 1058 σαι.

395 1212 474 1237 esse
510 1200 646 1235 Noster
694 1197 856 1244 iudicat,
893 1196 1055 1247 probant

394 1258 556 1293 aliorum
615 1268 769 1307 quoque
824 1253 1053 1299 testimonia,

396 1311 596 1349 Claudiani
630 1313 688 1347 De
716 1314 827 1361 Rapt.
860 1311 966 1346 Pros.
1007 1309 1055 1354 II,

398 1371 493 1410 179.
512 1367 669 1405 Diodor.
690 1368 768 1405 Sic.
789 1366 852 1414 IV,
877 1369 939 1407 18.
962 1364 1057 1401 Phi-

397 1426 540 1462 lostrat.
566 1426 672 1462 Icon.
712 1425 760 1470 ΙΙ,
795 1422 845 1462 14
866 1435 953 1473 pag.
976 1421 1057 1462 835

398 1481 484 1520 coll.
507 1483 600 1529 831,
623 1494 721 1533 quae
752 1478 898 1516 dudum
919 1479 1058 1515 attule-

397 1545 487 1575 runt
498 1537 683 1575 Herodoti
702 1538 945 1586 interpretes3
966 1547 1058 1585 pro-

398 1595 538 1647 batque
573 1595 697 1631 omnis
736 1592 848 1630 huius
895 1592 1058 1641 regionis

399 1650 558 1699 indoles,
582 1651 737 1702 qualem
756 1650 817 1686 vel
838 1649 1056 1684 recentioris

398 1709 528 1745 aetatis
542 1708 613 1745 viri
632 1707 931 1758 peregrinatores
943 1703 1056 1751 docti,

399 1777 495 1817 quos
515 1776 627 1815 supra
649 1762 889 1800 laudavimus
904 1792 913 1809 ‚
945 1774 1058 1811 repe-

399 1828 541 1858 rerunt.
598 1820 734 1856 Merito
768 1820 883 1869 igitur
911 1819 1059 1868 Neptu-

398 1879 507 1915 nium
535 1890 630 1928 opus
663 1875 901 1927 praedicatur
931 1872 1060 1911 Thes-

399 1935 511 1982 salia,
532 1931 846 1985 quaudoquidem
868 1944 1061 1983 quoscun-

401 2005 476 2044 que
497 1998 619 2028 terrae
648 1997 786 2036 motus,
809 1988 974 2035 diluvia,
1003 1988 1063 2023 in-

402 2047 647 2094 undationes,
677 2047 882 2082 fluminum
912 2057 954 2081 ac
976 2057 1062 2080 ma-

404 2106 453 2141 ris
483 2099 706 2154 ἐκρήγματα
747 2104 926 2152 Neptuno
953 2107 1062 2137 vete-

404 2174 490 2197 rum
500 2161 627 2196 tribuit
647 2160 872 2209 superstitio,
894 2159 959 2208 qui
973 2157 1062 2193 hinc

403 2211 670 2268 Ἐνοσίγαιος,
699 2213 1063 2264 Ἐνοσίχθων,Σει-

406 2273 572 2322 σι’χθων,
600 2271 860 2320 Κινησίχθων
892 2270 1062 2320 appella-

406 2329 533 2366 batur:
567 2339 664 2379 quae
685 2328 813 2362 omnia
835 2325 896 2362 dei
916 2338 1063 2375 cogno-

405 2386 511 2422 mina
532 2383 579 2420 ad
598 2382 696 2419 hanc
716 2386 835 2433 ipsam
867 2383 945 2418 eius
974 2395 1062 2431 spe-

407 2448 509 2479 ctant
537 2441 616 2477 vim
646 2452 689 2476 ac
711 2445 956 2490 potestatem,
987 2436 1063 2488 qual

406 2499 494 2535 talia
514 2499 551 2533 iu
574 2494 708 2532 natur&
732 2495 881 2530 efficere
903 2494 1065 2544 putaba-

407 2562 478 2591 tur.
537 2553 621 2590 vid.
643 2551 754 2590 Diod.
778 2551 860 2597 XV,
881 2551 944 2591 49.
968 2552 1065 2585 Am-

410 2612 526 2647 mian.
556 2609 721 2646 Marcell.
744 2608 862 2654 XVII,
895 2609 919 2647 8
949 2607 1064 2656 (quae

411 2667 534 2704 attulit
567 2665 819 2715 Wesseling.)
862 2670 898 2699 et
919 2664 1067 2713 potissi-

410 2733 520 2760 mum
555 2724 732 2760 Creuzer.
760 2723 799 2757 in
831 2720 1005 2771 Symbol.
1034 2721 1068 2755 ΙΙ

410 2792 498 2831 pag.
520 2778 614 2821 595.
644 2779 877 2815 Meletemm.
907 2778 922 2812 1
943 2789 979 2826 p.
1003 2777 1071 2816 32.

414 2836 590 2873 Cernitur
620 2842 749 2872 autem
781 2832 854 2871 hoc
879 2845 927 2870 ex
947 2834 1071 2869 Hero-

597 1014 684 1057 ἔστι
711 1011 796 1068 γὰρ
831 1016 1013 1068 σεισμοῦ
1041 1011 1183 1067 ἔργον,
1215 1007 1275 1060 ὥς
1304 1007 1401 1064 ἐμοὶ
1430 1005 1633 1062 ἐφαίνετο
1663 1000 1718 1047 εἴ·

1113 1192 1194 1231 doti
1224 1193 1310 1229 loco
1347 1189 1415 1240 (ut
1444 1190 1542 1226 bene
1561 1192 1694 1224 monet
1712 1187 1776 1223 lii-

1112 1263 1192 1301 ger.
1213 1251 1382 1286 Dissertt.
1404 1243 1575 1283 Herodd.
1596 1256 1685 1294 pag.
1701 1243 1773 1293 82)

1113 1305 1281 1344 studium
1311 1305 1451 1340 altioris
1472 1313 1600 1338 rerum
1626 1299 1776 1336 divina-

1114 1376 1202 1400 rum
1221 1362 1463 1412 cognitionis,
1521 1359 1656 1409 Neque
1672 1357 1776 1393 enim

1115 1421 1178 1456 ille
1207 1421 1246 1456 in
1284 1419 1389 1467 vulgi
1418 1414 1681 1452 traditIOnibus
1712 1425 1778 1449 ac-

1116 1478 1271 1529 quievit,
1293 1474 1360 1513 sed
1376 1474 1549 1510 altiorem
1567 1483 1697 1508 rerum
1718 1468 1779 1507 di-

1115 1535 1294 1570 vinarum
1345 1531 1604 1581 cognitionem
1646 1527 1777 1579 requi-

1115 1604 1201 1626 rens
1215 1590 1369 1626 ulterius
1389 1585 1631 1639 progreditur
1649 1585 1690 1620 in
1703 1596 1777 1620 na-

1115 1655 1241 1683 turam
1273 1645 1512 1695 singulorum
1554 1640 1715 1678 deorum
1740 1645 1778 1676 et

1112 1705 1193 1740 vim
1234 1703 1452 1753 inquirens,
1500 1697 1568 1736 sed
1607 1698 1778 1734 maxima

1114 1761 1236 1796 ubivis
1279 1757 1447 1795 adhibita
1473 1756 1662 1793 cautione.
1719 1753 1778 1790 Cf.

1113 1817 1182 1864 IX,
1205 1815 1271 1856 65.

1173 1870 1368 1923 Βοιβηΐδα
1387 1864 1549 1919 λίμνην]
1582 1867 1690 1903 Unus
1711 1877 1779 1902 co-

1117 1928 1193 1966 dex
1224 1926 1444 1978 Βουβηΐδα.
1505 1923 1616 1962 conf.
1638 1922 1778 1961 Strabo

1117 1987 1143 2023 l.
1184 1987 1208 2023 1.
1256 1992 1292 2021 et
1324 1984 1380 2019 XI
1417 1995 1506 2033 pag.
1535 1982 1617 2021 802
1656 1980 1705 2016 D.
1746 1991 1780 2016 s.

1118 2056 1156 2093 p.
1179 2043 1274 2082 530.
1305 2041 1362 2076 IX
1391 2053 1430 2090 p.
1458 2040 1537 2079 673
1559 2037 1650 2073 C.s.
1681 2032 1775 2075 441·

1119 2100 1280 2150 Scymn.
1313 2095 1385 2136 Ch.
1415 2097 1521 2142 611,
1552 2094 1618 2145 qui
1638 2093 1776 2139 lacum,

1120 2168 1236 2207 quem
1268 2151 1503 2204 profundum
1538 2162 1616 2186 esse
1636 2154 1776 2197 narrat,

1120 2211 1168 2248 ad
1202 2212 1296 2248 Pelii
1330 2209 1468 2246 montis
1497 2205 1640 2242 radices
1658 2206 1778 2255 ponit.

1119 2270 1204 2304 Non
1234 2269 1347 2316 longe
1379 2278 1400 2300 a
1429 2261 1562 2299 Pheris
1582 2259 1776 2298 Thessali-

1119 2326 1170 2361 cis
1191 2322 1238 2359 ad
1257 2321 1555 2372 septentrionem
1567 2317 1778 2365 lacum‚cui

1119 2379 1303 2430 oppidum
1323 2378 1448 2427 Βοίβη
1471 2374 1646 2423 admouit,
1661 2387 1778 2428 quae-

1120 2438 1167 2473 rit
1199 2437 1388 2471 Mannert.
1419 2433 1486 2469 Vll
1507 2445 1545 2482 p.
1568 2431 1660 2473 588.
1717 2430 1776 2468 Ab

1122 2494 1267 2529 oriente
1283 2487 1671 2541 Cynoscephalarum‚
1691 2488 1776 2524 loco

1122 2550 1170 2586 ob
1200 2561 1371 2599 pugnam
1396 2546 1655 2593 celeberrimo,
1676 2545 1778 2581 Boe-

1122 2605 1217 2642 bidis
1237 2606 1365 2642 lacum
1394 2601 1518 2639 adhuc
1549 2601 1702 2652 reperiri
1720 2600 1791 2651 le?

1123 2664 1249 2713 gimus
1270 2659 1372 2712 apud
1400 2657 1684 2696 Vaudoncourt.
1705 2656 1730 2697 Ι.
1749 2640 1806 2693 l.'*

1124 2733 1162 2770 p.
1184 2717 1278 2760 354.
1337 2718 1402 2754 Tu
1424 2715 1525 2753 cons.
1544 2712 1730 2752 Dodwell.
1750 2711 1778 2748 l.

1125 2776 1151 2814 1.
1172 2788 1210 2826 p.
1234 2777 1314 2816 177
1325 2786 1431 2825 seqq.
1450 2773 1582 2809 Ritter.
1602 2767 1777 2808 vorhalle

1127 2838 1200 2869 etc.
1219 2845 1258 2882 p.
1279 2829 1372 2872 434.
