1815 3181
47 307 112 326 rum
133 298 239 330 frater,
258 296 299 330 [3,

46 332 196 366 1421434
216 339 300 365 prae-

45 408 100 427 cur
117 399 188 426 inas
215 397 319 424 civita-

45 438 92 461 tes
108 430 272 467 subegerit.

373 177 427 216 42

781 171 1235 207 HERODOTI

375 283 447 327 καὶ
469 281 726 338 ἐμαχέσαντο
757 274 819 332 εὐ,
849 280 921 323 καὶ
946 277 1215 335 ἀμυνόμενοι
1245 276 1328 321 dvo}
1357 277 1514 333 χρόνον
1542 278 1634 323 ἐκα-

45 366 155 394 flentur.
203 366 318 392 omnes
347 349 601 405 Ξκεόθησαν
631 353 743 391 τοῖσι
767 348 811 391 δὲ
835 351 1058 400 περιεοῦσι
1076 346 1223 390 αὐτῶν
1245 347 1288 389 οἱ
1308 344 1475 400 Πέρσαι
1497 347 1634 402 ὕπαρ·
1647 354 1691 388 75

378 435 456 473 χον
485 418 678 461 ἐπιστᾶσι
706 415 990 472 Λυκάρητον,
1029 415 1108 459 τὸν
1135 414 1422 483 Μαιανδρίου
1451 419 1531 458 τοῦ
1561 418 1635 470 βα-

378 484 656 534 σιλεύσαντος
687 482 845 539 Σάμου
873 481 1098 539 ἀδελφεόν.
1148 477 1278 532 οὗτος
1315 481 1338 525 ὁ
1375 482 1636 538 Λυκάρητος

377 569 521 609 αρχων
550 552 596 595 ἐν
620 550 807 610 Λήμνῳ,
840 555 1048 608 τελευτᾷ.)
1112 552 1234 607 Αίτίη
1265 550 1311 593 δὲ
1339 549 1503 593 τούτου
1535 550 1635 605 ἥδε·

352 621 550 670 3πάντας
579 617 920 674 ἠνδραποδίζετο
953 618 1025 662 καὶ
1047 619 1380 673 κατεστρέφετο·
1411 617 1516 669 τούς
1545 618 1638 674 μὲν,

378 688 702 743 λειποστρατίης
731 687 799 730 ἐπὶ
829 686 1018 738 Σκύθας
1048 686 1324 742 αἰτιώμενος,
1358 685 1460 736 τούς
1489 684 1547 737 δὲ,
1580 686 1640 728 σί-

376 763 530 802 νεσθαι
566 755 645 798 τόν
675 757 868 810 Δαρείου
909 754 1095 810 στρατὸν
1139 752 1224 797 ἀπὸ
1253 753 1472 797 Σκυθέων
1500 750 1639 796 ὀπίσω
1651 759 1697 793 80

378 823 762 880 ἀποκομιζόμενον.
809 817 940 874 οὗτος
969 823 1049 878 μέν
1079 839 1165 866 νυν
1196 826 1388 866 τοσαῦτα
1419 819 1640 877 ἐξεργάσα-

377 910 426 936 το
459 891 769 949 στρατηγήσας.

324 1076 520 1120 tamquam
532 1066 751 1117 interposita
764 1065 812 1103 ad
823 1079 905 1102 rem
917 1079 983 1102 ac-

325 1126 488 1161 curatius
500 1122 871 1175 explicaudam‚cum
884 1135 982 1174 quae

324 1188 557 1233 sequuntur:
618 1179 724 1230 αἰτίη
755 1177 797 1217 δὲ
839 1176 982 1218 τούτου

324 1234 397 1288 «ἥδε
416 1251 496 1274 non
508 1237 556 1274 ad
565 1239 797 1288 Lycaretum
814 1242 984 1286 spectent

326 1298 481 1346 eiusque
501 1308 579 1341 res,
601 1292 667 1330 sed
688 1292 735 1329 ad
758 1294 921 1329 Otanem
947 1299 983 1328 et

326 1351 374 1388 ad
395 1365 455 1398 ea,
480 1364 577 1403 quae
607 1363 690 1400 cap.
711 1350 841 1386 XXVI
862 1362 983 1399 expo-

325 1409 394 1446 sita
428 1415 527 1445 sunt.
584 1405 860 1444 Valckenaerio
881 1419 984 1442 non-

326 1466 431 1501 nulla
463 1478 512 1501 ex
538 1465 618 1515 ipso
648 1470 759 1500 textu
799 1462 982 1500 excidisse

327 1521 564 1559 videbantur.
649 1518 843 1572 Equidem
880 1518 984 1555 haud

327 1580 403 1615 scio
436 1591 484 1614 an
512 1576 607 1614 haec
635 1578 764 1613 omnia
793 1578 839 1613 ab
860 1578 985 1613 Hero-

327 1634 416 1672 doto
448 1648 542 1686 opus
572 1647 687 1671 suum
724 1634 916 1684 relegente
949 1639 984 1669 et

330 1698 553 1728 retractante
592 1691 732 1727 fuerint
762 1690 908 1727 adiecta
948 1696 985 1726 et

329 1749 480 1800 reliquis
510 1748 633 1785 verbis
670 1748 911 1798 interposita,
945 1753 987 1782 ut

329 1808 407 1842 iam
438 1807 649 1841 orationem
668 1805 790 1854 ipsam
810 1802 986 1841 nonnihil

328 1863 424 1899 turb
417 1875 478 1898 ire
498 1861 710 1899 videantur.

383 1940 449 1980 καὶ
471 1938 706 1991 ἐμαχέσαντο
730 1932 812 1987 εὖ]
855 1939 986 1976 Vocu-

330 2002 387 2036 iae
410 1992 453 2036 εὖ
470 1999 520 2033 ita
551 1998 778 2047 postpositae
810 1996 987 2046 exempla

330 2054 519 2112 quaedam
540 2055 646 2090 attuli
667 2053 715 2089 ad
735 2054 800 2100 HI,
823 2052 898 2093 55:
922 2053 988 2088 ubi

332 2110 436 2164 quod
467 2114 508 2149 εὐ
533 2109 673 2156 delevi,
694 2123 826 2147 v·e1eor
853 2116 896 2145 ut
926 2122 989 2144 re-

333 2176 392 2205 cte
413 2168 580 2203 fecerim.
639 2168 814 2218 Namque
836 2166 989 2202 inveni—

335 2234 394 2263 tur
423 2225 586 2261 crebrius
615 2221 708 2259 haec
744 2222 880 2260 vocula
919 2234 990 2257 ex-

334 2290 456 2319 tremo
494 2282 577 2317 loco
614 2281 756 2330 posita:
796 2280 824 2326 I,
847 2277 914 2318 59.
943 2278 989 2322 V,

335 2340 388 2380 50
419 2340 501 2375 init.
532 2337 577 2383 V,
610 2338 662 2377 92
691 2338 727 2381 ξ.
759 2339 798 2376 6.
827 2335 891 2380 VI,
923 2336 988 2374 30.

336 2398 402 2437 39.
440 2395 517 2435 135
547 2393 633 2429 coll.
665 2395 756 2432 137.
786 2392 866 2437 VII,
897 2388 990 2430 134.

342 2454 428 2493 181.
441 2452 534 2491 236.
562 2444 989 2485 Add.1acobs.iulahn.

337 2515 373 2545 et
411 2505 575 2545 Seebod.
624 2505 776 2540 Annall.
816 2503 990 2553 Suppl.1

338 2565 484 2614 (1832)
498 2576 583 2613 pag·
606 2560 685 2602 334
708 2568 744 2597 et
764 2559 811 2596 ad
840 2560 989 2595 Aelian.

338 2623 384 2657 Ν.
415 2622 460 2657 Α.
501 2620 602 2666 XVI,
636 2620 701 2658 16.
768 2617 825 2652 Ac
861 2616 991 2652 similis

340 2678 570 2727 significatus
617 2673 839 2711 adverbium
878 2672 990 2709 simili

342 2708 457 2771 mnodo
479 2732 713 2784 postponitur
733 2728 834 2780 apud
852 2726 992 2765 Herod.

343 2792 422 2837 Vll,
447 2793 544 2831 139:
587 2786 863 2840 μουνωθέντες
882 2782 992 2825 δὲ-

1040 1062 1253 1105 ἀπέθανον
1288 1063 1566 1115 γενναίως-ς
1614 1062 1696 1110 VII,

1043 1125 1148 1163 170·
1229 1116 1439 1160 ἀπέθανον
1494 1119 1699 1172 τρισχίλιοι

1040 1193 1184 1218 ουτω.

1095 1241 1345 1297 οἷμυνόμενοι
1365 1240 1442 1283 civo?
1455 1239 1601 1294 χρόνον
1611 1241 1699 1281 ἐκα-

1038 1298 1095 1341 κώ
1103 1303 1260 1352 θησαν]
1301 1302 1593 1338 Distinctionem
1612 1305 1700 1335 ante

1041 1355 1117 1397 α’νά
1138 1354 1283 1411 χρόνον
1302 1358 1418 1408 vulgo
1429 1357 1592 1408 positam
1609 1368 1697 1392 cum

1041 1416 1158 1453 Gaisf.
1193 1415 1344 1462 sustuli,
1386 1427 1476 1451 cum
1512 1412 1606 1449 haee
1628 1425 1700 1449 an·-

1040 1471 1231 1510 tecedeuti
1282 1472 1400 1508 verbo
1453 1464 1701 1521 ἀμυνόμενοι

1041 1528 1184 1566 adstrui
1212 1528 1376 1566 debeant
1389 1557 1398 1574 ,
1436 1526 1540 1563 hunc
1560 1526 1639 1563 fere
1659 1526 1700 1562 iu

1040 1585 1224 1623 modum:
1255 1585 1432 1632 Lemnii,
1466 1596 1531 1634 per
1552 1582 1701 1633 aliquod

1040 1647 1173 1693 tempus
1215 1645 1432 1689 resistentes,
1488 1640 1579 1677 male
1621 1639 1701 1676 dein

1043 1701 1195 1737 tractati
1219 1713 1247 1737 s.
1275 1711 1410 1747 magna
1429 1696 1537 1747 sacta
1553 1694 1702 1733 iactura

1044 1770 1087 1794 ecc
1104 1756 1241 1823 proelio
1261 1755 1502 1792 discesserunt.
1563 1754 1621 1789 De
1641 1753 1701 1788 lo-

1044 1815 1198 1851 cutione
1215 1808 1292 1851 α’να
1310 1807 1457 1863 χρόνον
1479 1810 1582 1847 conf.
1603 1815 1700 1845 nott.

1045 1870 1094 1907 ad
1119 1871 1149 1918 I,
1185 1872 1275 1910 173.
1316 1869 1446 1918 Viger.
1475 1879 1565 1918 pag.
1605 1864 1702 1907 575-

1042 1900 1169 1964 Mimis
1199 1932 1372 1963 accurate
1401 1920 1703 1973 Schweighaeu—

1042 1997 1145 2022 serus
1156 1985 1206 2020 ita
1220 1984 1509 2033 interpretatur:
1541 1978 1707 2028 „Lemnii

1044 2043 1157 2090 igitur
1170 2039 1317 2090 fortiter
1344 2038 1482 2089 quidem
1501 2039 1703 2087 pugnantes

1044 2099 1326 2144 resistentesque,
1369 2094 1419 2130 acl
1445 2096 1702 2130 extremum

1045 2154 1146 2190 male
1177 2158 1265 2189 sunt
1292 2150 1424 2200 affecti.
1429 2150 1456 2169 “
1510 2150 1568 2185 De
1594 2146 1701 2185 Mae-

1046 2209 1171 2247 andrae
1211 2221 1254 2244 ac
1284 2206 1333 2244 L
1321 2210 1464 2258 scareto
1502 2205 1604 2242 conf.
1634 2204 1701 2250 111,

1048 2262 1464 2306 142.143.V·e1bum
1495 2256 1703 2311 ἐφιστάναι

1046 2321 1108 2358 hic
1144 2321 1244 2358 valet
1276 2320 1486 2370 praeficere,
1526 2325 1568 2355 ut
1599 2315 1701 2369 apud

1046 2380 1209 2415 Pausan.
1230 2378 1296 2425 111,
1319 2380 1343 2418 6
1366 2377 1402 2421 ξ.
1425 2380 1472 2423 2,
1503 2375 1570 2412 ubi
1588 2381 1702 2411 nota-

1046 2436 1100 2472 vit
1121 2435 1292 2471 Siebelis.

1103 2497 1224 2541 ὀπίσω
1242 2496 1602 2551 ἀποκομιζόμενον]
1622 2499 1700 2534 Lo-

1047 2559 1240 2595 cutionem
1267 2559 1458 2608 attigimus
1479 2554 1528 2593 ad
1546 2556 1611 2601 ΙΙΙ,
1636 2556 1700 2594 16.

1048 2614 1151 2652 Add.
1172 2616 1234 2662 vl,
1256 2614 1323 2656 45.
1347 2617 1439 2654 116.
1467 2610 1557 2653 135.
1577 2611 1702 2657 V‚67·

1048 2673 1103 2711 92
1124 2673 1161 2717 §-
1182 2675 1220 2712 3-
1241 2670 1308 2711 94
1330 2672 1396 2711 98.
1455 2669 1581 2720 Atque
1600 2665 1703 2703 haud

1049 2729 1125 2765 scio
1147 2741 1195 2764 an
1218 2726 1291 2764 huc
1301 2739 1454 2779 quoque
1466 2725 1700 2792 pertineant:

1051 2786 1094 2829 V,
1123 2786 1200 2826 96:
1240 2782 1527 2823 καταδέκεσθαι
1557 2776 1702 2827 ὄπίσως
