1851 3181
128 336 216 373 pueri
241 344 260 362 a
277 333 383 362 Persis

127 371 189 398 u'vi
207 369 331 397 defossi:
352 376 401 395 cu·

126 404 175 432 ius
193 401 386 438 superstitio-

127 438 176 466 nis
194 436 341 464 Persicae

129 505 270 534 affertur.

455 226 539 265 60}

862 211 1320 253 HERODOTI

460 333 569 377 ἄλλα
606 328 746 374 πολλὰ
783 325 894 381 πρὸς
931 323 1151 371 τούτοισι,
1181 321 1228 364 ἐν
1255 319 1402 362 Ἐννέα
1424 316 1592 360 Ὁδοῖσι
1624 316 1776 371 τῇσιΊο

456 399 664 444 Ἠδωνῶν
694 395 956 451 ἐπορεύοντο
980 390 1090 435 κατὰ
1120 389 1196 440 τὰς
1224 386 1440 444 γεφύρας,
1475 384 1552 429 τὸν
1580 386 1721 435 Στρυ-

127 471 212 499 ³¹³¹¹d
231 469 404 505 exemplum
433 468 583 525 Ξμόνα
613 463 815 519 εὑρόντες
846 460 1113 516 ἐζευγμένον.
1166 455 1316 500 Ἐννέα
1354 454 1400 499 δὲ
1423 452 1588 502 Ὃδοὺς
1616 465 1722 492 πυν-

463 534 704 588 θανόμενοι
732 531 811 574 τόν
841 533 986 586 χῶρον
1015 531 1172 571 τοῦτον
1199 523 1444 568 καλέεσθαι,
1486 517 1725 566 τοσούτους

462 604 510 648 ἐν
559 599 678 657 αὐτῷ
715 597 876 648 παῖδας
913 612 958 639 τε
996 595 1071 639 καὶ
1111 591 1362 647 παρθένους
1418 587 1595 642 ἀνδρῶν
1635 588 1724 628 τῶν

434 671 713 727 3ἐπιχωρίων
754 665 941 720 ζώοντας
979 661 1279 718 κατώρυσσον.

411 884 460 920 cis
480 887 517 917 et
537 891 651 930 aquae
671 877 817 914 cultum
832 873 894 911 hic
909 872 1069 911 indicari

410 941 455 977 sit
471 935 663 974 credibile.
686 934 786 980 Quin
800 931 939 969 Rhode
960 931 1069 976 (Hei-

409 997 478 1046 lig.
503 995 604 1044 Sage
626 999 698 1029 etc.
719 1005 756 1042 p.
779 989 878 1038 512)
911 1000 1069 1025 omnem

411 1050 596 1089 Herodoti
616 1049 874 1086 narrationem
892 1058 998 1082 mere
1022 1045 1070 1079 fi-

410 1117 512 1147 ctam
533 1120 612 1144 esse
631 1106 772 1152 statuit,
790 1116 908 1155 quam
927 1100 976 1138 ad
994 1102 1072 1137 Mi-

411 1166 519 1203 thrae
551 1176 688 1201 arcana
716 1167 885 1213 spectare
915 1159 1073 1195 arbitra-

413 1219 706 1270 turlGrotefend.
726 1219 768 1255 in
788 1214 959 1254 Amalth.
978 1217 1014 1251 II
1032 1228 1070 1265 p.

415 1279 510 1321 105.
566 1279 616 1314 Et
643 1289 733 1314 sane
753 1275 862 1311 altius
892 1271 985 1324 quid
1015 1270 1072 1308 his

414 1335 624 1382 contineri,
645 1331 758 1370 valde
788 1337 842 1368 est
862 1329 1072 1381 probabile.

420 1393 493 1430 Cr.
524 1390 626 1429 adh.
648 1391 673 1427 l.
704 1388 867 1426 conferri
886 1387 968 1424 vult
990 1385 1073 1421 Van

414 1451 551 1501 Iperen
580 1449 638 1484 De
667 1447 779 1483 sacris
798 1444 1012 1480 fluvialibus
1033 1443 1073 1478 in

414 1503 596 1543 Biblioth.
618 1506 767 1554 Hagan.
783 1502 898 1539 Class.
918 1499 984 1548 IV,
999 1502 1018 1538 1
1033 1511 1072 1550 p.

418 1564 498 1604 114
519 1576 598 1614 seq.

475 1651 517 1692 ἓν
526 1647 674 1691 Ἐννέα
686 1648 841 1689 Ὃδοῖσι
852 1640 1077 1700 τῇσιἨδω-

418 1710 518 1757 νῶν]
541 1711 632 1763 τῇσι
656 1721 676 1744 e
696 1706 888 1744 Sancrofti
907 1703 1002 1740 libro
1013 1714 1078 1737 re-

418 1773 574 1817 ceptum
601 1778 670 1816 pro
705 1767 818 1802 τοῖσι.
877 1762 1004 1812 Atque
1025 1758 1077 1794 sic

420 1823 619 1874 aliquoties
649 1819 752 1872 apud
773 1816 1010 1855 Herodotum
1029 1815 1080 1850 li·-

420 1881 532 1917 brarii
554 1879 638 1915 voci
667 1874 758 1923 ὁδὸς
781 1874 981 1912 masculini
1009 1884 1081 1922 ge-

418 1938 517 1973 neris
538 1936 740 1972 articulum
755 1942 1018 1984 praeposuere,
1039 1933 1083 1964 ut

418 1996 467 2040 11,
499 1993 565 2034 35-
590 1995 657 2033 80.
715 1989 778 2027 Ad
809 1992 1083 2038 argumentum

419 2051 493 2087 loci
514 2050 614 2086 conf.
629 2045 851 2099 Thucydid.
866 2047 895 2094 1,
911 2046 1002 2084 100.
1014 2041 1081 2089 IV,

424 2110 517 2148 102.
542 2108 619 2146 108
641 2106 770 2156 ibique
789 2104 924 2153 Poppo
945 2101 974 2147 Ι,
996 2101 1023 2139 2
1041 2111 1082 2148 p.

423 2161 504 2203 348
525 2176 631 2212 seqq.
661 2163 851 2197 Mannert.
872 2160 1014 2207 Geogr.
1043 2154 1082 2192 d.

423 2220 490 2256 Gr.
511 2232 550 2254 u.
571 2220 684 2254 Rom.
714 2217 785 2254 VII
813 2230 850 2267 p.
874 2217 954 2255 236
975 2225 1084 2263 seqq.

423 2274 612 2312 Videntur
651 2281 780 2310 autem
820 2270 955 2310 Novem
1001 2269 1086 2305 Viae

425 2345 505 2369 non
524 2339 603 2368 tam
623 2331 738 2377 urbis,
760 2341 877 2380 quam
911 2326 1089 2375 regionis,

426 2391 465 2425 in
498 2401 614 2440 quam
633 2387 778 2423 multae
803 2398 822 2420 e
845 2383 998 2420 diversis
1028 2382 1089 2417 lo·-

430 2447 482 2483 cis
502 2444 722 2482 confluxere
747 2443 844 2488 viae,
866 2451 1007 2475 nomen
1028 2438 1091 2473 in·-

431 2502 576 2548 dicare3
605 2513 696 2537 nain
716 2499 836 2536 insula
857 2497 927 2532 suit
948 2493 1092 2544 eStry-

430 2559 554 2595 monis
573 2558 739 2607 stagnosi
760 2563 795 2592 et
817 2552 865 2590 ad
885 2563 989 2589 mare
1000 2562 1091 2600 pro-

428 2615 615 2653 volventis
636 2611 797 2651 brachiis
826 2611 999 2653 formata,
1021 2605 1092 2642 ad-

430 2672 638 2709 iacentibus
686 2670 829 2720 campis
881 2662 1092 2702 admodum

431 2729 630 2766 fertilibus.
689 2727 796 2772 Quae
820 2723 942 2761 insula
970 2732 1094 2771 quan-

434 2793 518 2822 tum
537 2785 691 2830 valeret,
712 2795 802 2820 cum
818 2776 1018 2832 postmodo
1037 2777 1094 2812 in-

434 2842 663 2879 tellexissent
673 2838 936 2884 Athenienses,
946 2833 1094 2873 coloni·

1349 655 1567 714 Περσικὸν
1598 653 1644 698 δὲ
1672 652 1722 696 τό

1125 883 1187 907 am
1197 883 1241 908 eo
1258 868 1510 914 deduxerunt,
1524 858 1634 917 quae'
1652 865 1783 912 postea

1125 941 1193 979 per
1229 927 1374 964 bellum
1409 920 1784 973 Peloponnesiacum

1127 992 1240 1037 atque
1268 980 1564 1020 Macedonicum
1591 973 1702 1014 valde
1720 974 1784 1009 in-

1127 1043 1272 1088 claruit,
1292 1039 1450 1077 nomine
1465 1032 1694 1086 Amphipolis,
1715 1042 1785 1067 cu-
1836 1032 1848 1049 ³

1125 1100 1184 1135 ius
1204 1097 1380 1150 reliquias
1392 1093 1517 1132 adhuc
1531 1094 1717 1143 quaerunt
1736 1084 1786 1123 ad

1126 1157 1256 1194 vicum
1285 1152 1440 1191 Emboli.
1498 1147 1585 1186 Vid.
1608 1144 1786 1184 Voemel.

1128 1211 1176 1249 ad
1207 1208 1457 1249 Demosthen.
1484 1204 1652 1255 Philipp.
1671 1215 1710 1253 p.
1732 1201 1786 1241 32

1127 1282 1233 1321 seqq.
1265 1269 1333 1308 37.
1390 1266 1442 1302 At
1470 1265 1501 1301 si
1520 1272 1701 1314 quaeras,
1719 1268 1788 1293 cur

1127 1324 1240 1363 huius
1268 1325 1371 1360 urbis
1398 1329 1480 1359 tam
1511 1318 1676 1369 inclytae
1705 1315 1787 1350 He-

1128 1381 1285 1420 rodotus
1297 1380 1444 1417 nullam
1452 1376 1515 1414 hic
1530 1373 1661 1412 fecerit
1673 1383 1788 1408 men-

1128 1440 1286 1486 tionem,
1307 1434 1520 1474 tenendum
1540 1438 1607 1478 est,
1634 1428 1789 1466 illofere

1127 1503 1314 1547 tempore,
1335 1506 1412 1546 quo
1432 1487 1673 1541 Amphipolis
1693 1497 1789 1522 eon-

1131 1553 1210 1591 dita
1233 1549 1467 1604 perhibetur,
1487 1549 1512 1585 i.
1535 1560 1568 1583 e.
1590 1555 1690 1581 anno
1704 1540 1787 1582 437

1131 1623 1164 1648 a.
1188 1608 1277 1647 Chr.
1296 1622 1350 1655 n.‚
1371 1603 1610 1643 Herodotum
1630 1597 1790 1637 Graecia

1132 1667 1262 1704 relicta
1299 1666 1379 1700 iam
1413 1661 1582 1700 Thurios
1621 1656 1795 1700 cessisse3

1135 1721 1240 1775 quod
1274 1721 1391 1771 vulgo
1422 1722 1572 1769 ponunt
1601 1726 1691 1750 ann.
1714 1708 1797 1750 444

1137 1794 1171 1817 a.
1202 1777 1292 1816 Chr.
1332 1791 1371 1814 n.
1440 1773 1526 1811 vid.
1563 1769 1798 1807 Dahlmann.

1137 1834 1324 1873 Herodot.
1355 1847 1393 1884 p.
1415 1834 1494 1872 221
1514 1829 1600 1866 coll.
1621 1826 1688 1867 48.

1195 1908 1435 1966 ἐπορεύοντο
1455 1925 1480 1949 κ
1493 1924 1544 1948 ατ
1556 1904 1581 1947 0?
1603 1922 1625 1946 τ
1638 1902 1663 1945 οἳ
1678 1920 1698 1952 ς
1726 1917 1800 1956 γε·

1139 1968 1340 2023 φύρας]
1381 1970 1466 2006 Νοιι
1495 1966 1616 2003 valet:
1650 1974 1725 1999 vers
1751 1959 1801 1997 les

1133 2032 1238 2080 ponts
1251 2058 1260 2076 ,
1282 2034 1324 2063 ut
1345 2024 1469 2063 reddit
1487 2019 1690 2064 Larcher„
1727 2029 1802 2053 ne-

1140 2099 1215 2138 que
1233 2097 1293 2122 sur
1314 2084 1363 2121 les
1380 2085 1495 2132 ponts‚
1515 2091 1597 2129 par,
1624 2077 1648 2114 ὰ
1667 2079 1802 2112 trauers

1140 2143 1188 2180 les
1208 2144 1323 2193 ponts,
1352 2146 1396 2176 ut
1416 2137 1558 2175 Gailius
1576 2135 1802 2182 interpreta-

1139 2206 1214 2246 tur,
1243 2196 1310 2236 sed
1338 2196 1388 2233 ad
1417 2208 1447 2232 S.
1467 2196 1573 2230 iuxta
1590 2192 1712 2241 pontes
1725 2216 1735 2234 ‚
1757 2213 1769 2223 .
1789 2213 1800 2223 .

1143 2257 1392 2306 Strymonem
1412 2256 1528 2302 ponte
1547 2249 1707 2296 iungere
1728 2241 1803 2280 ‹lu-

1147 2311 1241 2349 dum
1270 2322 1339 2346 rex
1367 2309 1536 2353 iusserat,
1563 2309 1657 2340 teste
1677 2302 1803 2338 Hero-
1836 2295 1849 2309 ⁶

1146 2368 1235 2406 doto
1257 2366 1338 2413 VII,
1359 2363 1427 2404 24.

1205 2429 1402 2485 Περσικόν
1426 2428 1468 2470 δὲ
1488 2426 1532 2469 τό
1553 2424 1805 2476 ζώονταςκα·

1146 2488 1373 2542 τορύσσειν]
1396 2489 1430 2524 Α
1449 2483 1806 2531 Mediceo‚Floren-

1147 2550 1228 2586 tino
1249 2560 1291 2584 ac
1313 2545 1461 2583 duobus
1493 2543 1571 2579 aliis
1592 2537 1706 2578 codd.
1733 2535 1806 2574 hae

1147 2618 1260 2643 voces
1279 2615 1430 2655 prorsus
1451 2601 1601 2637 absunt.
1656 2593 1719 2632 Ad
1745 2605 1805 2630 ar-

1148 2667 1377 2712 gumentum
1409 2657 1484 2696 loci
1512 2653 1614 2693 conf.
1640 2657 1736 2690 nott.
1757 2645 1807 2686 ad

1149 2719 1216 2766 111,
1247 2717 1313 2758 35.
1372 2715 1477 2761 Quae
1507 2711 1676 2763 sequitur
1703 2701 1824 2757 apud·

1150 2772 1390 2812 Herodotum
1412 2770 1460 2808 de
1483 2767 1647 2807 Amestri
1674 2773 1804 2800 narra-

1150 2832 1218 2880 tio,
1239 2827 1443 2869 Plutarcho
1472 2836 1625 2879 quoque
1655 2817 1806 2858 exhibi-
