1815 3181
415 161 471 199 48
821 156 1281 194 HERODOTI

290 269 352 313 31
493 264 775 320 Ἀπικόμενος
799 265 844 308 δὲ
867 264 890 307 ὁ
918 262 1224 323 Ἀρισταγόρης
1245 267 1287 318 ἐς
1305 266 1383 318 τοὶς
1402 265 1586 320 Σάρδις,
1614 266 1733 310 ass-40

87 343 271 405 Arggggnerffi
291 352 361 404 355]
418 351 484 390 γει
504 333 615 387 πρὸς
640 332 717 376 τὸν
734 331 1037 388 Ἀρταφέρνεα,
1059 332 1117 386 ὦς
1140 335 1289 387 Νάξος
1308 336 1372 390 εἴη
1392 338 1526 391 νῆσος
1547 333 1676 390 μεγά-

86 420 327 506 ἐιιςιὲιηξῗιιιίζὲω
417 408 489 445 θεῖ
516 403 593 456 μὲν
622 399 675 443 οὐ
705 399 884 455 μεγάλη,
934 399 1075 451 ἄλλως
1106 402 1151 445 δὲ
1183 401 1295 459 καλή
1333 419 1377 446 τε
1408 403 1481 446 καὶ
1515 400 1676 457 ἀγαθὴ,

86 488 134 540 aa
105 484 174 539 aeuffi
177 487 315 539 rasffiffin
302 479 361 538 Cly·
389 468 492 512 Ξκαὶ
524 466 659 522 ἀγχοῦ
684 466 864 524 Ἰωνίης·
905 466 1104 523 χρήματα
1135 469 1180 512 δὲ
1211 470 1274 513 ε’νι
1305 469 1470 522 πολλοὶ,
1500 471 1574 513 καὶ
1605 487 1678 514 αν-

85 547 264 613 il‘nnrgareu111t
266 520 358 606 ᾖξᾷῑ
417 535 630 591 δραποδα.
689 568 711 587 ,,
705 535 788 584 ,Σύ
827 538 888 579 ὠν
919 536 986 579 ἐπὶ
1014 535 1179 592 ταύτην
1215 537 1296 593 τήν
1324 537 1469 593 χώρην
1500 550 1677 595 στρατη-
1688 541 1734 579 45

409 605 580 658 „Mitem
621 602 824 659 κατάγων
849 603 893 654 ἐς
923 602 1063 659 αυτὴν
1091 603 1196 656 τούς
1226 603 1429 660 φυγάδας
1457 606 1500 658 ἐξ
1530 605 1677 662 αυτῆς.

415 673 513 726 „nai
552 673 620 715 τοὶ
656 675 794 731 ταῦτα
824 671 1077 727 ποιήσαντι,
1118 677 1248 716 τοῦτο
1287 672 1366 728 μέν
1396 672 1484 715 ἐστι
1525 672 1676 730 ἑτοῖμοι

414 739 550 795 ,,παρ’
581 740 677 795 ἐμοὶ
704 738 899 795 χρήματα
919 739 1082 796 μεγάλοι
1108 739 1243 794 πάρεξ
1262 745 1350 784 τῶν
1380 738 1678 797 ἄναισιμωμοῖ·

417 825 532 861 ,,των
561 812 614 865 τῇ
646 812 846 864 στρατιῇ’
877 812 1013 851 ταῦτα
1039 808 1118 863 μὲν
1141 808 1224 864 γὰρ
1246 809 1393 852 δίκαια
1410 806 1543 865 ἡμέας
1571 808 1676 860 τούς

413 878 628 932 νᾶγοντας
658 875 882 931 παρέχειν·
922 880 1053 920 τοῦτο
1085 877 1155 928 δὲ,
1195 877 1358 932 νήσους
1386 876 1676 933 προσκτήσεαι

414 947 632 1002 ,.,βασιλε”ι’,
674 942 811 1000 αὐτήν
840 960 884 988 τε
914 944 1091 997 Νάξον,
1131 945 1204 988 καὶ
1234 944 1311 996 τὰς
1339 944 1386 988 ἐκ
1415 943 1575 1001 ταύτης
1605 943 1733 1001 η’ρ-50

414 1014 645 1070 ,,τημένας,
678 1011 835 1066 Πάρον
857 1029 921 1060 τε,
954 1014 1027 1056 καὶ
1045 1013 1255 1066 Ἄνδρον,
1297 1013 1371 1056 καὶ
1404 1012 1561 1063 ἄλλας,
1599 1010 1678 1064 τὰς

385 1080 680 1134 3,,Κυκλάδας
726 1080 1004 1136 καλευμένας.
1057 1081 1262 1125 ἐνθεῦτεν
1303 1081 1348 1124 δὲ
1387 1079 1676 1137 ὁρμεώμενος,

417 1147 656 1201 ,,εὐπετέως
684 1148 911 1204 ἐπιθήσεαι
939 1146 1140 1205 Εὐβοίῃ,
1185 1147 1306 1206 νήσῳ
1335 1148 1498 1205 μεγάλῃ
1529 1164 1574 1191 τε
1603 1149 1678 1192 καὶ

413 1215 687 1273 ,,εὐδαίμονι,
730 1215 812 1260 οὐκ
853 1216 1055 1260 ἐλάσσονι
1083 1214 1295 1270 Κύπρου,
1336 1217 1409 1260 καὶ
1437 1215 1577 1272 κάρτα
1607 1214 1676 1261 εὖ·

413 1284 557 1340 ,,πετέἰ“
585 1286 829 1341 αἱρεθῆναι.
879 1282 1103 1341 ἀποχρῶσι
1133 1285 1178 1329 δὲ
1208 1284 1365 1329 ἑκατὸν
1393 1284 1488 1336 νέες
1516 1284 1677 1336 ταύτας

357 1479 453 1509 nott.
483 1471 530 1509 ad
564 1473 629 1519 ΠΙ,
661 1474 726 1511 13.
756 1469 858 1508 Add.
879 1471 925 1519 V,
947 1472 1015 1512 38.

359 1530 514 1580 Spectat
534 1541 623 1565 vero
645 1526 692 1564 ad
712 1526 788 1564 h.l.
809 1529 1016 1565 Broenste-

360 1585 412 1622 dii
432 1587 625 1622 annotatio
648 1585 775 1633 (Reise
795 1586 812 1620 I
827 1598 914 1635 pag.
929 1585 1014 1633 55),

359 1642 435 1694 qua
471 1642 572 1693 apud
617 1642 780 1678 Graecos
819 1640 1015 1678 historicos

359 1698 404 1738 αἱ
419 1701 535 1750 νῆσοι
554 1712 584 1735 s.
610 1697 651 1736 οἷ
663 1699 852 1748 νησιῶται
872 1697 919 1734 de
933 1699 1017 1734 exi-

357 1756 441 1806 guis
471 1753 681 1807 Cycladum
712 1755 842 1791 inquis
863 1768 1018 1791 earum-

358 1825 433 1864 que
443 1813 575 1849 incolis
587 1812 812 1863 plerumque
825 1813 1018 1862 accipian-

357 1876 440 1915 tur,
478 1876 520 1905 ut
550 1867 650 1919 apud
682 1867 824 1905 Herod.
854 1869 917 1916 VI,
949 1871 1017 1909 99.

357 1927 456 1972 VHI,
477 1925 545 1966 46.
566 1924 667 1961 Add.
688 1926 751 1972 VI,
766 1924 830 1964 95.
848 1927 914 1966 96.
934 1926 1016 1972 VII,

359 1981 426 2022 95.
438 2004 492 2008 —
512 1982 631 2018 Paulo
645 1988 728 2032 post
749 1976 915 2032 οὐδεμία
929 1981 1018 2018 dedi

357 2051 427 2088 pro
449 2039 552 2088 vulg.
586 2032 766 2088 οὕδεμίη.
824 2037 886 2074 Ad
906 2039 1018 2075 locu-

358 2095 504 2130 tionem
537 2090 639 2132 εἶναι
675 2089 758 2132 ’ὑπό
796 2108 874 2132 τινι
915 2095 1017 2130 conf.

357 2152 422 2198 111,
444 2150 498 2191 45
519 2151 647 2202 ibique
667 2156 763 2186 nott.
784 2150 908 2197 V‚96.
925 2153 1016 2190 103.

556 2239 648 2290 Cap.
669 2239 817 2275 XXXI.

416 2317 469 2366 ὥς
502 2313 637 2365 Νάξος
667 2316 727 2367 εἴη
753 2317 902 2367 νῆσος]
934 2317 1015 2354 Vo-

360 2388 445 2412 cem
492 2377 614 2426 νῆσος
667 2375 792 2424 plures
834 2375 1015 2410 omittunt

360 2431 495 2479 codd.3
543 2432 669 2468 minus
709 2431 825 2477 bene,
865 2431 1013 2480 opinor.

359 2487 422 2525 Ad
441 2488 555 2525 verba
575 2483 745 2538 μεγάθεϊ
771 2483 842 2536 μὲν
869 2482 919 2525 ου’
946 2501 1015 2536 με-

359 2541 460 2597 γάλη
483 2544 583 2582 conf.
603 2545 632 2589 1,
655 2542 722 2583 51.
754 2542 816 2590 IV,
842 2545 917 2583 191
940 2544 1015 2579 ibi-

361 2615 434 2654 que
465 2608 561 2638 nott.
617 2601 710 2636 Mox
742 2612 829 2635 cum
852 2606 1009 2636 recentt.

361 2658 465 2694 editt.
497 2656 607 2695 dedi:
651 2650 831 2707 χρήματα
868 2652 910 2694 δὲ
934 2654 1011 2703 ἕως

360 2715 445 2750 alii:
476 2710 656 2765 χρήματα
677 2707 710 2751 δ’
729 2711 805 2758 ἔνι,
837 2712 899 2747 alii
918 2708 1014 2763 χρή-

359 2786 460 2820 ματα
493 2768 534 2810 δὲ
574 2769 667 2821 ἔχει,
709 2767 812 2820 quod
843 2768 1013 2805 firmatur

1074 1470 1361 1523 quodammodo
1381 1469 1556 1508 Eustath.
1578 1469 1626 1507 ad
1635 1471 1732 1508 Dio-

1072 1542 1157 1580 nys.
1178 1529 1328 1579 Perieg.
1343 1528 1437 1576 525,
1459 1529 1525 1580 qui
1546 1527 1731 1565 Herodoti

1073 1583 1113 1622 h.
1144 1586 1170 1622 l.
1202 1592 1384 1636 tangens,
1413 1583 1528 1622 habet
1551 1580 1733 1637 χρήματα

1075 1640 1215 1692 ἔχουσα
1235 1638 1375 1681 πολλά.
1434 1642 1500 1679 Tu
1529 1641 1627 1678 conf.
1650 1643 1733 1678 He-

1071 1697 1155 1735 rod.
1175 1700 1205 1746 Ι,
1230 1701 1321 1739 181.
1346 1700 1439 1739 183.

1129 1758 1254 1794 ταῦτα
1274 1752 1345 1805 μὲν
1364 1752 1437 1807 γάρ
1453 1754 1533 1794 &in
1547 1753 1650 1803 αια]
1673 1753 1732 1794 δι’·
1764 1798 1770 1801 ,

1074 1827 1167 1852 καια
1196 1824 1244 1848 ex
1273 1811 1414 1848 Aldina
1443 1811 1575 1859 fluxit3
1605 1812 1732 1862 plures

1074 1868 1160 1907 cod.
1184 1868 1368 1908 δίκαιον.
1428 1869 1494 1905 Tu
1509 1867 1610 1904 conf.
1630 1868 1731 1916 VIII,

1077 1928 1169 1965 111.
1200 1926 1270 1972 IX,
1291 1928 1359 1966 22.
1388 1923 1610 1976 Thucydid.
1631 1925 1731 1972 VIII,

1078 1984 1156 2022 106
1177 1983 1270 2034 ibiq.
1291 1980 1458 2019 Duker.:
1491 1994 1589 2033 quae
1611 1981 1657 2018 ab
1668 1982 1733 2017 in-

1074 2040 1298 2088 terpretibus
1319 2038 1467 2075 dudum
1487 2039 1612 2086 allata,
1642 2038 1732 2089 plu-

1074 2095 1189 2142 ribus,
1212 2096 1243 2131 si
1264 2096 1460 2140 attineret,
1491 2095 1623 2144 augeri
1641 2107 1732 2144 pos-

1072 2157 1169 2187 sent.
1226 2152 1269 2186 In
1289 2163 1396 2202 seqq.
1418 2149 1466 2186 as]
1498 2146 1525 2200 η’
1541 2165 1562 2201 ρ
1575 2164 1595 2188 τ
1610 2165 1634 2200 η
1647 2167 1674 2201 μ
1687 2149 1732 2189 ε’-

1073 2220 1096 2245 ν
1109 2221 1162 2253 ας
1193 2206 1294 2243 conf.
1315 2208 1344 2254 I,
1377 2206 1454 2247 125
1483 2207 1613 2258 ibique
1632 2214 1730 2244 nott.

1070 2263 1128 2298 De
1160 2263 1375 2313 Cycladibus
1405 2263 1544 2300 excitat
1570 2264 1732 2300 Wesse-

1071 2319 1162 2369 ling.
1184 2318 1427 2356 Eustathium
1456 2320 1481 2356 l.
1502 2320 1527 2356 1.
1550 2319 1731 2358 Strabon-

1070 2376 1109 2411 X
1130 2389 1167 2426 p.
1189 2375 1270 2417 485
1291 2390 1320 2413 s·
1342 2376 1423 2418 743
1443 2377 1490 2413 B.
1521 2377 1604 2422 Quo
1615 2389 1729 2414 sensu

1071 2431 1169 2468 infra
1189 2431 1334 2470 dicatur
1354 2435 1538 2484 νῆσος-
1554 2428 1609 2472 εὖ
1622 2433 1729 2473 δαί-

1071 2503 1097 2538 μ
1112 2503 1174 2527 ων
1188 2518 1197 2535 ,
1246 2496 1349 2540 patet
1390 2503 1410 2526 e
1449 2496 1546 2526 nott.
1585 2489 1634 2527 ad
1681 2490 1727 2537 V,

1071 2546 1109 2584 8.
1135 2547 1199 2585 18.

1129 2597 1283 2640 εὐπετέι·
1320 2601 1567 2653 αἱρεθῆναι]
1617 2601 1728 2652 αἰρε-

1070 2658 1200 2707 θῆναι
1234 2671 1254 2695 e
1274 2658 1387 2696 codd.
1409 2670 1595 2696 consensu
1614 2671 1728 2709 prae-

1071 2720 1184 2750 eunte
1197 2715 1313 2751 Gaisf.
1335 2716 1485 2766 reposui
1503 2727 1572 2766 pro
1592 2729 1728 2765 χειρω-

1069 2771 1219 2819 θῆναι,
1268 2771 1371 2823 quod
1402 2777 1486 2823 post
1513 2771 1729 2814 Wesseline
