<?xml version="1.0" encoding="UTF-8"?>
<!DOCTYPE html PUBLIC "-//W3C//DTD XHTML 1.0 Transitional//EN"
    "http://www.w3.org/TR/xhtml1/DTD/xhtml1-transitional.dtd">
<html xmlns="http://www.w3.org/1999/xhtml" xml:lang="en" lang="en">
 <head>
  <title>
</title>
<meta http-equiv="Content-Type" content="text/html;charset=utf-8" />
  <meta name='ocr-system' content='tesseract 3.04.00' />
  <meta name='ocr-capabilities' content='ocr_page ocr_carea ocr_par ocr_line ocrx_word'/>
</head>
<body>
  <div class='ocr_page' id='page_1' title='image "./musaeherodoto03hero/musaeherodoto03hero_0464.png"; bbox 0 0 1851 3181; ppageno 0'>
   <div class='ocr_carea' id='block_1_1' title="bbox 472 272 555 312">
    <p class='ocr_par' dir='ltr' id='par_1_1' title="bbox 472 272 555 312">
     <span class='ocr_line' id='line_1_1' title="bbox 472 272 555 312; baseline -0.012 0"><span class='ocrx_word' id='word_1_1' title='bbox 472 272 555 312; x_wconf 82' lang='lat'>452</span> 
     </span>
    </p>
   </div>
   <div class='ocr_carea' id='block_1_2' title="bbox 868 271 1330 308">
    <p class='ocr_par' dir='ltr' id='par_1_2' title="bbox 868 271 1330 308">
     <span class='ocr_line' id='line_1_2' title="bbox 868 271 1330 308; baseline 0.002 -1"><span class='ocrx_word' id='word_1_2' title='bbox 868 271 1330 308; x_wconf 85' lang='lat' dir='ltr'>HERODOTI</span> 
     </span>
    </p>
   </div>
   <div class='ocr_carea' id='block_1_3' title="bbox 463 372 1733 503">
    <p class='ocr_par' dir='ltr' id='par_1_3' title="bbox 463 372 1733 503">
     <span class='ocr_line' id='line_1_3' title="bbox 463 372 1730 435; baseline 0.002 -14"><span class='ocrx_word' id='word_1_3' title='bbox 463 395 568 430; x_wconf 68' lang='lat' dir='ltr'>„vat</span> <span class='ocrx_word' id='word_1_4' title='bbox 598 378 678 433; x_wconf 78' lang='grc' dir='ltr'><em>μὲν</em></span> <span class='ocrx_word' id='word_1_5' title='bbox 706 376 838 421; x_wconf 79' lang='grc' dir='ltr'><em>οὐδὲν</em></span> <span class='ocrx_word' id='word_1_6' title='bbox 864 372 1001 434; x_wconf 80' lang='grc' dir='ltr'><em>ἧσσον</em></span> <span class='ocrx_word' id='word_1_7' title='bbox 1030 373 1104 431; x_wconf 79' lang='grc' dir='ltr'><em>εὖ,</em></span> <span class='ocrx_word' id='word_1_8' title='bbox 1147 377 1329 422; x_wconf 78' lang='grc' dir='ltr'><em>ἕσσωται</em></span> <span class='ocrx_word' id='word_1_9' title='bbox 1371 379 1417 423; x_wconf 77' lang='grc' dir='ltr'>δὲ</span> <span class='ocrx_word' id='word_1_10' title='bbox 1446 378 1532 423; x_wconf 78' lang='grc' dir='ltr'>ὑπὸ</span> <span class='ocrx_word' id='word_1_11' title='bbox 1562 383 1638 435; x_wconf 82' lang='grc' dir='ltr'><em>τῆς</em></span> <span class='ocrx_word' id='word_1_12' title='bbox 1663 378 1730 424; x_wconf 86' lang='grc' dir='ltr'><em>τύ-</em></span> 
     </span>
     <span class='ocr_line' id='line_1_4' title="bbox 471 443 1733 503; baseline 0.002 -15"><span class='ocrx_word' id='word_1_13' title='bbox 471 464 571 502; x_wconf 64' lang='lat'>„2279</span> <span class='ocrx_word' id='word_1_14' title='bbox 600 445 649 489; x_wconf 80' lang='grc' dir='ltr'><em>τό</em></span> <span class='ocrx_word' id='word_1_15' title='bbox 680 444 923 501; x_wconf 83' lang='grc' dir='ltr'><em>βούλευμα·</em></span> <span class='ocrx_word' id='word_1_16' title='bbox 954 443 978 488; x_wconf 87' lang='grc' dir='ltr'>ὁ</span> <span class='ocrx_word' id='word_1_17' title='bbox 1009 446 1054 489; x_wconf 80' lang='grc' dir='ltr'>δὲ</span> <span class='ocrx_word' id='word_1_18' title='bbox 1084 447 1434 503; x_wconf 68' lang='grc' dir='ltr'><em>βουλευσάμενος</em></span> <span class='ocrx_word' id='word_1_19' title='bbox 1465 449 1663 503; x_wconf 79' lang='grc' dir='ltr'><em>αἰσχρῶς,</em></span> <span class='ocrx_word' id='word_1_20' title='bbox 1692 449 1733 491; x_wconf 79' lang='grc' dir='ltr'><em>εἴ</em></span> 
     </span>
    </p>
   </div>
   <div class='ocr_carea' id='block_1_4' title="bbox 471 509 1729 642">
    <p class='ocr_par' dir='ltr' id='par_1_4' title="bbox 471 509 1729 642">
     <span class='ocr_line' id='line_1_5' title="bbox 471 509 1729 642; baseline 0.002 -87"><span class='ocrx_word' id='word_1_21' title='bbox 471 515 541 564; x_wconf 83' lang='grc' dir='ltr'><em>,,οἷ</em></span> <span class='ocrx_word' id='word_1_22' title='bbox 567 512 594 569; x_wconf 86' lang='grc' dir='ltr'><strong><em>ἡ</em></strong></span> <span class='ocrx_word' id='word_1_23' title='bbox 624 511 741 569; x_wconf 85' lang='grc' dir='ltr'><strong><em>τύχη</em></strong></span> <span class='ocrx_word' id='word_1_24' title='bbox 759 513 993 566; x_wconf 79' lang='grc' dir='ltr'><strong><em>ἐπίσποιτο,</em></strong></span> <span class='ocrx_word' id='word_1_25' title='bbox 1001 512 1430 642; x_wconf 44' lang='lat' dir='ltr'>sssonyocljfflna</span> <span class='ocrx_word' id='word_1_26' title='bbox 1425 509 1561 571; x_wconf 79' lang='grc' dir='ltr'><em>ἧσσον</em></span> <span class='ocrx_word' id='word_1_27' title='bbox 1584 515 1629 558; x_wconf 81' lang='grc' dir='ltr'>δὲ</span> <span class='ocrx_word' id='word_1_28' title='bbox 1658 512 1729 558; x_wconf 79' lang='grc' dir='ltr'>οὐ·</span> 
     </span>
    </p>
   </div>
   <div class='ocr_carea' id='block_1_5' title="bbox 417 579 1193 643">
    <p class='ocr_par' dir='ltr' id='par_1_5' title="bbox 417 579 1193 643">
     <span class='ocr_line' id='line_1_6' title="bbox 417 579 1193 643; baseline 0.005 -23"><span class='ocrx_word' id='word_1_29' title='bbox 417 579 569 632; x_wconf 83' lang='grc' dir='ltr'><em>13,,δέν</em></span> <span class='ocrx_word' id='word_1_30' title='bbox 609 581 654 622; x_wconf 85' lang='grc' dir='ltr'>οἷ</span> <span class='ocrx_word' id='word_1_31' title='bbox 694 584 839 631; x_wconf 78' lang='grc' dir='ltr'><em>κακῶς</em></span> <span class='ocrx_word' id='word_1_32' title='bbox 877 581 1159 637; x_wconf 76' lang='grc' dir='ltr'><em>βεβούλευται</em></span> <span class='ocrx_word' id='word_1_33' title='bbox 1191 641 1193 643; x_wconf 19' lang='lat'><strong><em>¹</em></strong></span> 
     </span>
    </p>
   </div>
   <div class='ocr_carea' id='block_1_6' title="bbox 1275 580 1785 637">
    <p class='ocr_par' dir='ltr' id='par_1_6' title="bbox 1275 580 1785 637">
     <span class='ocr_line' id='line_1_7' title="bbox 1275 580 1785 637; baseline -0.002 -13"><span class='ocrx_word' id='word_1_34' title='bbox 1275 598 1352 634; x_wconf 80' lang='grc' dir='ltr'><em>ρας</em></span> <span class='ocrx_word' id='word_1_35' title='bbox 1380 581 1432 624; x_wconf 84' lang='grc' dir='ltr'><em>τά</em></span> <span class='ocrx_word' id='word_1_36' title='bbox 1463 580 1729 637; x_wconf 78' lang='grc' dir='ltr'><em>ὑπερέχοντα</em></span> <span class='ocrx_word' id='word_1_37' title='bbox 1742 588 1785 623; x_wconf 89' lang='grc'>75</span> 
     </span>
    </p>
   </div>
   <div class='ocr_carea' id='block_1_7' title="bbox 468 646 1728 705">
    <p class='ocr_par' dir='ltr' id='par_1_7' title="bbox 468 646 1728 705">
     <span class='ocr_line' id='line_1_8' title="bbox 468 646 1728 705; baseline 0.002 -15"><span class='ocrx_word' id='word_1_38' title='bbox 468 651 583 701; x_wconf 79' lang='grc' dir='ltr'><em>,,ζῶα</em></span> <span class='ocrx_word' id='word_1_39' title='bbox 626 646 683 699; x_wconf 75' lang='grc' dir='ltr'>ὥς</span> <span class='ocrx_word' id='word_1_40' title='bbox 726 654 937 703; x_wconf 82' lang='grc' dir='ltr'><em>κεραυνοῖ</em></span> <span class='ocrx_word' id='word_1_41' title='bbox 972 647 995 692; x_wconf 86' lang='grc' dir='ltr'>ὁ</span> <span class='ocrx_word' id='word_1_42' title='bbox 1036 647 1169 703; x_wconf 63' lang='grc' dir='ltr'>θεόςξ</span> <span class='ocrx_word' id='word_1_43' title='bbox 1200 648 1310 692; x_wconf 48' lang='grc' dir='ltr'><em>ὀὐδὲ</em></span> <span class='ocrx_word' id='word_1_44' title='bbox 1339 649 1388 705; x_wconf 82' lang='grc' dir='ltr'>ἐᾷ</span> <span class='ocrx_word' id='word_1_45' title='bbox 1419 649 1728 705; x_wconf 80' lang='grc' dir='ltr'><em>φαντάζεσθαι,</em></span> 
     </span>
    </p>
   </div>
   <div class='ocr_carea' id='block_1_8' title="bbox 1021 764 1061 795">
    <p class='ocr_par' dir='ltr' id='par_1_8' title="bbox 1021 764 1061 795">
     <span class='ocr_line' id='line_1_9' title="bbox 1021 764 1061 795; baseline 0 -28"><span class='ocrx_word' id='word_1_46' title='bbox 1021 764 1061 795; x_wconf 51' lang='lat' dir='ltr'><em>s</em></span> 
     </span>
    </p>
   </div>
   <div class='ocr_carea' id='block_1_9' title="bbox 406 832 1070 1391">
    <p class='ocr_par' dir='ltr' id='par_1_9' title="bbox 406 832 1070 1383">
     <span class='ocr_line' id='line_1_10' title="bbox 410 832 1070 882; baseline 0.002 -12"><span class='ocrx_word' id='word_1_47' title='bbox 410 832 472 870; x_wconf 87' lang='lat' dir='ltr'>hic</span> <span class='ocrx_word' id='word_1_48' title='bbox 512 834 558 870; x_wconf 91' lang='lat' dir='ltr'>ab</span> <span class='ocrx_word' id='word_1_49' title='bbox 598 832 793 870; x_wconf 80' lang='lat' dir='ltr'>Herodoto</span> <span class='ocrx_word' id='word_1_50' title='bbox 836 833 987 882; x_wconf 86' lang='lat' dir='ltr'>induci,</span> <span class='ocrx_word' id='word_1_51' title='bbox 1029 841 1070 871; x_wconf 87' lang='lat' dir='ltr'>ut</span> 
     </span>
     <span class='ocr_line' id='line_1_11' title="bbox 412 889 1070 928; baseline 0.002 -2"><span class='ocrx_word' id='word_1_52' title='bbox 412 892 604 927; x_wconf 87' lang='lat' dir='ltr'>Graecum</span> <span class='ocrx_word' id='word_1_53' title='bbox 634 889 833 927; x_wconf 87' lang='lat' dir='ltr'>hominem</span> <span class='ocrx_word' id='word_1_54' title='bbox 864 892 928 927; x_wconf 88' lang='lat' dir='ltr'>illa</span> <span class='ocrx_word' id='word_1_55' title='bbox 949 898 1070 928; x_wconf 89' lang='lat' dir='ltr'>aetate</span> 
     </span>
     <span class='ocr_line' id='line_1_12' title="bbox 410 947 1070 998; baseline 0.002 -15"><span class='ocrx_word' id='word_1_56' title='bbox 410 948 583 984; x_wconf 88' lang='lat' dir='ltr'>locutum</span> <span class='ocrx_word' id='word_1_57' title='bbox 603 961 682 984; x_wconf 84' lang='lat' dir='ltr'>esse</span> <span class='ocrx_word' id='word_1_58' title='bbox 703 960 771 998; x_wconf 91' lang='lat' dir='ltr'>par</span> <span class='ocrx_word' id='word_1_59' title='bbox 801 948 936 994; x_wconf 70' lang='lat' dir='ltr'>fuerit,</span> <span class='ocrx_word' id='word_1_60' title='bbox 966 947 1070 984; x_wconf 88' lang='lat' dir='ltr'>unde</span> 
     </span>
     <span class='ocr_line' id='line_1_13' title="bbox 411 1003 1070 1055; baseline 0.002 -15"><span class='ocrx_word' id='word_1_61' title='bbox 411 1003 590 1040; x_wconf 82' lang='lat' dir='ltr'><strong>credibile</strong></span> <span class='ocrx_word' id='word_1_62' title='bbox 620 1004 684 1051; x_wconf 83' lang='lat' dir='ltr'>fit,</span> <span class='ocrx_word' id='word_1_63' title='bbox 717 1017 816 1055; x_wconf 87' lang='lat' dir='ltr'>quae</span> <span class='ocrx_word' id='word_1_64' title='bbox 841 1006 956 1055; x_wconf 86' lang='lat' dir='ltr'>ipsius</span> <span class='ocrx_word' id='word_1_65' title='bbox 976 1006 1070 1041; x_wconf 89' lang='lat' dir='ltr'>scri-</span> 
     </span>
     <span class='ocr_line' id='line_1_14' title="bbox 410 1062 1069 1111; baseline -0.002 -14"><span class='ocrx_word' id='word_1_66' title='bbox 410 1063 526 1111; x_wconf 85' lang='lat' dir='ltr'>ptoris</span> <span class='ocrx_word' id='word_1_67' title='bbox 548 1068 584 1097; x_wconf 81' lang='lat' dir='ltr'>et</span> <span class='ocrx_word' id='word_1_68' title='bbox 605 1062 841 1097; x_wconf 85' lang='lat' dir='ltr'>Graecorum</span> <span class='ocrx_word' id='word_1_69' title='bbox 861 1062 959 1097; x_wconf 87' lang='lat' dir='ltr'>illius</span> <span class='ocrx_word' id='word_1_70' title='bbox 986 1063 1069 1098; x_wconf 80' lang='lat' dir='ltr'>aevi</span> 
     </span>
     <span class='ocr_line' id='line_1_15' title="bbox 408 1116 1064 1165; baseline 0 -12"><span class='ocrx_word' id='word_1_71' title='bbox 408 1118 522 1154; x_wconf 86' lang='lat' dir='ltr'>fuerit</span> <span class='ocrx_word' id='word_1_72' title='bbox 561 1117 608 1154; x_wconf 87' lang='lat' dir='ltr'>de</span> <span class='ocrx_word' id='word_1_73' title='bbox 640 1116 698 1153; x_wconf 86' lang='lat' dir='ltr'>his</span> <span class='ocrx_word' id='word_1_74' title='bbox 736 1118 846 1155; x_wconf 86' lang='lat' dir='ltr'>rebus</span> <span class='ocrx_word' id='word_1_75' title='bbox 868 1119 1064 1165; x_wconf 86' lang='lat' dir='ltr'>sententia,</span> 
     </span>
     <span class='ocr_line' id='line_1_16' title="bbox 408 1173 1067 1211; baseline 0 -1"><span class='ocrx_word' id='word_1_76' title='bbox 408 1187 493 1210; x_wconf 87' lang='lat' dir='ltr'>eam</span> <span class='ocrx_word' id='word_1_77' title='bbox 513 1176 653 1210; x_wconf 86' lang='lat' dir='ltr'>Persae</span> <span class='ocrx_word' id='word_1_78' title='bbox 673 1175 744 1210; x_wconf 77' lang='lat' dir='ltr'>viri</span> <span class='ocrx_word' id='word_1_79' title='bbox 766 1187 830 1210; x_wconf 86' lang='lat' dir='ltr'>ore</span> <span class='ocrx_word' id='word_1_80' title='bbox 861 1173 923 1211; x_wconf 85' lang='lat' dir='ltr'>hic</span> <span class='ocrx_word' id='word_1_81' title='bbox 946 1188 1067 1210; x_wconf 88' lang='lat' dir='ltr'>enun-</span> 
     </span>
     <span class='ocr_line' id='line_1_17' title="bbox 407 1230 1064 1281; baseline 0.002 -15"><span class='ocrx_word' id='word_1_82' title='bbox 407 1232 504 1268; x_wconf 88' lang='lat' dir='ltr'>tiari.</span> <span class='ocrx_word' id='word_1_83' title='bbox 564 1232 630 1267; x_wconf 90' lang='lat' dir='ltr'>Tu</span> <span class='ocrx_word' id='word_1_84' title='bbox 657 1230 734 1268; x_wconf 74' lang='lat' dir='ltr'>vid.</span> <span class='ocrx_word' id='word_1_85' title='bbox 765 1232 809 1277; x_wconf 82' lang='lat' dir='ltr'>V,</span> <span class='ocrx_word' id='word_1_86' title='bbox 832 1230 871 1270; x_wconf 83' lang='grc'><strong>4.</strong></span> <span class='ocrx_word' id='word_1_87' title='bbox 893 1230 945 1271; x_wconf 64' lang='lat'>24</span> <span class='ocrx_word' id='word_1_88' title='bbox 972 1232 1064 1281; x_wconf 87' lang='lat' dir='ltr'>ibiq.</span> 
     </span>
     <span class='ocr_line' id='line_1_18' title="bbox 406 1286 1065 1334; baseline 0 -12"><span class='ocrx_word' id='word_1_89' title='bbox 406 1294 502 1324; x_wconf 89' lang='lat' dir='ltr'>nott.</span> <span class='ocrx_word' id='word_1_90' title='bbox 524 1288 610 1329; x_wconf 91' lang='lat' dir='ltr'>coll</span> <span class='ocrx_word' id='word_1_91' title='bbox 631 1294 726 1323; x_wconf 88' lang='lat' dir='ltr'>nott.</span> <span class='ocrx_word' id='word_1_92' title='bbox 749 1286 796 1323; x_wconf 89' lang='lat' dir='ltr'>ad</span> <span class='ocrx_word' id='word_1_93' title='bbox 822 1288 887 1334; x_wconf 86' lang='lat' dir='ltr'>III,</span> <span class='ocrx_word' id='word_1_94' title='bbox 911 1289 976 1327; x_wconf 85' lang='lat'>80.</span> <span class='ocrx_word' id='word_1_95' title='bbox 998 1290 1065 1328; x_wconf 81' lang='lat'>82.</span> 
     </span>
     <span class='ocr_line' id='line_1_19' title="bbox 406 1340 1065 1391; baseline 0.002 -11"><span class='ocrx_word' id='word_1_96' title='bbox 406 1343 488 1391; x_wconf 89' lang='lat' dir='ltr'>VII,</span> <span class='ocrx_word' id='word_1_97' title='bbox 519 1343 585 1383; x_wconf 83' lang='lat'>53.</span> <span class='ocrx_word' id='word_1_98' title='bbox 644 1342 706 1379; x_wconf 84' lang='lat' dir='ltr'>Ad</span> <span class='ocrx_word' id='word_1_99' title='bbox 743 1344 1014 1379; x_wconf 81' lang='lat' dir='ltr'>locutionem</span> <span class='ocrx_word' id='word_1_100' title='bbox 999 1340 1065 1382; x_wconf 73' lang='grc' dir='ltr'><em>εὕ-</em></span> 
     </span>
    </p>
   </div>
   <div class='ocr_carea' id='block_1_10' title="bbox 401 1398 1064 1506">
    <p class='ocr_par' dir='ltr' id='par_1_10' title="bbox 401 1398 1064 1506">
     <span class='ocr_line' id='line_1_20' title="bbox 407 1398 1064 1450; baseline -0.003 -12"><span class='ocrx_word' id='word_1_101' title='bbox 407 1415 514 1450; x_wconf 83' lang='grc' dir='ltr'><em>ρημα</em></span> <span class='ocrx_word' id='word_1_102' title='bbox 528 1398 670 1450; x_wconf 76' lang='grc' dir='ltr'><em>εὕρηκε</em></span> <span class='ocrx_word' id='word_1_103' title='bbox 682 1399 728 1436; x_wconf 91' lang='lat' dir='ltr'>de</span> <span class='ocrx_word' id='word_1_104' title='bbox 750 1401 853 1436; x_wconf 85' lang='lat' dir='ltr'>lucro</span> <span class='ocrx_word' id='word_1_105' title='bbox 875 1403 1064 1450; x_wconf 78' lang='lat' dir='ltr'>insperato,</span> 
     </span>
     <span class='ocr_line' id='line_1_21' title="bbox 401 1456 1064 1506; baseline 0 -14"><span class='ocrx_word' id='word_1_106' title='bbox 401 1460 541 1506; x_wconf 79' lang='lat' dir='ltr'>praeter</span> <span class='ocrx_word' id='word_1_107' title='bbox 558 1470 651 1506; x_wconf 79' lang='lat' dir='ltr'>spem</span> <span class='ocrx_word' id='word_1_108' title='bbox 667 1456 793 1502; x_wconf 81' lang='lat' dir='ltr'>oblato,</span> <span class='ocrx_word' id='word_1_109' title='bbox 826 1457 927 1493; x_wconf 82' lang='lat' dir='ltr'>conf.</span> <span class='ocrx_word' id='word_1_110' title='bbox 952 1457 1064 1493; x_wconf 88' lang='lat' dir='ltr'>allata</span> 
     </span>
    </p>
   </div>
   <div class='ocr_carea' id='block_1_11' title="bbox 407 1512 788 1647">
    <p class='ocr_par' dir='ltr' id='par_1_11' title="bbox 362 1512 788 1647">
     <span class='ocr_line' id='line_1_22' title="bbox 407 1512 687 1561; baseline 0.011 -13"><span class='ocrx_word' id='word_1_111' title='bbox 407 1512 455 1550; x_wconf 74' lang='lat' dir='ltr'>ad</span> <span class='ocrx_word' id='word_1_112' title='bbox 473 1514 572 1561; x_wconf 83' lang='lat' dir='ltr'>vm,</span> <span class='ocrx_word' id='word_1_113' title='bbox 596 1514 687 1553; x_wconf 73' lang='lat'>109.</span> 
     </span>
     <span class='ocr_line' id='line_1_23' title="bbox 683 1602 788 1647; baseline -0.016 -5.275"><span class='ocrx_word' id='word_1_114' title='bbox 683 1603 718 1647; x_wconf 62' lang='lat' dir='ltr'>s.</span> <span class='ocrx_word' id='word_1_115' title='bbox 749 1602 788 1642; x_wconf 88' lang='lat'>5.</span> 
     </span>
    </p>
   </div>
   <div class='ocr_carea' id='block_1_12' title="bbox 373 1677 1064 2916">
    <p class='ocr_par' dir='ltr' id='par_1_12' title="bbox 373 1677 1064 2620">
     <span class='ocr_line' id='line_1_24' title="bbox 462 1677 1062 1733; baseline -0.002 -15"><span class='ocrx_word' id='word_1_116' title='bbox 462 1677 586 1733; x_wconf 77' lang='grc' dir='ltr'>Ὀρᾷς</span> <span class='ocrx_word' id='word_1_117' title='bbox 607 1677 654 1718; x_wconf 77' lang='grc' dir='ltr'><em>τά</em></span> <span class='ocrx_word' id='word_1_118' title='bbox 671 1677 913 1731; x_wconf 74' lang='grc' dir='ltr'><em>’ὑπερέχοντα</em></span> <span class='ocrx_word' id='word_1_119' title='bbox 932 1682 1011 1727; x_wconf 70' lang='grc' dir='ltr'><em>ζῶα</em></span> <span class='ocrx_word' id='word_1_120' title='bbox 1025 1695 1062 1718; x_wconf 88' lang='grc' dir='ltr'><strong>κ.</strong></span> 
     </span>
     <span class='ocr_line' id='line_1_25' title="bbox 407 1736 1062 1786; baseline 0.012 -17"><span class='ocrx_word' id='word_1_121' title='bbox 407 1750 440 1774; x_wconf 80' lang='grc' dir='ltr'>τ.</span> <span class='ocrx_word' id='word_1_122' title='bbox 463 1736 516 1784; x_wconf 80' lang='grc' dir='ltr'>λ,]</span> <span class='ocrx_word' id='word_1_123' title='bbox 548 1737 683 1786; x_wconf 81' lang='lat' dir='ltr'>Attigit</span> <span class='ocrx_word' id='word_1_124' title='bbox 712 1737 898 1773; x_wconf 85' lang='lat' dir='ltr'>Stobaeus</span> <span class='ocrx_word' id='word_1_125' title='bbox 921 1740 986 1783; x_wconf 77' lang='lat'>22,</span> <span class='ocrx_word' id='word_1_126' title='bbox 1008 1737 1062 1777; x_wconf 81' lang='lat'>46</span> 
     </span>
     <span class='ocr_line' id='line_1_26' title="bbox 405 1792 1064 1843; baseline 0 -14"><span class='ocrx_word' id='word_1_127' title='bbox 405 1793 475 1841; x_wconf 94' lang='grc' dir='ltr'>(Τ.</span> <span class='ocrx_word' id='word_1_128' title='bbox 507 1793 525 1827; x_wconf 94' lang='grc' dir='ltr'>Ι</span> <span class='ocrx_word' id='word_1_129' title='bbox 543 1806 580 1842; x_wconf 90' lang='lat' dir='ltr'>p.</span> <span class='ocrx_word' id='word_1_130' title='bbox 604 1792 684 1833; x_wconf 81' lang='grc'>424</span> <span class='ocrx_word' id='word_1_131' title='bbox 706 1794 855 1843; x_wconf 79' lang='lat' dir='ltr'>Gaisf.).</span> <span class='ocrx_word' id='word_1_132' title='bbox 886 1792 1064 1829; x_wconf 87' lang='lat' dir='ltr'>Herodo-</span> 
     </span>
     <span class='ocr_line' id='line_1_27' title="bbox 373 1850 1063 1886; baseline 0.003 -2"><span class='ocrx_word' id='word_1_133' title='bbox 373 1875 375 1879; x_wconf 85' lang='lat'><em>-</em></span> <span class='ocrx_word' id='word_1_134' title='bbox 403 1855 511 1885; x_wconf 78' lang='lat' dir='ltr'>teum</span> <span class='ocrx_word' id='word_1_135' title='bbox 532 1850 661 1885; x_wconf 89' lang='lat' dir='ltr'>locum</span> <span class='ocrx_word' id='word_1_136' title='bbox 684 1857 771 1886; x_wconf 91' lang='lat' dir='ltr'>ante</span> <span class='ocrx_word' id='word_1_137' title='bbox 801 1851 930 1886; x_wconf 91' lang='lat' dir='ltr'>oculos</span> <span class='ocrx_word' id='word_1_138' title='bbox 950 1850 1063 1886; x_wconf 84' lang='lat' dir='ltr'>fuisse</span> 
     </span>
     <span class='ocr_line' id='line_1_28' title="bbox 403 1907 1064 1957; baseline 0.002 -16"><span class='ocrx_word' id='word_1_139' title='bbox 403 1907 562 1942; x_wconf 87' lang='lat' dir='ltr'>Horatio</span> <span class='ocrx_word' id='word_1_140' title='bbox 596 1907 635 1941; x_wconf 91' lang='lat' dir='ltr'>in</span> <span class='ocrx_word' id='word_1_141' title='bbox 669 1908 734 1953; x_wconf 87' lang='lat' dir='ltr'>iis,</span> <span class='ocrx_word' id='word_1_142' title='bbox 766 1919 863 1957; x_wconf 87' lang='lat' dir='ltr'>quae</span> <span class='ocrx_word' id='word_1_143' title='bbox 884 1908 1064 1956; x_wconf 81' lang='lat' dir='ltr'>leguntur</span> 
     </span>
     <span class='ocr_line' id='line_1_29' title="bbox 402 1962 1064 2015; baseline 0.002 -17"><span class='ocrx_word' id='word_1_144' title='bbox 402 1963 442 1998; x_wconf 87' lang='lat' dir='ltr'>in</span> <span class='ocrx_word' id='word_1_145' title='bbox 465 1962 592 1998; x_wconf 88' lang='lat' dir='ltr'>Carm.</span> <span class='ocrx_word' id='word_1_146' title='bbox 612 1964 659 2009; x_wconf 94' lang='lat' dir='ltr'>II,</span> <span class='ocrx_word' id='word_1_147' title='bbox 684 1966 747 2009; x_wconf 82' lang='lat'>10,</span> <span class='ocrx_word' id='word_1_148' title='bbox 764 1965 788 2002; x_wconf 86' lang='lat'>9</span> <span class='ocrx_word' id='word_1_149' title='bbox 809 1976 915 2015; x_wconf 83' lang='lat' dir='ltr'>seqq.</span> <span class='ocrx_word' id='word_1_150' title='bbox 936 1964 1064 1999; x_wconf 84' lang='lat' dir='ltr'>statuit</span> 
     </span>
     <span class='ocr_line' id='line_1_30' title="bbox 402 2017 1064 2066; baseline 0.002 -12"><span class='ocrx_word' id='word_1_151' title='bbox 402 2017 609 2066; x_wconf 82' lang='lat' dir='ltr'>Matthiae,</span> <span class='ocrx_word' id='word_1_152' title='bbox 648 2019 884 2057; x_wconf 87' lang='lat' dir='ltr'>Vermischte</span> <span class='ocrx_word' id='word_1_153' title='bbox 914 2018 1064 2056; x_wconf 82' lang='lat' dir='ltr'>Schrif-</span> 
     </span>
     <span class='ocr_line' id='line_1_31' title="bbox 402 2075 1064 2128; baseline 0.002 -17"><span class='ocrx_word' id='word_1_154' title='bbox 402 2082 466 2111; x_wconf 86' lang='lat' dir='ltr'>ten</span> <span class='ocrx_word' id='word_1_155' title='bbox 507 2088 594 2125; x_wconf 82' lang='lat' dir='ltr'>pag.</span> <span class='ocrx_word' id='word_1_156' title='bbox 637 2079 688 2117; x_wconf 89' lang='lat'>78</span> <span class='ocrx_word' id='word_1_157' title='bbox 722 2089 801 2128; x_wconf 88' lang='lat' dir='ltr'>seq.</span> <span class='ocrx_word' id='word_1_158' title='bbox 869 2075 1064 2128; x_wconf 85' lang='lat' dir='ltr'>Equidem</span> 
     </span>
     <span class='ocr_line' id='line_1_32' title="bbox 401 2129 1063 2183; baseline 0.003 -16"><span class='ocrx_word' id='word_1_159' title='bbox 401 2129 476 2168; x_wconf 88' lang='lat' dir='ltr'>hoc</span> <span class='ocrx_word' id='word_1_160' title='bbox 497 2133 656 2167; x_wconf 84' lang='lat' dir='ltr'>minime</span> <span class='ocrx_word' id='word_1_161' title='bbox 678 2139 758 2168; x_wconf 89' lang='lat' dir='ltr'>tam</span> <span class='ocrx_word' id='word_1_162' title='bbox 778 2140 881 2169; x_wconf 84' lang='lat' dir='ltr'>certo</span> <span class='ocrx_word' id='word_1_163' title='bbox 889 2146 1063 2183; x_wconf 87' lang='lat' dir='ltr'>pronun-</span> 
     </span>
     <span class='ocr_line' id='line_1_33' title="bbox 404 2189 1062 2241; baseline 0.003 -17"><span class='ocrx_word' id='word_1_164' title='bbox 404 2189 542 2224; x_wconf 85' lang='lat' dir='ltr'>tiarim.</span> <span class='ocrx_word' id='word_1_165' title='bbox 574 2189 749 2241; x_wconf 88' lang='lat' dir='ltr'>Namque</span> <span class='ocrx_word' id='word_1_166' title='bbox 780 2191 926 2226; x_wconf 86' lang='lat' dir='ltr'>Horatii</span> <span class='ocrx_word' id='word_1_167' title='bbox 946 2190 1062 2226; x_wconf 82' lang='lat' dir='ltr'>verba</span> 
     </span>
     <span class='ocr_line' id='line_1_34' title="bbox 401 2244 1062 2296; baseline 0.005 -17"><span class='ocrx_word' id='word_1_168' title='bbox 401 2244 455 2280; x_wconf 89' lang='lat' dir='ltr'>ita</span> <span class='ocrx_word' id='word_1_169' title='bbox 493 2251 651 2281; x_wconf 83' lang='lat' dir='ltr'>sonant.-</span> <span class='ocrx_word' id='word_1_170' title='bbox 702 2246 899 2296; x_wconf 82' lang='lat' dir='ltr'>„Saepius</span> <span class='ocrx_word' id='word_1_171' title='bbox 938 2247 1062 2283; x_wconf 86' lang='lat' dir='ltr'>ventis</span> 
     </span>
     <span class='ocr_line' id='line_1_35' title="bbox 403 2301 1060 2350; baseline 0.006 -15"><span class='ocrx_word' id='word_1_172' title='bbox 403 2301 567 2350; x_wconf 85' lang='lat' dir='ltr'>agitatur</span> <span class='ocrx_word' id='word_1_173' title='bbox 587 2302 722 2350; x_wconf 81' lang='lat' dir='ltr'>ingens</span> <span class='ocrx_word' id='word_1_174' title='bbox 742 2303 861 2338; x_wconf 88' lang='lat' dir='ltr'>Pinus</span> <span class='ocrx_word' id='word_1_175' title='bbox 883 2309 919 2339; x_wconf 88' lang='lat' dir='ltr'>et</span> <span class='ocrx_word' id='word_1_176' title='bbox 939 2303 1060 2339; x_wconf 87' lang='lat' dir='ltr'>celsae</span> 
     </span>
     <span class='ocr_line' id='line_1_36' title="bbox 401 2357 1060 2406; baseline 0.005 -14"><span class='ocrx_word' id='word_1_177' title='bbox 401 2357 574 2406; x_wconf 84' lang='lat' dir='ltr'>graviore</span> <span class='ocrx_word' id='word_1_178' title='bbox 599 2370 687 2393; x_wconf 87' lang='lat' dir='ltr'>casu</span> <span class='ocrx_word' id='word_1_179' title='bbox 716 2358 908 2395; x_wconf 89' lang='lat' dir='ltr'>Decidunt</span> <span class='ocrx_word' id='word_1_180' title='bbox 927 2365 1060 2405; x_wconf 88' lang='lat' dir='ltr'>turres,</span> 
     </span>
     <span class='ocr_line' id='line_1_37' title="bbox 400 2413 1059 2464; baseline 0.003 -16"><span class='ocrx_word' id='word_1_181' title='bbox 400 2413 618 2464; x_wconf 82' lang='lat' dir='ltr'>serluntque</span> <span class='ocrx_word' id='word_1_182' title='bbox 664 2427 834 2451; x_wconf 91' lang='lat' dir='ltr'>summos</span> <span class='ocrx_word' id='word_1_183' title='bbox 882 2415 1059 2451; x_wconf 82' lang='lat' dir='ltr'>Fulmina</span> 
     </span>
     <span class='ocr_line' id='line_1_38' title="bbox 398 2470 1059 2522; baseline 0.003 -17"><span class='ocrx_word' id='word_1_184' title='bbox 398 2471 593 2506; x_wconf 84' lang='lat' dir='ltr'>montes.“</span> <span class='ocrx_word' id='word_1_185' title='bbox 668 2470 729 2506; x_wconf 90' lang='lat' dir='ltr'>Ad</span> <span class='ocrx_word' id='word_1_186' title='bbox 771 2484 887 2522; x_wconf 87' lang='lat' dir='ltr'>quem</span> <span class='ocrx_word' id='word_1_187' title='bbox 929 2471 1059 2507; x_wconf 85' lang='lat' dir='ltr'>locum</span> 
     </span>
     <span class='ocr_line' id='line_1_39' title="bbox 397 2526 1060 2578; baseline 0.002 -16"><span class='ocrx_word' id='word_1_188' title='bbox 397 2526 538 2563; x_wconf 86' lang='lat' dir='ltr'>similes</span> <span class='ocrx_word' id='word_1_189' title='bbox 550 2532 719 2562; x_wconf 81' lang='lat' dir='ltr'>veterum</span> <span class='ocrx_word' id='word_1_190' title='bbox 730 2529 932 2563; x_wconf 77' lang='lat' dir='ltr'>sententias</span> <span class='ocrx_word' id='word_1_191' title='bbox 945 2540 1060 2578; x_wconf 82' lang='lat' dir='ltr'>quas-</span> 
     </span>
     <span class='ocr_line' id='line_1_40' title="bbox 402 2581 923 2620; baseline 0.004 -2"><span class='ocrx_word' id='word_1_192' title='bbox 402 2581 491 2619; x_wconf 88' lang='lat' dir='ltr'>dam</span> <span class='ocrx_word' id='word_1_193' title='bbox 512 2583 635 2619; x_wconf 81' lang='lat' dir='ltr'>attulit</span> <span class='ocrx_word' id='word_1_194' title='bbox 655 2582 923 2620; x_wconf 81' lang='lat' dir='ltr'>Mitscherlich.</span> 
     </span>
    </p>

    <p class='ocr_par' dir='ltr' id='par_1_13' title="bbox 394 2635 1055 2916">
     <span class='ocr_line' id='line_1_41' title="bbox 457 2635 1055 2692; baseline -0.002 -15"><span class='ocrx_word' id='word_1_195' title='bbox 457 2635 554 2678; x_wconf 83' lang='grc' dir='ltr'><em>ου’δὲ</em></span> <span class='ocrx_word' id='word_1_196' title='bbox 580 2638 626 2692; x_wconf 80' lang='grc' dir='ltr'>ἐᾷ</span> <span class='ocrx_word' id='word_1_197' title='bbox 646 2636 939 2689; x_wconf 77' lang='grc' dir='ltr'>φαντάζεσθαι]</span> <span class='ocrx_word' id='word_1_198' title='bbox 964 2641 1055 2676; x_wconf 88' lang='lat' dir='ltr'>Rei-</span> 
     </span>
     <span class='ocr_line' id='line_1_42' title="bbox 397 2696 1054 2742; baseline 0.003 -12"><span class='ocrx_word' id='word_1_199' title='bbox 397 2696 542 2732; x_wconf 84' lang='lat' dir='ltr'>nersius</span> <span class='ocrx_word' id='word_1_200' title='bbox 573 2697 658 2733; x_wconf 79' lang='lat' dir='ltr'>Var.</span> <span class='ocrx_word' id='word_1_201' title='bbox 689 2697 867 2740; x_wconf 83' lang='lat' dir='ltr'>Lect.11,</span> <span class='ocrx_word' id='word_1_202' title='bbox 889 2699 926 2742; x_wconf 86' lang='lat'>3,</span> <span class='ocrx_word' id='word_1_203' title='bbox 957 2697 1054 2732; x_wconf 89' lang='lat' dir='ltr'>bene</span> 
     </span>
     <span class='ocr_line' id='line_1_43' title="bbox 401 2752 1052 2802; baseline 0.006 -16"><span class='ocrx_word' id='word_1_204' title='bbox 401 2752 605 2802; x_wconf 83' lang='lat' dir='ltr'>explicuit:</span> <span class='ocrx_word' id='word_1_205' title='bbox 635 2766 704 2790; x_wconf 80' lang='lat' dir='ltr'>non</span> <span class='ocrx_word' id='word_1_206' title='bbox 719 2755 840 2790; x_wconf 80' lang='lat' dir='ltr'>sinunt</span> <span class='ocrx_word' id='word_1_207' title='bbox 863 2752 962 2789; x_wconf 82' lang='lat' dir='ltr'>ultra</span> <span class='ocrx_word' id='word_1_208' title='bbox 985 2753 1052 2790; x_wconf 81' lang='lat' dir='ltr'>ad-</span> 
     </span>
     <span class='ocr_line' id='line_1_44' title="bbox 394 2808 1051 2857; baseline 0.002 -13"><span class='ocrx_word' id='word_1_209' title='bbox 394 2821 542 2857; x_wconf 84' lang='lat' dir='ltr'>parere,</span> <span class='ocrx_word' id='word_1_210' title='bbox 591 2808 730 2857; x_wconf 84' lang='lat' dir='ltr'>efferri,</span> <span class='ocrx_word' id='word_1_211' title='bbox 785 2810 954 2846; x_wconf 75' lang='lat' dir='ltr'>ostentari</span> <span class='ocrx_word' id='word_1_212' title='bbox 1002 2823 1051 2857; x_wconf 79' lang='lat' dir='ltr'>se,</span> 
     </span>
     <span class='ocr_line' id='line_1_45' title="bbox 396 2860 1051 2916; baseline 0.002 -15"><span class='ocrx_word' id='word_1_213' title='bbox 396 2865 537 2916; x_wconf 85' lang='lat' dir='ltr'>quippe</span> <span class='ocrx_word' id='word_1_214' title='bbox 567 2860 844 2915; x_wconf 83' lang='grc' dir='ltr'><em>άφανισθέντα</em></span> <span class='ocrx_word' id='word_1_215' title='bbox 873 2872 909 2902; x_wconf 88' lang='lat' dir='ltr'>et</span> <span class='ocrx_word' id='word_1_216' title='bbox 930 2866 968 2901; x_wconf 90' lang='lat' dir='ltr'>in</span> <span class='ocrx_word' id='word_1_217' title='bbox 989 2866 1051 2902; x_wconf 92' lang='lat' dir='ltr'>ni-</span> 
     </span>
    </p>
   </div>
   <div class='ocr_carea' id='block_1_13' title="bbox 1112 823 1785 2522">
    <p class='ocr_par' dir='ltr' id='par_1_14' title="bbox 1112 823 1785 2522">
     <span class='ocr_line' id='line_1_46' title="bbox 1126 823 1784 885; baseline -0.003 -14"><span class='ocrx_word' id='word_1_218' title='bbox 1126 823 1249 871; x_wconf 63' lang='lat' dir='ltr'>hilum</span> <span class='ocrx_word' id='word_1_219' title='bbox 1270 833 1435 871; x_wconf 87' lang='lat' dir='ltr'>redacta.</span> <span class='ocrx_word' id='word_1_220' title='bbox 1484 835 1680 885; x_wconf 89' lang='lat' dir='ltr'>Namque,</span> <span class='ocrx_word' id='word_1_221' title='bbox 1711 846 1784 870; x_wconf 90' lang='lat' dir='ltr'>no—</span> 
     </span>
     <span class='ocr_line' id='line_1_47' title="bbox 1126 889 1783 941; baseline -0.002 -13"><span class='ocrx_word' id='word_1_222' title='bbox 1126 898 1230 928; x_wconf 86' lang='lat' dir='ltr'>tante</span> <span class='ocrx_word' id='word_1_223' title='bbox 1251 889 1613 941; x_wconf 78' lang='lat' dir='ltr'>Schweighaeusero</span> <span class='ocrx_word' id='word_1_224' title='bbox 1628 920 1637 938; x_wconf 89' lang='lat'>,</span> <span class='ocrx_word' id='word_1_225' title='bbox 1667 891 1783 927; x_wconf 82' lang='lat' dir='ltr'>verbo</span> 
     </span>
     <span class='ocr_line' id='line_1_48' title="bbox 1127 944 1785 999; baseline -0.008 -12"><span class='ocrx_word' id='word_1_226' title='bbox 1127 944 1401 998; x_wconf 78' lang='grc' dir='ltr'><em>φαντάζεσθαι</em></span> <span class='ocrx_word' id='word_1_227' title='bbox 1414 977 1423 994; x_wconf 88' lang='lat'>,</span> <span class='ocrx_word' id='word_1_228' title='bbox 1462 947 1566 999; x_wconf 88' lang='lat' dir='ltr'>quod</span> <span class='ocrx_word' id='word_1_229' title='bbox 1586 959 1785 984; x_wconf 82' lang='lat' dir='ltr'>nonnum-</span> 
     </span>
     <span class='ocr_line' id='line_1_49' title="bbox 1127 1005 1780 1056; baseline -0.003 -15"><span class='ocrx_word' id='word_1_230' title='bbox 1127 1018 1245 1056; x_wconf 88' lang='lat' dir='ltr'>quam</span> <span class='ocrx_word' id='word_1_231' title='bbox 1265 1005 1483 1055; x_wconf 82' lang='lat' dir='ltr'>simpliciter</span> <span class='ocrx_word' id='word_1_232' title='bbox 1503 1005 1603 1041; x_wconf 80' lang='lat' dir='ltr'>valet</span> <span class='ocrx_word' id='word_1_233' title='bbox 1616 1006 1780 1053; x_wconf 78' lang='lat' dir='ltr'>conspici,</span> 
     </span>
     <span class='ocr_line' id='line_1_50' title="bbox 1126 1059 1784 1111; baseline -0.002 -14"><span class='ocrx_word' id='word_1_234' title='bbox 1126 1061 1300 1111; x_wconf 77' lang='lat' dir='ltr'>adparere</span> <span class='ocrx_word' id='word_1_235' title='bbox 1357 1061 1436 1109; x_wconf 84' lang='lat' dir='ltr'>(ut</span> <span class='ocrx_word' id='word_1_236' title='bbox 1476 1060 1578 1111; x_wconf 87' lang='lat' dir='ltr'>apud</span> <span class='ocrx_word' id='word_1_237' title='bbox 1610 1059 1784 1111; x_wconf 89' lang='lat' dir='ltr'>Euripid.</span> 
     </span>
     <span class='ocr_line' id='line_1_51' title="bbox 1123 1116 1783 1164; baseline 0.006 -11"><span class='ocrx_word' id='word_1_238' title='bbox 1123 1117 1321 1155; x_wconf 82' lang='lat' dir='ltr'>Phoeniss.</span> <span class='ocrx_word' id='word_1_239' title='bbox 1352 1119 1419 1157; x_wconf 83' lang='lat'>93.</span> <span class='ocrx_word' id='word_1_240' title='bbox 1441 1116 1582 1154; x_wconf 88' lang='lat' dir='ltr'>Herod.</span> <span class='ocrx_word' id='word_1_241' title='bbox 1603 1117 1667 1162; x_wconf 82' lang='lat' dir='ltr'>IV,</span> <span class='ocrx_word' id='word_1_242' title='bbox 1691 1116 1783 1164; x_wconf 80' lang='grc'>124,</span> 
     </span>
     <span class='ocr_line' id='line_1_52' title="bbox 1123 1169 1785 1226; baseline 0 -16"><span class='ocrx_word' id='word_1_243' title='bbox 1123 1175 1190 1210; x_wconf 88' lang='lat' dir='ltr'>ubi</span> <span class='ocrx_word' id='word_1_244' title='bbox 1211 1187 1426 1226; x_wconf 83' lang='lat' dir='ltr'>synonyma</span> <span class='ocrx_word' id='word_1_245' title='bbox 1446 1181 1532 1210; x_wconf 89' lang='lat' dir='ltr'>sunt</span> <span class='ocrx_word' id='word_1_246' title='bbox 1546 1169 1785 1223; x_wconf 82' lang='grc' dir='ltr'><em>άφανισθῆ-</em></span> 
     </span>
     <span class='ocr_line' id='line_1_53' title="bbox 1124 1227 1784 1278; baseline -0.006 -9"><span class='ocrx_word' id='word_1_247' title='bbox 1124 1245 1190 1269; x_wconf 87' lang='grc' dir='ltr'>ναι</span> <span class='ocrx_word' id='word_1_248' title='bbox 1219 1237 1255 1267; x_wconf 87' lang='lat' dir='ltr'>et</span> <span class='ocrx_word' id='word_1_249' title='bbox 1295 1227 1344 1268; x_wconf 77' lang='grc' dir='ltr'>οὐ</span> <span class='ocrx_word' id='word_1_250' title='bbox 1383 1227 1655 1278; x_wconf 80' lang='grc' dir='ltr'><em>φαντάζεσθαι</em></span> <span class='ocrx_word' id='word_1_251' title='bbox 1697 1230 1784 1266; x_wconf 91' lang='lat' dir='ltr'>coll.</span> 
     </span>
     <span class='ocr_line' id='line_1_54' title="bbox 1121 1285 1785 1336; baseline 0 -13"><span class='ocrx_word' id='word_1_252' title='bbox 1121 1288 1209 1331; x_wconf 86' lang='lat' dir='ltr'>VII,</span> <span class='ocrx_word' id='word_1_253' title='bbox 1251 1286 1344 1333; x_wconf 87' lang='lat'>15),</span> <span class='ocrx_word' id='word_1_254' title='bbox 1395 1285 1468 1322; x_wconf 88' lang='lat' dir='ltr'>hoc</span> <span class='ocrx_word' id='word_1_255' title='bbox 1507 1287 1592 1322; x_wconf 91' lang='lat' dir='ltr'>loco</span> <span class='ocrx_word' id='word_1_256' title='bbox 1623 1287 1785 1336; x_wconf 86' lang='lat' dir='ltr'>amplius</span> 
     </span>
     <span class='ocr_line' id='line_1_55' title="bbox 1123 1342 1781 1395; baseline -0.003 -15"><span class='ocrx_word' id='word_1_257' title='bbox 1123 1342 1216 1395; x_wconf 73' lang='lat' dir='ltr'>quid</span> <span class='ocrx_word' id='word_1_258' title='bbox 1269 1342 1344 1379; x_wconf 88' lang='lat' dir='ltr'>dici</span> <span class='ocrx_word' id='word_1_259' title='bbox 1392 1343 1501 1378; x_wconf 85' lang='lat' dir='ltr'>facile</span> <span class='ocrx_word' id='word_1_260' title='bbox 1546 1343 1781 1392; x_wconf 80' lang='lat' dir='ltr'>intelligitur,</span> 
     </span>
     <span class='ocr_line' id='line_1_56' title="bbox 1122 1398 1783 1436; baseline 0 0"><span class='ocrx_word' id='word_1_261' title='bbox 1122 1398 1227 1436; x_wconf 90' lang='lat' dir='ltr'>haud</span> <span class='ocrx_word' id='word_1_262' title='bbox 1257 1398 1504 1436; x_wconf 85' lang='lat' dir='ltr'>incommode</span> <span class='ocrx_word' id='word_1_263' title='bbox 1544 1412 1565 1435; x_wconf 90' lang='lat' dir='ltr'>a</span> <span class='ocrx_word' id='word_1_264' title='bbox 1593 1399 1700 1436; x_wconf 86' lang='lat' dir='ltr'>Valla</span> <span class='ocrx_word' id='word_1_265' title='bbox 1730 1400 1783 1436; x_wconf 86' lang='lat' dir='ltr'>ita</span> 
     </span>
     <span class='ocr_line' id='line_1_57' title="bbox 1122 1456 1780 1506; baseline 0.003 -14"><span class='ocrx_word' id='word_1_266' title='bbox 1122 1467 1365 1506; x_wconf 77' lang='lat' dir='ltr'>expressum:</span> <span class='ocrx_word' id='word_1_267' title='bbox 1387 1469 1449 1492; x_wconf 79' lang='lat' dir='ltr'>nec</span> <span class='ocrx_word' id='word_1_268' title='bbox 1466 1457 1551 1492; x_wconf 82' lang='lat' dir='ltr'>sinit</span> <span class='ocrx_word' id='word_1_269' title='bbox 1570 1456 1780 1494; x_wconf 80' lang='lat' dir='ltr'>insolescere.</span> 
     </span>
     <span class='ocr_line' id='line_1_58' title="bbox 1122 1511 1781 1563; baseline 0 -13"><span class='ocrx_word' id='word_1_270' title='bbox 1122 1514 1276 1550; x_wconf 83' lang='lat' dir='ltr'>Scilicet</span> <span class='ocrx_word' id='word_1_271' title='bbox 1312 1512 1418 1561; x_wconf 84' lang='lat' dir='ltr'>(suut</span> <span class='ocrx_word' id='word_1_272' title='bbox 1451 1513 1530 1563; x_wconf 84' lang='lat' dir='ltr'>ipsa</span> <span class='ocrx_word' id='word_1_273' title='bbox 1561 1511 1781 1563; x_wconf 77' lang='lat' dir='ltr'>Schweigh-</span> 
     </span>
     <span class='ocr_line' id='line_1_59' title="bbox 1120 1568 1782 1620; baseline 0.003 -14"><span class='ocrx_word' id='word_1_274' title='bbox 1120 1570 1276 1618; x_wconf 84' lang='lat' dir='ltr'>verba),</span> <span class='ocrx_word' id='word_1_275' title='bbox 1310 1568 1646 1620; x_wconf 70' lang='lat' dir='ltr'>&#39;quemadmodum</span> <span class='ocrx_word' id='word_1_276' title='bbox 1677 1584 1782 1620; x_wconf 85' lang='grc' dir='ltr'><em>φαν-</em></span> 
     </span>
     <span class='ocr_line' id='line_1_60' title="bbox 1119 1625 1781 1676; baseline -0.002 -12"><span class='ocrx_word' id='word_1_277' title='bbox 1119 1626 1236 1664; x_wconf 83' lang='grc' dir='ltr'><em>τασία</em></span> <span class='ocrx_word' id='word_1_278' title='bbox 1266 1638 1345 1662; x_wconf 87' lang='lat' dir='ltr'>non</span> <span class='ocrx_word' id='word_1_279' title='bbox 1375 1625 1491 1663; x_wconf 86' lang='lat' dir='ltr'>modo</span> <span class='ocrx_word' id='word_1_280' title='bbox 1521 1628 1686 1676; x_wconf 79' lang='lat' dir='ltr'>speciem,</span> <span class='ocrx_word' id='word_1_281' title='bbox 1722 1628 1781 1663; x_wconf 84' lang='lat' dir='ltr'>vi-</span> 
     </span>
     <span class='ocr_line' id='line_1_61' title="bbox 1119 1682 1781 1731; baseline 0 -12"><span class='ocrx_word' id='word_1_282' title='bbox 1119 1695 1208 1729; x_wconf 85' lang='lat' dir='ltr'>sum,</span> <span class='ocrx_word' id='word_1_283' title='bbox 1243 1682 1442 1731; x_wconf 79' lang='lat' dir='ltr'>adspectum</span> <span class='ocrx_word' id='word_1_284' title='bbox 1478 1683 1611 1730; x_wconf 88' lang='lat' dir='ltr'>[conf.</span> <span class='ocrx_word' id='word_1_285' title='bbox 1630 1684 1781 1720; x_wconf 88' lang='lat' dir='ltr'>Ernest.</span> 
     </span>
     <span class='ocr_line' id='line_1_62' title="bbox 1121 1739 1781 1791; baseline 0.002 -17"><span class='ocrx_word' id='word_1_286' title='bbox 1121 1739 1226 1775; x_wconf 87' lang='lat' dir='ltr'>Clav.</span> <span class='ocrx_word' id='word_1_287' title='bbox 1258 1739 1377 1775; x_wconf 88' lang='lat' dir='ltr'>Cicer.</span> <span class='ocrx_word' id='word_1_288' title='bbox 1409 1752 1437 1776; x_wconf 85' lang='lat' dir='ltr'>s.</span> <span class='ocrx_word' id='word_1_289' title='bbox 1461 1752 1498 1775; x_wconf 80' lang='lat' dir='ltr'>v.</span> <span class='ocrx_word' id='word_1_290' title='bbox 1521 1741 1632 1776; x_wconf 76' lang='lat' dir='ltr'>visum</span> <span class='ocrx_word' id='word_1_291' title='bbox 1651 1740 1781 1791; x_wconf 91' lang='lat' dir='ltr'>ibique</span> 
     </span>
     <span class='ocr_line' id='line_1_63' title="bbox 1121 1793 1780 1843; baseline 0.003 -13"><span class='ocrx_word' id='word_1_292' title='bbox 1121 1796 1241 1831; x_wconf 87' lang='lat' dir='ltr'>Cicer.</span> <span class='ocrx_word' id='word_1_293' title='bbox 1262 1796 1320 1831; x_wconf 87' lang='lat' dir='ltr'>De</span> <span class='ocrx_word' id='word_1_294' title='bbox 1335 1801 1411 1831; x_wconf 85' lang='lat' dir='ltr'>nat.</span> <span class='ocrx_word' id='word_1_295' title='bbox 1435 1793 1537 1833; x_wconf 79' lang='lat' dir='ltr'>deor.</span> <span class='ocrx_word' id='word_1_296' title='bbox 1560 1797 1590 1843; x_wconf 90' lang='lat' dir='ltr'>I,</span> <span class='ocrx_word' id='word_1_297' title='bbox 1613 1795 1656 1843; x_wconf 91' lang='lat'>5]</span> <span class='ocrx_word' id='word_1_298' title='bbox 1674 1825 1684 1843; x_wconf 84' lang='lat'>,</span> <span class='ocrx_word' id='word_1_299' title='bbox 1712 1794 1780 1832; x_wconf 91' lang='lat' dir='ltr'>sed</span> 
     </span>
     <span class='ocr_line' id='line_1_64' title="bbox 1120 1849 1780 1901; baseline 0.002 -13"><span class='ocrx_word' id='word_1_300' title='bbox 1120 1849 1280 1888; x_wconf 85' lang='lat' dir='ltr'>subinde</span> <span class='ocrx_word' id='word_1_301' title='bbox 1321 1858 1357 1887; x_wconf 89' lang='lat' dir='ltr'>et</span> <span class='ocrx_word' id='word_1_302' title='bbox 1385 1852 1577 1901; x_wconf 80' lang='lat' dir='ltr'>sigillatiin</span> <span class='ocrx_word' id='word_1_303' title='bbox 1614 1853 1780 1890; x_wconf 76' lang='lat' dir='ltr'>maiorem</span> 
     </span>
     <span class='ocr_line' id='line_1_65' title="bbox 1121 1908 1781 1958; baseline 0.003 -14"><span class='ocrx_word' id='word_1_304' title='bbox 1121 1908 1295 1958; x_wconf 80' lang='lat' dir='ltr'>quandam</span> <span class='ocrx_word' id='word_1_305' title='bbox 1321 1911 1354 1944; x_wconf 90' lang='lat' dir='ltr'>et</span> <span class='ocrx_word' id='word_1_306' title='bbox 1385 1909 1611 1956; x_wconf 75' lang='lat' dir='ltr'>insigniorem</span> <span class='ocrx_word' id='word_1_307' title='bbox 1636 1910 1781 1958; x_wconf 83' lang='lat' dir='ltr'>speciem</span> 
     </span>
     <span class='ocr_line' id='line_1_66' title="bbox 1119 1963 1777 2016; baseline 0.005 -15"><span class='ocrx_word' id='word_1_308' title='bbox 1119 1965 1307 2014; x_wconf 84' lang='lat' dir='ltr'>significat</span> <span class='ocrx_word' id='word_1_309' title='bbox 1337 1963 1440 2013; x_wconf 79' lang='lat' dir='ltr'>(vid.</span> <span class='ocrx_word' id='word_1_310' title='bbox 1467 1966 1562 2002; x_wconf 82' lang='lat' dir='ltr'>Lex.</span> <span class='ocrx_word' id='word_1_311' title='bbox 1582 1965 1721 2016; x_wconf 86' lang='lat' dir='ltr'>Polyb.</span> <span class='ocrx_word' id='word_1_312' title='bbox 1739 1979 1777 2015; x_wconf 91' lang='lat' dir='ltr'>p.</span> 
     </span>
     <span class='ocr_line' id='line_1_67' title="bbox 1121 2017 1780 2070; baseline 0.003 -11"><span class='ocrx_word' id='word_1_313' title='bbox 1121 2020 1234 2070; x_wconf 79' lang='lat'>645),</span> <span class='ocrx_word' id='word_1_314' title='bbox 1251 2022 1302 2058; x_wconf 91' lang='lat' dir='ltr'>sic</span> <span class='ocrx_word' id='word_1_315' title='bbox 1323 2022 1484 2058; x_wconf 86' lang='lat' dir='ltr'>verbum</span> <span class='ocrx_word' id='word_1_316' title='bbox 1506 2017 1780 2070; x_wconf 83' lang='grc' dir='ltr'><em>φαντάζεσθαι</em></span> 
     </span>
     <span class='ocr_line' id='line_1_68' title="bbox 1117 2076 1779 2128; baseline 0.005 -15"><span class='ocrx_word' id='word_1_317' title='bbox 1117 2076 1158 2114; x_wconf 88' lang='lat' dir='ltr'>h.</span> <span class='ocrx_word' id='word_1_318' title='bbox 1179 2078 1204 2114; x_wconf 88' lang='lat'>1.</span> <span class='ocrx_word' id='word_1_319' title='bbox 1235 2077 1389 2114; x_wconf 87' lang='lat' dir='ltr'>denotat</span> <span class='ocrx_word' id='word_1_320' title='bbox 1417 2079 1589 2126; x_wconf 77' lang='lat' dir='ltr'>insignem</span> <span class='ocrx_word' id='word_1_321' title='bbox 1621 2077 1779 2128; x_wconf 77' lang='lat' dir='ltr'>aliquam</span> 
     </span>
     <span class='ocr_line' id='line_1_69' title="bbox 1112 2133 1778 2184; baseline 0.002 -14"><span class='ocrx_word' id='word_1_322' title='bbox 1112 2146 1202 2184; x_wconf 83' lang='lat' dir='ltr'>prae</span> <span class='ocrx_word' id='word_1_323' title='bbox 1222 2149 1256 2171; x_wconf 84' lang='lat' dir='ltr'>se</span> <span class='ocrx_word' id='word_1_324' title='bbox 1277 2136 1418 2184; x_wconf 77' lang='lat' dir='ltr'>speciem</span> <span class='ocrx_word' id='word_1_325' title='bbox 1435 2133 1532 2184; x_wconf 82' lang='lat' dir='ltr'>ferre</span> <span class='ocrx_word' id='word_1_326' title='bbox 1547 2138 1653 2184; x_wconf 81' lang='lat' dir='ltr'>atque</span> <span class='ocrx_word' id='word_1_327' title='bbox 1663 2138 1778 2171; x_wconf 81' lang='lat' dir='ltr'>osten-</span> 
     </span>
     <span class='ocr_line' id='line_1_70' title="bbox 1118 2189 1775 2241; baseline 0.006 -15"><span class='ocrx_word' id='word_1_328' title='bbox 1118 2194 1208 2227; x_wconf 84' lang='lat' dir='ltr'>tare.</span> <span class='ocrx_word' id='word_1_329' title='bbox 1239 2191 1350 2228; x_wconf 86' lang='lat' dir='ltr'>Conf.</span> <span class='ocrx_word' id='word_1_330' title='bbox 1371 2193 1419 2227; x_wconf 88' lang='lat' dir='ltr'>H.</span> <span class='ocrx_word' id='word_1_331' title='bbox 1451 2189 1635 2241; x_wconf 84' lang='lat' dir='ltr'>Stephan.</span> <span class='ocrx_word' id='word_1_332' title='bbox 1657 2189 1775 2230; x_wconf 87' lang='lat' dir='ltr'>Thes.</span> 
     </span>
     <span class='ocr_line' id='line_1_71' title="bbox 1116 2246 1776 2297; baseline 0.005 -15"><span class='ocrx_word' id='word_1_333' title='bbox 1116 2247 1168 2283; x_wconf 91' lang='lat' dir='ltr'>IV</span> <span class='ocrx_word' id='word_1_334' title='bbox 1183 2261 1221 2297; x_wconf 88' lang='lat' dir='ltr'>p.</span> <span class='ocrx_word' id='word_1_335' title='bbox 1244 2250 1296 2287; x_wconf 85' lang='lat'>37</span> <span class='ocrx_word' id='word_1_336' title='bbox 1317 2247 1364 2284; x_wconf 92' lang='lat' dir='ltr'>A.</span> <span class='ocrx_word' id='word_1_337' title='bbox 1422 2246 1485 2283; x_wconf 91' lang='lat' dir='ltr'>Ad</span> <span class='ocrx_word' id='word_1_338' title='bbox 1504 2246 1603 2283; x_wconf 83' lang='lat' dir='ltr'>hanc</span> <span class='ocrx_word' id='word_1_339' title='bbox 1625 2250 1776 2285; x_wconf 81' lang='lat' dir='ltr'>ostenta-</span> 
     </span>
     <span class='ocr_line' id='line_1_72' title="bbox 1117 2302 1774 2352; baseline 0.002 -13"><span class='ocrx_word' id='word_1_340' title='bbox 1117 2305 1219 2339; x_wconf 80' lang='lat' dir='ltr'>tionis</span> <span class='ocrx_word' id='word_1_341' title='bbox 1249 2302 1565 2352; x_wconf 72' lang='lat' dir='ltr'>significationem</span> <span class='ocrx_word' id='word_1_342' title='bbox 1613 2304 1774 2341; x_wconf 84' lang='lat' dir='ltr'>verbum</span> 
     </span>
     <span class='ocr_line' id='line_1_73' title="bbox 1117 2355 1774 2407; baseline 0.002 -11"><span class='ocrx_word' id='word_1_343' title='bbox 1117 2355 1391 2407; x_wconf 68' lang='grc' dir='ltr'><em>φαντάζεσθαι</em></span> <span class='ocrx_word' id='word_1_344' title='bbox 1420 2358 1457 2397; x_wconf 88' lang='lat' dir='ltr'>h.</span> <span class='ocrx_word' id='word_1_345' title='bbox 1480 2361 1505 2396; x_wconf 91' lang='lat' dir='ltr'>l.</span> <span class='ocrx_word' id='word_1_346' title='bbox 1526 2366 1627 2396; x_wconf 87' lang='lat' dir='ltr'>recte</span> <span class='ocrx_word' id='word_1_347' title='bbox 1648 2361 1774 2397; x_wconf 88' lang='lat' dir='ltr'>retulit</span> 
     </span>
     <span class='ocr_line' id='line_1_74' title="bbox 1118 2415 1772 2467; baseline 0.005 -17"><span class='ocrx_word' id='word_1_348' title='bbox 1118 2415 1256 2452; x_wconf 82' lang='lat' dir='ltr'>Cora&#39;es</span> <span class='ocrx_word' id='word_1_349' title='bbox 1277 2415 1324 2452; x_wconf 87' lang='lat' dir='ltr'>ad</span> <span class='ocrx_word' id='word_1_350' title='bbox 1352 2415 1546 2454; x_wconf 88' lang='lat' dir='ltr'>Heliodor.</span> <span class='ocrx_word' id='word_1_351' title='bbox 1565 2415 1772 2467; x_wconf 78' lang='lat' dir='ltr'>Aethiopp,</span> 
     </span>
     <span class='ocr_line' id='line_1_75' title="bbox 1115 2472 1772 2522; baseline 0.005 -15"><span class='ocrx_word' id='word_1_352' title='bbox 1115 2472 1196 2518; x_wconf 89' lang='lat' dir='ltr'>VII,</span> <span class='ocrx_word' id='word_1_353' title='bbox 1233 2475 1282 2512; x_wconf 89' lang='lat'>10</span> <span class='ocrx_word' id='word_1_354' title='bbox 1321 2485 1408 2522; x_wconf 82' lang='lat' dir='ltr'>pag.</span> <span class='ocrx_word' id='word_1_355' title='bbox 1441 2475 1534 2520; x_wconf 79' lang='lat'>233,</span> <span class='ocrx_word' id='word_1_356' title='bbox 1575 2473 1772 2510; x_wconf 88' lang='lat' dir='ltr'>oblocutus</span> 
     </span>
    </p>
   </div>
   <div class='ocr_carea' id='block_1_14' title="bbox 1114 2526 1842 2580">
    <p class='ocr_par' dir='ltr' id='par_1_15' title="bbox 1114 2526 1842 2580">
     <span class='ocr_line' id='line_1_76' title="bbox 1114 2526 1842 2580; baseline 0.005 -17"><span class='ocrx_word' id='word_1_357' title='bbox 1114 2526 1318 2574; x_wconf 78' lang='lat' dir='ltr'>Larchem,</span> <span class='ocrx_word' id='word_1_358' title='bbox 1337 2530 1401 2580; x_wconf 84' lang='lat' dir='ltr'>qui</span> <span class='ocrx_word' id='word_1_359' title='bbox 1423 2528 1517 2565; x_wconf 92' lang='lat' dir='ltr'>illud</span> <span class='ocrx_word' id='word_1_360' title='bbox 1538 2528 1585 2566; x_wconf 89' lang='lat' dir='ltr'>ad</span> <span class='ocrx_word' id='word_1_361' title='bbox 1604 2531 1771 2580; x_wconf 88' lang='lat' dir='ltr'>priorem</span> <span class='ocrx_word' id='word_1_362' title='bbox 1836 2537 1842 2545; x_wconf 89' lang='grc'><strong>’</strong></span> 
     </span>
    </p>
   </div>
   <div class='ocr_carea' id='block_1_15' title="bbox 1107 2584 1771 2904">
    <p class='ocr_par' dir='ltr' id='par_1_16' title="bbox 1107 2584 1771 2904">
     <span class='ocr_line' id='line_1_77' title="bbox 1114 2584 1771 2634; baseline 0.005 -14"><span class='ocrx_word' id='word_1_363' title='bbox 1114 2584 1429 2634; x_wconf 82' lang='lat' dir='ltr'>significationem</span> <span class='ocrx_word' id='word_1_364' title='bbox 1445 2584 1660 2634; x_wconf 85' lang='lat' dir='ltr'>deflexerat,</span> <span class='ocrx_word' id='word_1_365' title='bbox 1681 2597 1771 2623; x_wconf 88' lang='lat' dir='ltr'>cum</span> 
     </span>
     <span class='ocr_line' id='line_1_78' title="bbox 1112 2641 1769 2691; baseline 0 -14"><span class='ocrx_word' id='word_1_366' title='bbox 1112 2647 1243 2677; x_wconf 85' lang='lat' dir='ltr'>tamen</span> <span class='ocrx_word' id='word_1_367' title='bbox 1254 2641 1439 2691; x_wconf 79' lang='lat' dir='ltr'>significet</span> <span class='ocrx_word' id='word_1_368' title='bbox 1452 2653 1462 2678; x_wconf 91' lang='lat'><strong>:</strong></span> <span class='ocrx_word' id='word_1_369' title='bbox 1483 2655 1549 2679; x_wconf 80' lang='lat' dir='ltr'>non</span> <span class='ocrx_word' id='word_1_370' title='bbox 1560 2645 1646 2680; x_wconf 73' lang='lat' dir='ltr'>sinit</span> <span class='ocrx_word' id='word_1_371' title='bbox 1657 2645 1769 2679; x_wconf 79' lang='lat' dir='ltr'>osten-</span> 
     </span>
     <span class='ocr_line' id='line_1_79' title="bbox 1113 2697 1770 2735; baseline -0.002 -1"><span class='ocrx_word' id='word_1_372' title='bbox 1113 2701 1202 2734; x_wconf 81' lang='lat' dir='ltr'>tare.</span> <span class='ocrx_word' id='word_1_373' title='bbox 1241 2699 1389 2734; x_wconf 87' lang='lat' dir='ltr'>Monuit</span> <span class='ocrx_word' id='word_1_374' title='bbox 1413 2698 1586 2735; x_wconf 87' lang='lat' dir='ltr'>Creuzer.</span> <span class='ocrx_word' id='word_1_375' title='bbox 1608 2697 1655 2735; x_wconf 84' lang='lat' dir='ltr'>ad</span> <span class='ocrx_word' id='word_1_376' title='bbox 1675 2697 1770 2734; x_wconf 85' lang='lat' dir='ltr'>Plo-</span> 
     </span>
     <span class='ocr_line' id='line_1_80' title="bbox 1109 2753 1766 2805; baseline 0 -15"><span class='ocrx_word' id='word_1_377' title='bbox 1109 2755 1178 2791; x_wconf 81' lang='lat' dir='ltr'>tin.</span> <span class='ocrx_word' id='word_1_378' title='bbox 1200 2753 1246 2790; x_wconf 88' lang='lat' dir='ltr'>de</span> <span class='ocrx_word' id='word_1_379' title='bbox 1268 2753 1471 2805; x_wconf 86' lang='lat' dir='ltr'>pulcritud.</span> <span class='ocrx_word' id='word_1_380' title='bbox 1495 2767 1580 2805; x_wconf 84' lang='lat' dir='ltr'>pag.</span> <span class='ocrx_word' id='word_1_381' title='bbox 1597 2756 1685 2800; x_wconf 86' lang='lat'>136,</span> <span class='ocrx_word' id='word_1_382' title='bbox 1700 2754 1766 2790; x_wconf 91' lang='lat' dir='ltr'>ubi</span> 
     </span>
     <span class='ocr_line' id='line_1_81' title="bbox 1109 2809 1767 2860; baseline -0.002 -14"><span class='ocrx_word' id='word_1_383' title='bbox 1109 2809 1157 2846; x_wconf 89' lang='lat' dir='ltr'>de</span> <span class='ocrx_word' id='word_1_384' title='bbox 1191 2810 1265 2847; x_wconf 85' lang='lat' dir='ltr'>hoc</span> <span class='ocrx_word' id='word_1_385' title='bbox 1296 2811 1380 2847; x_wconf 89' lang='lat' dir='ltr'>loco</span> <span class='ocrx_word' id='word_1_386' title='bbox 1410 2810 1625 2847; x_wconf 86' lang='lat' dir='ltr'>Herodoteo</span> <span class='ocrx_word' id='word_1_387' title='bbox 1653 2822 1767 2860; x_wconf 87' lang='lat' dir='ltr'>prae-</span> 
     </span>
     <span class='ocr_line' id='line_1_82' title="bbox 1107 2864 1766 2904; baseline -0.002 0"><span class='ocrx_word' id='word_1_388' title='bbox 1107 2873 1209 2904; x_wconf 85' lang='lat' dir='ltr'>terea</span> <span class='ocrx_word' id='word_1_389' title='bbox 1230 2867 1375 2904; x_wconf 88' lang='lat' dir='ltr'>consuli</span> <span class='ocrx_word' id='word_1_390' title='bbox 1395 2867 1475 2904; x_wconf 89' lang='lat' dir='ltr'>vult</span> <span class='ocrx_word' id='word_1_391' title='bbox 1495 2864 1696 2904; x_wconf 80' lang='lat' dir='ltr'>Gatacker.</span> <span class='ocrx_word' id='word_1_392' title='bbox 1717 2864 1766 2903; x_wconf 80' lang='lat' dir='ltr'>ad</span> 
     </span>
    </p>
   </div>
  </div>
 </body>
</html>
