1870 3249
389 221 1043 260 TERPSICHORE.
1102 220 1147 257 V.

1345 220 1399 260 61

146 334 223 389 ,,τό
257 329 569 385 Εὐρυσθένεος
605 330 811 387 γενέσθαι
849 330 1053 386 ἐξίτηλον.
1107 327 1162 372 σύ
1205 344 1288 372 νυν
1323 327 1404 384 τὴν

117 401 250 457 4,,μὲν
280 400 386 455 ἔχεις
414 403 614 454 γυναῖκα,
644 398 734 442 ἐπεί
762 413 806 441 τε
835 415 904 441 τοι
933 395 987 441 οὐ
1016 398 1162 448 τίκτει,
1192 397 1298 448 ἔξεο,
1330 395 1404 439 ἅλ-

143 472 224 524 λην
268 467 315 510 δὲ
361 471 529 524 γῆμον·
575 467 648 510 καὶ
687 466 849 510 ποιέων
894 469 1058 517 ταῦτα,
1098 464 1430 521 Σπαρτιήτῃσιί

115 534 385 592 5,,ἆδήσεις.“
439 534 489 577 Ὁ
528 533 574 578 δὲ
603 532 801 591 ἄμείβετο
836 534 923 590 φάς
968 532 1166 587 ,,του’των
1195 532 1402 588 οὐδέτερα
1459 543 1537 583 391

141 602 395 658 ,,ποιήσειν·
430 603 620 654 ἐκείνους
639 619 683 646 τε
714 601 769 646 οὐ
797 607 941 654 καλῶς
960 600 1293 657 συμβουλεύειν,
1323 616 1404 644 πα·

142 670 443 725 ,,ραινεόντας,
473 669 551 726 τὴν
583 671 664 726 ἔχει
699 676 917 726 γυναῖκα,
962 670 1122 713 ἐοῦσαν
1159 668 1404 725 ἀναμάρτη-

142 755 248 793 ,,τον
288 739 457 796 ἑωυτῷ,
502 738 666 795 ταύτην
705 738 890 790 ἀπέντα,
931 737 1067 794 ἄλλην
1095 738 1406 794 ἐσαγαγέσθαι·

16 805 84 850 40
139 805 273 858 „01362'
303 819 383 863 σφι
411 809 678 851 πείσεσθαι.“

84 1131 220 1165 neam,
260 1117 481 1155 admonent.
547 1116 745 1162 Quemad-

85 1174 248 1212 modum
281 1176 384 1211 enim
411 1176 451 1210 in
471 1175 627 1224 singulis
649 1176 746 1211 civi—

39 1269 46 1274 „
86 1232 157 1270 bus
186 1233 236 1268 ita
261 1233 301 1268 in
334 1232 485 1281 regibus
525 1233 746 1282 praesertim

87 1302 132 1325 eo
161 1289 342 1340 spectavit
369 1289 659 1325 matrimonium
698 1302 746 1324 ex

88 1346 364 1396 Spartanorum
383 1347 568 1382 sententia
580 1375 589 1393 ,
620 1352 663 1382 ut
682 1358 746 1382 so-

86 1402 191 1439 boles
220 1403 373 1438 robusta
393 1402 535 1438 civitati
561 1403 744 1452 gignere-

87 1465 174 1506 tur,
225 1460 287 1495 cui
316 1471 532 1511 numquam
573 1458 745 1496 deessent

65 1516 159 1552 ‘viri
193 1516 336 1552 robusti
365 1528 408 1552 ac
443 1516 571 1552 fortes.
643 1517 744 1553 Hinc

87 1585 242 1624 quoque
264 1571 505 1609 diiudicanda
525 1579 624 1619 sunt,
647 1586 745 1625 quae

86 1627 188 1680 apud
206 1628 399 1665 Plutarch.
428 1630 469 1665 in
488 1631 653 1681 Lycurg.
679 1629 742 1671 15.

84 1684 334 1737 Xenophont.
363 1688 458 1737 Rep.
487 1688 632 1723 Lacon.
652 1688 682 1733 I,
706 1688 743 1732 §.

85 1745 111 1783 7
150 1743 350 1793 leguntur,
400 1741 476 1779 huc
521 1744 743 1794 spectantia,

83 1799 183 1835 bene
212 1806 370 1836 tractata
396 1812 418 1835 a
446 1799 581 1850 Cragio
601 1801 660 1837 De
680 1813 743 1836 re-

85 1856 191 1906 publ.
211 1857 301 1892 Lac.
316 1857 370 1892 111
388 1857 479 1893 lust.
499 1857 570 1893 IX.

144 1932 203 1973 ἐπ
218 1934 262 1972 εί
286 1947 337 1972 τε
365 1949 425 1972 τοι
447 1929 496 1972 ου’
515 1934 652 1982 τίκτει]
685 1934 743 1971 Cf.
759 1925 770 1939 ⁸

87 1989 133 2037 V,
157 1992 221 2030 18.
278 1991 372 2026 Mox
398 1997 499 2026 recte
526 2004 630 2027 nunc
661 1990 745 2027 edi-

86 2052 149 2082 tur
178 2045 271 2094 ἕξεο,
307 2048 333 2082 i.
365 2059 398 2082 e.
421 2047 557 2084 dimitte
586 2061 607 2083 a
627 2048 743 2084 verbo

86 2101 230 2153 ἐξίημι.
289 2103 346 2139 Cf.
371 2102 505 2140 Matth.
528 2105 594 2144 Gr.
617 2105 682 2140 Gr.
705 2105 742 2149 ξ.

86 2161 181 2200 213.
218 2161 244 2199 2
281 2171 367 2210 pag.
411 2159 507 2200 407.
584 2161 745 2197 Plurimi

85 2213 198 2252 codd.
221 2214 263 2254 ἐκ
284 2215 348 2255 σέο
363 2245 372 2263 ,
403 2215 507 2268 quod
525 2218 652 2267 ipsum
672 2230 745 2254 an—

85 2271 273 2309 tecedenti
293 2273 411 2311 τίκτει
433 2272 663 2324 adiungitur.
699 2276 744 2311 In

85 2341 163 2365 una
182 2328 324 2366 Aldina
345 2328 385 2368 ἐκ
411 2329 475 2369 σέο
499 2328 617 2378 ἄπες,
641 2330 745 2383 quod

85 2386 212 2436 plures
233 2385 321 2422 dein
331 2393 551 2424 tenuerunt.
580 2389 616 2424 A
627 2389 743 2425 verbo

87 2442 216 2493 ε’ξίήμι
248 2442 358 2479 fluxit
393 2443 516 2491 ἕξεσις
544 2445 590 2491 V,
611 2445 666 2485 40
689 2445 745 2482 ‹li-

86 2501 225 2544 missio,
257 2499 468 2547 divortium,
511 2496 747 2552 οἷπόπεμψις

86 2552 297 2607 γυναικός,
335 2563 378 2593 ut
413 2559 570 2608 exponit
606 2559 746 2595 Eusta-

88 2610 212 2659 thius3
259 2625 351 2648 nam
387 2614 427 2649 in
457 2615 579 2651 verbis
601 2613 744 2665 ἐξίημι,

89 2667 211 2716 ἔξεσις
249 2668 383 2706 eadem
411 2671 507 2707 inest
545 2672 601 2708 vis
631 2678 745 2723 atque

88 2725 128 2761 in
148 2725 264 2762 verbo
287 2721 550 2777 ἀποπέμπειν,
572 2727 676 2779 quod
698 2727 746 2765 de

88 2782 176 2818 viris
225 2782 324 2819 valet
345 2812 354 2829 ,
419 2783 747 2834 quemadmodum

85 2833 318 2878 4ἀπολείπειν
350 2837 398 2875 de
423 2839 586 2878 feminis.
637 2841 745 2878 Conf.

739 807 860 861 Πρός
887 810 1023 849 ταῦτα
1062 808 1105 849 οἷ
1134 806 1291 862 ἔφοροι
1319 804 1429 849 καὶὸ

144 876 189 918 οἱ
216 874 416 930 γέροντες
444 873 800 930 βουλευσάμενοι,
832 874 1107 929 προσέφερον
1129 871 1396 929 Ἀναξανδρί-

143 945 198 1000 δῃ
237 943 359 986 τάδε·
413 941 554 995 ,,Ἐπεὶ
602 944 756 986 τοίνυν
788 941 1095 999 περιεχόμενόν
1134 954 1179 986 σε
1219 939 1404 996 ὁρέομεν

799 1118 862 1164 VI,
884 1120 937 1158 63
977 1123 1015 1153 et
1043 1118 1072 1164 I,
1093 1117 1147 1158 59
1177 1116 1305 1167 ibique
1335 1115 1460 1151 citata.

799 1197 855 1200 —
894 1173 956 1210 Ad
988 1169 1152 1223 ἁδήσεις
1182 1172 1284 1209 conf.
1322 1169 1460 1208 Matth.

802 1232 868 1268 Gr.
886 1232 952 1268 Gr.
972 1232 1008 1276 ξ.
1031 1229 1111 1271 224
1138 1242 1227 1280 pag.
1248 1227 1343 1270 434.
1384 1229 1460 1264 Pro

802 1287 973 1327 τουτέων
999 1286 1088 1324 dedi
1116 1285 1282 1325 τούτων.
1312 1306 1369 1313 -—
1398 1283 1460 1321 Ad

802 1345 962 1382 verbum
1005 1341 1265 1395 ἐσαγαγέσθαι
1305 1344 1345 1378 iu
1384 1341 1461 1378 fine

801 1415 885 1454 cap.
906 1401 1009 1439 conf.
1030 1403 1142 1438 citata
1163 1399 1213 1436 ad
1231 1399 1295 1448 IV,
1317 1401 1385 1440 78.

1032 1514 1125 1565 Cap.
1146 1514 1230 1550 XL.

846 1589 959 1633 Ἐπεὶ
977 1594 1114 1633 τοίνυν
1128 1586 1405 1645 περιεχόμενόν
1420 1602 1461 1629 σε

800 1649 995 1702 ὁρέομεν]
1048 1649 1160 1695 Quod
1198 1656 1283 1701 post
1321 1648 1461 1687 τοίνυν

799 1709 971 1760 plerique
983 1707 1095 1745 codd.
1109 1709 1281 1744 inserunt
1300 1706 1462 1742 alterum

799 1780 873 1812 τοι,
896 1764 1077 1817 equidem
1098 1777 1189 1801 cum
1209 1761 1404 1800 Schaefer.
1423 1767 1458 1797 et

799 1821 934 1858 Matth.
968 1821 1159 1859 Sancrofti
1188 1819 1273 1857 cod.
1295 1818 1462 1854 auctori-

799 1885 877 1915 tate
909 1878 1054 1925 deleviz,
1085 1884 1341 1928 jquamquam
1369 1875 1461 1911 reti-

799 1935 926 1971 nuisse
946 1934 1058 1971 video
1089 1930 1402 1983 Schweighaeus.
1423 1937 1460 1967 et

801 1991 918 2027 Gaisf.
994 1989 1057 2027 Ad
1095 1991 1258 2027 verbmn
1286 1986 1461 2040 περιέχε-

801 2051 899 2086 σθαι
920 2048 1022 2084 conf.
1042 2048 1109 2096 111,
1133 2047 1184 2088 53
1215 2046 1345 2097 ibique
1365 2051 1461 2081 nott.

799 2105 986 2141 Voculam
1008 2101 1076 2151 δὲ,
1117 2116 1215 2156 quae
1236 2109 1321 2154 post
1342 2098 1390 2141 σύ
1419 2103 1460 2138 iu

801 2160 958 2212 apodosi
987 2162 1148 2211 legitur,
1179 2173 1269 2198 cum
1291 2160 1338 2196 G.
1361 2160 1462 2194 Her-

799 2231 943 2254 manno
983 2217 1031 2254 ad
1073 2216 1255 2268 Sophocl.
1294 2214 1460 2252 Philoct.

801 2277 854 2316 86
875 2287 964 2326 pag.
985 2277 1051 2321 23,
1080 2276 1133 2311 ita
1155 2275 1345 2325 explicare
1366 2274 1460 2310 lice-

800 2331 876 2379 bit,
896 2339 940 2368 ut
966 2332 1073 2368 illam
1091 2331 1299 2368 referamus
1321 2329 1369 2367 ad
1390 2330 1461 2366 ali-

802 2401 918 2440 quam
938 2396 1085 2439 partem
1105 2388 1316 2425 sententiae
1330 2416 1340 2432 ‚
1362 2399 1460 2438 quae

801 2446 922 2496 qualis
942 2447 1001 2491 sit,
1033 2444 1194 2482 dubium
1215 2458 1294 2481 esse
1314 2445 1459 2495 nequit,

802 2515 924 2554 quum
952 2504 1124 2553 opposita
1154 2515 1232 2539 esse
1253 2500 1388 2538 debeat
1413 2501 1460 2546 ei,

801 2559 842 2595 iu
864 2571 940 2610 qua
961 2566 1017 2596 est
1036 2557 1088 2598 δέ.
1148 2561 1280 2611 Itaque
1300 2556 1340 2593 h.
1361 2557 1387 2593 l.
1406 2557 1458 2592 sic

803 2617 982 2666 exponit:
1030 2618 1193 2665 quoniam
1224 2620 1258 2652 te
1281 2614 1326 2650 ab
1353 2625 1460 2650 uxore

802 2675 866 2709 tua
890 2674 999 2709 teneri
1010 2673 1180 2718 videmur,
1201 2675 1241 2708 tu
1255 2683 1333 2707 vero
1347 2669 1460 2718 (alius

803 2735 932 2766 autem
950 2729 1105 2766 fortasse
1127 2727 1230 2765 aliud
1247 2726 1379 2775 faciat)
1400 2726 1463 2763 hoc

797 2785 878 2836 fac.
936 2785 1038 2822 Add.
1066 2786 1130 2831 111,
1163 2788 1214 2825 37
1254 2790 1291 2820 et
1330 2783 1461 2821 confer

803 2843 851 2878 sis
872 2854 970 2893 quae
991 2855 1069 2878 non
1095 2854 1245 2892 prorsus
1266 2839 1460 2878 dissimilia

1459 798 1558 838 minis·
1573 797 1703 833 cogitur,

1460 837 1494 860 ut
1513 840 1646 867 priorem
1671 840 1736 859 ser-

1460 875 1536 894 vans
1561 873 1698 900 uxorem,

1460 904 1567 928 contra
1589 907 1703 927 morem
1732 903 1735 906 '

1461 935 1687 970 Spartanorum

1460 970 1589 996 alteram
1603 966 1736 995 inducat.
