1789 3213
432 128 907 167 POLYMNIA.
964 128 1063 167 Vll.

1297 131 1382 172 735

123 238 283 295 σάσης,
319 235 493 281 ἐπέπεσέ
514 247 594 293 σφι
622 236 781 294 χειμών
806 253 851 282 τε
879 236 1010 295 μέγας
1037 238 1111 283 καὶ
1142 237 1300 290 πολλὸς
1330 238 1381 281 ἄ-

121 321 250 362 νεμος
276 301 536 363 ἀπηλιώτης,
563 305 640 350 τὸν
661 305 714 362 δὴ
737 304 1073 363 Ἑλλησποντίην
1101 306 1307 351 καλέουσι
1339 308 1383 350 οἱ

89 374 219 429 3περὶ
254 376 392 418 ταῦτα
429 373 483 417 τὰ
510 376 649 430 χωρία
677 374 912 430 οἰκημένοι,
943 375 1042 419 ὅσοι
1081 373 1160 431 μέν
1188 391 1273 418 νυν
1306 372 1413 418 αὐ-5

119 445 208 486 τῶν
248 440 492 497 αὐξόμενον
521 443 690 499 ἔμαθον
717 441 796 485 τὸν
826 441 988 499 ἄνεμον
999 474 1010 494 ,
1050 442 1125 486 καὶ
1161 447 1274 487 τοῖσι
1305 442 1379 487 οὕ-

119 526 179 553 τω
212 506 295 565 εἶχε
333 508 500 566 ὅρμου,
539 512 584 554 οἱ
621 510 657 554 δ’
701 511 904 567 ἔφθησαν
941 509 1018 555 τὸν
1060 514 1249 565 χειμῶνα
1278 510 1379 554 ἀνα-

119 576 360 629 σπάσαντες
400 577 476 630 τοὶς
503 578 615 632 νέας,
653 579 728 623 καὶ
757 577 885 623 αὐτοί
914 594 959 622 τε
988 582 1203 634 περιῆσαν
1231 579 1305 622 καὶ
1335 579 1382 622 αἱ

90 648 113 685 4
123 645 217 696 νέες
258 643 418 689 αὐτῶν.

477 643 582 697 ὅσας
626 648 672 691 δὲ
709 651 799 691 τῶν
828 650 941 691 νεῶν
977 648 1210 702 μεταρσίας
1240 646 1378 702 ἔλαβε,

115 712 194 765 τὰς
222 713 301 770 μὲν
331 711 503 769 ἐξέφερε
533 714 646 770 πρὸς
673 714 840 768 Ἰπνούς
867 714 1159 771 καλεομένους
1188 712 1293 765 τούς
1332 714 1378 758 ἐν
1395 722 1436 755 10

3 958 12 969 δ
61 918 194 949 contra
215 925 333 964 quem
354 909 648 950 Valckenaerius
657 912 718 950 lo-

61 970 221 1006 cutionis
255 969 484 1020 elegantiam
518 971 615 1006 tueri
634 977 718 1007 stu-

61 1024 157 1062 duit.
224 1024 562 1072 Quemadmodum
613 1028 717 1063 enim

57 1082 202 1118 Latinis
221 1095 328 1119 mare
354 1082 490 1119 dicitur
500 1082 651 1132 fervere,
674 1096 717 1120 ac

52 1138 176 1190 fervor
195 1141 316 1186 maris,
335 1140 387 1176 ita
418 1140 554 1176 Graeci
583 1139 715 1176 dicunt

46 1194 172 1244 „gs-sav,
197 1190 378 1243 α’ναζέειν
402 1195 449 1233 de
468 1197 583 1233 maris
604 1196 716 1234 undis

59 1264 102 1289 ac
133 1252 331 1301 fluctibus,
367 1260 409 1290 ut
429 1252 531 1304 apud
553 1254 714 1304 Gregor.

55 1310 165 1346 Naz:
153 1306 268 1352 {.Stel
307 1311 343 1345 II
376 1324 410 1361 p.
428 1310 481 1351 55
502 1312 548 1347 Β.
578 1312 716 1348 Liban.

55 1366 93 1402 Π
112 1379 151 1416 p.
152 1356 253 1407 5f6
276 1367 319 1404 C.
347 1368 405 1402 De
424 1366 580 1417 Apelzote
599 1374 714 1405 vento

55 1421 133 1460 vid.
172 1430 269 1459 nott.
309 1421 357 1460 ad
385 1424 448 1470 IV,
477 1426 545 1464 22.
611 1423 715 1462 Add.

55 1480 178 1516 Kruse
198 1480 325 1516 Hellas
345 1481 374 1527 I,
396 1479 477 1520 275
500 1487 535 1516 et
555 1480 612 1517 W
615 1494 716 1517 esse—

53 1536 148 1586 ling.
139 1565 163 1584 .‚
186 1537 252 1588 qui
279 1536 327 1573 ad
346 1535 386 1573 h.
406 1537 432 1572 l.
454 1534 549 1573 haec
570 1536 713 1573 adscri-

53 1594 151 1643 psit:
196 1593 367 1640 „Ventus
389 1606 437 1629 ex
455 1594 713 1643 septentrione

55 1656 93 1686 et
113 1650 360 1700 Hellesponto
381 1649 475 1686 ssans
492 1657 714 1700 propterea-
744 1670 751 1677 ν
775 1662 783 1670 ·

56 1719 131 1758 que
150 1706 414 1756 Hellespontias
434 1706 574 1753 dictus,
608 1708 712 1744 Atti-

56 1776 123 1799 cae
161 1764 310 1813 regioni
345 1764 537 1814 marisque
566 1764 714 1814 Aegaei

54 1819 184 1856 insulis
209 1820 332 1869 gravis
354 1827 391 1857 et
412 1819 616 1857 damnosus
647 1834 713 1857 ac-

54 1875 216 1923 cidebat,
227 1877 428 1913 Aristotele
438 1877 715 1926 ProbLXXVI,

55 1931 106 1973 57
136 1946 174 1982 p.
210 1934 285 1972 198
320 1932 379 1972 ed.
422 1933 604 1984 Sylburg.
641 1933 715 1971 do-

54 1990 215 2025 cente.“
293 1991 523 2026 Formantur
571 1997 712 2040 autem,

53 2045 278 2082 observante
300 2045 518 2084 Blomfield.
538 2047 578 2082 in
600 2049 714 2085 Glos-

55 2113 127 2140 sar.
143 2101 191 2138 ad
210 2101 390 2154 Aeschyl.
413 2102 584 2154 Choeph.
608 2103 714 2145 1054

56 2165 260 2196 ventorum
299 2160 457 2197 nomina
497 2161 640 2212 aliquot
673 2162 713 2197 in

57 2213 122 2261 ίας
142 2215 353 2253 desinentia
374 2217 420 2253 ab
442 2217 521 2254 aliis
542 2218 713 2254 nomini-

55 2270 139 2319 bus,
181 2279 224 2309 ut
249 2271 566 2324 “Ἐλλησποντίης
602 2272 643 2311 h.
673 2275 712 2323 L,

56 2329 307 2380 Στρυμονίης
342 2328 488 2382 ἄνεμος
524 2330 719 2382 κυματίης

58 2384 158 2432 VIII,
183 2387 276 2434 118,
306 2387 446 2439 γονίας
475 2388 514 2424 in
536 2386 717 2440 Aeschyl.

59 2440 85 2477 l.
105 2441 132 2476 l.
166 2442 338 2491 καικίας,
359 2444 432 2481 alia
453 2443 493 2481 id
513 2457 647 2494 genus.
659 2465 717 2472 —

58 2498 134 2534 Pro
156 2493 309 2537 αυτέων
330 2498 418 2536 dedi
438 2497 584 2540 αὐτῶν.

116 2574 185 2615 καὶ
209 2579 312 2616 τοῖσι
333 2572 438 2616 οὕτω
459 2573 535 2628 εἶχε
553 2575 711 2629 ὅρμου]

58 2632 86 2670 i.
107 2646 141 2671 e.
173 2637 206 2670 et
234 2634 358 2684 quibus
385 2633 446 2671 hoc
473 2647 537 2684 per
554 2638 716 2674 stationis

58 2692 231 2727 rationem
273 2690 387 2727 licuit.
445 2691 520 2727 Ubi
558 2693 716 2741 genitivi

60 2741 189 2798 ὅρμου
229 2759 309 2784 non
337 2747 411 2784 alia
447 2746 598 2786 videtur
637 2761 716 2786 esse

776 912 871 950 ratio
893 919 1006 965 atque
1020 913 1084 961 VI,
1117 914 1212 954 116.
1274 912 1336 949 Ad
1365 927 1436 951 vo-

778 971 905 1007 culam
927 968 979 1009 δὲ
1000 972 1039 1006 in
1060 970 1186 1007 verbis
1201 965 1283 1009 οἷδ’
1305 969 1436 1022 ἔφθη-

779 1039 853 1066 σαν
898 1027 1000 1064 conf.
1039 1027 1206 1067 Werfer.
1255 1028 1295 1063 in
1334 1028 1436 1064 Actt.

776 1082 884 1134 phill.
917 1085 1092 1121 Monacc.
1121 1085 1139 1119 I
1173 1098 1211 1134 p.
1234 1086 1286 1125 96
1307 1084 1436 1136 ibique

777 1141 1017 1191 potissimum
1054 1142 1181 1177 Nostri
1210 1141 1342 1178 loeiun
1370 1142 1435 1190 IV,

834 1258 1137 1311 ἀνασπάσαντες
1157 1260 1228 1311 τοῖς
1249 1262 1359 1314 νέας]
1377 1266 1435 1302 De

776 1320 992 1371 significatu
1018 1322 1124 1359 verbi
1156 1317 1343 1362 οἷνασπᾶν
1374 1324 1436 1374 egi

777 1378 978 1425 adVIL59.
997 1379 1180 1415 Observat
1194 1386 1323 1415 autem
1335 1381 1437 1416 Ren-

775 1435 852 1471 nel.
878 1448 917 1485 p.
938 1438 1020 1476 702
1041 1449 1120 1487 seq.
1136 1434 1174 1474 h.
1186 1436 1212 1472 l.
1234 1437 1437 1486 attingens,

776 1491 878 1542 apud
898 1498 1044 1528 veteres
1064 1505 1145 1528 nou
1164 1491 1332 1542 singulas
1350 1500 1435 1529 tau-

775 1554 857 1584 tum
883 1560 999 1585 naves
1030 1562 1050 1584 e
1086 1548 1184 1584 mari
1217 1548 1266 1585 ad
1294 1556 1434 1587 terram

774 1604 936 1641 educere
956 1606 1072 1642 moris
1082 1605 1207 1653 fuisse,
1229 1619 1364 1643 verum
1376 1614 1434 1644 et—

772 1674 851 1698 lam
873 1675 1031 1698 omnem
1052 1664 1235 1707 classem,·
1264 1670 1306 1700 ut
1334 1662 1375 1701 h.
1407 1665 1434 1701 l.

772 1719 917 1755 factum
953 1732 1031 1755 esse
1069 1718 1256 1757 videmus.
1315 1719 1434 1758 Addit

774 1775 837 1811 ille
853 1782 1026 1812 veterum
1057 1789 1172 1813 naves
1201 1775 1288 1813 ideo
1319 1778 1433 1814 etiam

775 1845 961 1884 perquam
981 1833 1112 1882 planas
1133 1832 1246 1870 fuisse
1259 1862 1268 1877 ‚
1304 1835 1433 1885 quales

775 1902 878 1925 nunc
918 1902 996 1925 esse
1028 1888 1208 1926 dicuntur
1252 1890 1432 1927 Sinarum

775 1958 912 1992 naves,
941 1959 1039 1997 quae
1069 1953 1257 1983 vocantur
1279 1946 1432 1986 quken.

774 2024 831 2029 —
870 2004 915 2039 In
950 2016 1057 2055 seqq.
1095 2004 1305 2054 μεταρσίας
1340 2003 1434 2052 νέας

776 2058 872 2096 dixit
891 2072 996 2097 naves
1014 2061 1052 2096 in
1072 2060 1146 2097 alto
1170 2065 1365 2105 versantes,
1378 2061 1435 2099 al-

775 2120 849 2153 tum
869 2119 1031 2153 tenentes.

832 2182 991 2236 ἐξέφερε
1009 2179 1282 2236 πρόςἸπνοῦς
1293 2187 1433 2224 καλεο-

776 2238 923 2292 μένους
934 2238 1029 2289 τούς
1049 2240 1091 2281 ἐν
1112 2242 1281 2295 Πηλίῳ]
1314 2240 1433 2291 ἐκφέ-

777 2311 861 2350 ρειν
886 2296 934 2334 de
952 2299 1015 2346 iis,
1046 2311 1144 2351 quae
1164 2305 1367 2336 ventorum
1388 2311 1432 2336 ac

775 2361 1046 2405 tempestatum
1065 2357 1120 2392 vis
1142 2368 1191 2392 ex
1211 2356 1285 2392 alto
1314 2354 1362 2392 ad
1382 2355 1432 2391 li-

777 2418 839 2449 tus
861 2411 983 2449 defert
1002 2426 1031 2449 s.
1062 2412 1184 2460 efficit,
1215 2411 1290 2449 dici
1320 2413 1432 2449 inve-

774 2469 900 2506 nimus
930 2473 956 2517 Ι,
992 2471 1058 2509 23.
1081 2468 1150 2510 24.
1206 2467 1309 2506 Add.
1330 2470 1430 2516 VIII,

778 2528 842 2573 12,
869 2528 935 2566 96.
994 2523 1098 2575 Ipnos
1114 2526 1138 2562 i.
1162 2538 1195 2564 e.
1210 2525 1429 2575 furno-effia-

774 2584 885 2619 minos
914 2582 1019 2618 novit
1049 2594 1202 2633 quoque
1237 2582 1373 2619 Strabo
1404 2583 1428 2623 Ι,

774 2651 868 2675 mox
895 2639 942 2684 1.‚
972 2639 1146 2688 scopulos
1186 2638 1429 2688 probabiliter

773 2695 811 2732 in
833 2707 937 2731 mare
948 2701 1211 2746 procurrentes
1232 2694 1279 2732 ad
1291 2695 1429 2745 Sepia-

773 2750 831 2789 dis
851 2752 950 2791 litus.
1008 2752 1053 2788 In
1080 2758 1252 2789 mentem
1270 2753 1427 2790 veniunt
