1834 3258
419 251 894 290 POLYMNIA.
952 252 1053 289 VII.

1283 254 1368 292 617

105 363 193 403 τῶν
220 358 468 415 προσεχέων
497 361 664 403 πολίων
692 364 746 417 τῇ
777 357 1003 417 Παλλήνῃ,
1034 357 1368 415 ὁμουρεουσέων

107 427 152 470 δὲ
180 431 241 483 τῷ
280 429 480 484 Θερμαίῳ
510 427 681 483 κόλπῳ·
721 431 820 485 τῇσι
860 427 1088 482 οὐνόματα
1132 427 1221 472 ἐστι
1250 428 1424 482 τάδε,9ο

104 496 320 548 Λίπαξος,
383 494 639 552 Κώμβρεια,

76 564 269 617 3Σμίλα,
297 564 462 607 Α’ίνεια.

101 630 177 674 καὶ
217 630 259 681 ἐς
298 629 397 673 τόδε
434 629 643 674 καλέεται.

698 498 853 548 Λίσαι,

532 562 559 620 ἡ
593 563 638 607 δὲ
666 563 856 606 τουτέων
897 562 1016 619 χώρη
1047 565 1275 620 Κροσσαίη
1308 563 1369 607 ἔτι

715 629 817 675 Ἀπό
863 632 909 675 δὲ
939 633 1135 688 Αἰνείης,
1195 631 1238 682 ἐς
1284 631 1367 687 τὴν

912 498 1107 552 Γίγωνος
1117 529 1129 549 ,
1187 494 1367 548 Κάμψα,

94 696 324 742 ἐτελεύτων
361 698 611 754 καταλέγων
641 699 717 750 τὰς
755 697 905 751 πόλις,
962 697 1046 743 ἀπό
1088 698 1248 756 ταύτης
1283 699 1367 756 ἤδη

103 764 145 815 ἐς
175 764 313 809 αὐτόν
352 781 397 808 τε
425 765 503 808 τὸν
535 771 753 821 Θερμαῖον
780 766 948 811 κόλπον
980 769 1143 823 ἐγίνετο
1173 770 1234 824 τῷ
1263 772 1423 810 vav-95

101 836 208 888 τικῷ
250 837 418 892 στρατῷ
462 832 486 876 ὁ
540 834 698 887 πλόος,
745 835 818 879 καὶ
854 840 937 892 γῆν
974 835 1055 893 τήν
1092 836 1368 892 Μυγδονίην.

72 900 248 943 4πλέων
288 902 335 946 δὲ
374 900 550 947 ἀπίκετο
582 903 626 955 ἔς
654 919 699 948 τε
727 903 808 961 την
836 903 1151 961 προειρημένην
1182 903 1370 960 Θέρμην,

45 1104 154 1149 post:
184 1097 314 1138 πλέων
341 1095 385 1137 δὲ
423 1093 589 1139 οἷπίκετο
612 1098 650 1147 ἐς
668 1114 709 1140 τε

45 1150 120 1205 τὴν
146 1153 439 1207 προειρημένην
474 1154 631 1209 Θέρμην
641 1155 709 1197 καὶ

47 1208 246 1252 Σινδόνκ.
255 1227 289 1251 τ.
301 1215 336 1251 λ.

101 1267 295 1317 Λίπαξος,
311 1263 544 1320 Κώμβρεια,
563 1268 704 1319 Λίσαι,

46 1323 234 1377 Γίγωνος,
259 1322 438 1376 Κάμψα,
460 1326 603 1378 Σμίλα,
627 1327 707 1366 Αἴ-

45 1383 159 1430 νεια]
192 1384 269 1419 Has
290 1383 401 1419 urbes
422 1383 622 1435 plerasque
643 1385 707 1421 alii

44 1439 243 1489 scriptores
254 1437 357 1476 haud
368 1438 534 1477 indicant
546 1457 558 1488 3
586 1454 706 1478 unam

44 1495 225 1544 Gigonum
271 1497 436 1547 appellat
484 1495 706 1548 Thucydid.

44 1553 76 1600 Ι,
107 1554 169 1601 61,
200 1553 267 1589 ubi
295 1553 397 1590 conf.
426 1554 558 1591 Wass.
579 1561 616 1591 et
634 1556 705 1592 Ae-

46 1610 142 1646 niam
169 1610 299 1647 Livius
326 1611 462 1658 XLIV,
493 1613 567 1659 10,
609 1624 707 1663 quae

49 1664 193 1705 Αἴνεια
215 1666 351 1703 dicitur
369 1680 391 1704 a
403 1668 563 1719 Scylace
582 1668 610 1709 l,
621 1669 648 1706 1.
670 1675 708 1706 et

49 1723 206 1775 Dionys.
233 1724 356 1761 Halic.
376 1725 425 1761 A.
445 1726 492 1761 R.
512 1725 541 1771 Ι,
558 1723 706 1767 47.49.

48 1779 105 1816 Ac
133 1779 291 1818 laudant
326 1782 453 1832 Heyn.
489 1782 651 1819 Excurs.
689 1784 707 1819 Ι

50 1835 98 1872 ad
109 1837 240 1887 virg-il.
251 1838 349 1876 Aen.
363 1839 417 1874 III
438 1839 488 1875 T.
508 1839 545 1873 II
563 1853 600 1889 p.
612 1839 706 1879 562.

50 1893 363 1930 Promontoritun
420 1895 552 1931 Aenion
601 1896 708 1932 novit

51 1949 210 2000 Scymn.
246 1948 361 1987 Chius
396 1953 477 1992 627
490 1980 499 1998 ,
519 1951 585 1987 ubi
606 1953 707 1988 conf.

51 2006 150 2042 Gail.
187 2007 298 2043 Urbis
325 2008 472 2046 incolae
501 2006 709 2044 Thessalo-

52 2063 164 2099 nicen
183 2064 334 2099 cessisse
353 2062 543 2104 videntur.
596 2064 706 2102 Conf.

51 2120 238 2156 Mannert.
255 2121 323 2157 VII
341 2134 379 2171 p.
403 2118 483 2161 466
503 2134 583 2172 seq.

107 2187 332 2239 Κροσσαίη]
363 2189 437 2225 Ubi
462 2190 618 2226 Pallene
638 2189 708 2226 de-

50 2244 137 2280 sinit
156 2256 275 2295 prope
295 2244 539 2295 Potidaemn,
575 2247 707 2298 incipit

54 2299 228 2337 Crossaea
263 2302 368 2352 regio
407 2303 706 2353 septentrionem

52 2369 177 2394 versus
190 2356 238 2394 ad
249 2357 462 2395 Thermam
474 2373 594 2412 usque
615 2374 706 2411 por-

52 2421 164 2461 recta,
188 2427 285 2465 quae
307 2417 544 2468 Κροῦσιςγῆ
573 2419 706 2468 appel-

51 2469 149 2507 latur
168 2469 270 2520 apud
290 2470 561 2524 Thucydidem
581 2475 627 2521 Π,
652 2477 704 2515 79

53 2534 88 2563 et
109 2525 296 2577 Stephan.
316 2529 477 2579 Byzant.
497 2543 528 2567 s.
555 2544 591 2569 v.
614 2544 702 2582 pag.

52 2581 144 2623 483.
204 2583 314 2620 Conf.
342 2586 499 2636 Dionys
519 2588 640 2627 Halic.
654 2589 702 2626 A.

52 2639 95 2677 R.
133 2641 162 2687 Ι,
196 2640 248 2679 47
281 2638 375 2688 (ubi
416 2640 536 2689 ε’θνος
571 2646 704 2695 Κρου-

54 2692 188 2748 σαῖον)
200 2703 236 2732 et
256 2697 285 2743 Ι,
307 2695 372 2744 49,
393 2698 458 2733 ubi
472 2700 704 2749 Κρουσαῖοι,

53 2751 154 2789 unde
187 2753 303 2791 etiam
320 2753 361 2789 in
389 2753 583 2792 Herodoto
612 2757 704 2793 olim

54 2809 261 2874 Κρουσαίη
282 2809 465 2848 exstitisse
485 2812 706 2862 putatPau-

54 2877 160 2903 wius.

821 1099 890 1140 καὶ
921 1103 999 1154 γῆν
1030 1098 1105 1152 τὴν
1147 1099 1422 1153 Μυγδονίην]

763 1157 974 1209 Mygdonia
992 1165 1115 1206 terra,
1137 1171 1234 1210 quae
1255 1170 1304 1195 ex
1324 1158 1424 1194 anti-

764 1216 952 1267 quissimis
970 1214 1060 1252 inde
1080 1215 1313 1266 temporibus
1337 1215 1425 1251 Ma-

763 1270 947 1309 cedoniae
968 1273 1248 1320 accensebatur,
1271 1269 1425 1308 Chalci—

763 1328 875 1366 dicen
909 1336 946 1366 et
965 1330 1181 1366 Bottiaeam
1200 1341 1222 1365 a
1263 1326 1425 1364 meridie

761 1392 942 1437 tangens,
983 1387 1171 1423 orientem
1215 1398 1344 1422 versus
1375 1383 1424 1421 ad

764 1443 1032 1494 Strymonium
1055 1444 1184 1480 lacum
1202 1442 1282 1478 fere
1304 1442 1424 1492 perti-

762 1501 847 1536 nuit
867 1507 932 1537 aut
951 1506 1052 1537 certe
1066 1513 1187 1551 usque
1208 1497 1257 1535 ad
1274 1499 1423 1535 Bolben

762 1555 945 1608 paludem
961 1586 970 1604 ‚
992 1569 1169 1594 occasum
1187 1568 1315 1593 versus
1333 1556 1425 1592 Axii

762 1613 869 1651 fluvii
910 1614 1011 1651 ostiis
1053 1615 1267 1651 terminata.
1336 1610 1424 1650 vid.

761 1671 954 1708 Mannert.
982 1669 1053 1708 VII
1072 1685 1112 1722 p.
1132 1669 1228 1711 468.

821 1735 984 1777 oinium
1007 1736 1094 1783 ἕςτε
1107 1733 1421 1787 τὴν-Θέρμην]

762 1796 820 1831 De
827 1795 978 1832 Therma
987 1793 1065 1832 vid.
1077 1800 1174 1831 nott.
1186 1792 1234 1830 ad
1243 1794 1346 1840 VII‚1
1355 1797 1424 1835 21.

762 1853 868 1888 Intra
877 1852 914 1888 T
918 1849 1092 1887 hermam
1108 1857 1144 1887 et
1153 1851 1301 1886 Axium
1309 1849 1425 1887 fluvi-

764 1921 832 1944 um
843 1907 1142 1958 ponamSindum
1153 1906 1425 1955 etChalestram,

764 1965 870 2001 cuius
899 1965 1097 2014 utriusque
1125 1963 1267 1999 incolas
1296 1961 1426 2001 Thes-

764 2021 958 2058 salonicen
984 2027 1114 2070 postea
1156 2021 1305 2057 cessisse
1346 2027 1425 2058 sta-

764 2078 907 2114 tuimus
944 2089 1033 2114 cum
1060 2077 1250 2113 Mannert.
1281 2077 1351 2113 VII
1385 2092 1424 2128 p.

764 2132 846 2174 475
869 2134 917 2170 ob
939 2133 1135 2171 Strabonis
1161 2134 1424 2171 auctoritatem

759 2191 833 2228 VH
851 2204 888 2240 p.
911 2193 992 2231 330
1013 2203 1042 2227 S.
1063 2190 1143 2231 509
1163 2191 1211 2227 A.
1241 2192 1298 2227 De
1311 2190 1424 2229 Sinda

763 2248 864 2287 conf.
906 2248 1020 2284 etiam
1053 2253 1150 2284 nott.
1184 2246 1232 2284 ad
1264 2248 1328 2296 IV,
1355 2251 1421 2290 28.

764 2304 979 2342 ΟΙιιιίεείτα
970 2317 1010 2339 111
1031 2316 1097 2340 ora
1115 2305 1219 2341 sinus
1239 2304 1422 2342 Macedo-

761 2361 839 2398 nici
859 2362 928 2398 sita
948 2361 1019 2397 fuit
1041 2367 1136 2398 teste
1155 2362 1257 2398 Plin.
1282 2362 1346 2409 IV,
1369 2365 1420 2403 10

763 2415 853 2469 (17)
886 2418 923 2463 ξ.
953 2420 1030 2466 56,
1070 2416 1120 2454 ad
1148 2417 1422 2455 occidentalem

760 2475 852 2511 Axii
875 2476 997 2525 ripam
1026 2475 1217 2511 Paeoniae
1246 2473 1337 2512 hinc
1355 2488 1421 2513 ac-

762 2530 973 2578 censenda,
1016 2537 1058 2567 ut
1082 2532 1204 2582 placet
1234 2533 1420 2569 Gatterer.

760 2589 885 2625 Ueber
905 2586 1093 2625 Herodots
1114 2587 1255 2627 Thrac.
1288 2595 1358 2626 etc.
1381 2601 1419 2638 p.

763 2644 857 2685 143.
891 2639 1118 2694 Χάλεστρον
1140 2646 1304 2695 appellat
1322 2645 1419 2680 Dio-

760 2700 842 2737 dor.
871 2702 987 2737 XXX
1019 2700 1083 2748 (H
1101 2713 1188 2751 pag.
1211 2700 1324 2749 578),
1355 2701 1419 2737 ubi

759 2757 1037 2807 Wesselingius
1058 2758 1155 2793 bene
1180 2769 1330 2793 memor
1348 2757 1420 2794 fuit

763 2812 947 2850 Herodoti
976 2820 1089 2863 atque
1109 2811 1303 2850 Plutarch.
1342 2814 1417 2853 Vit.

765 2867 974 2907 Alexandr.
1003 2868 1057 2910 49
1086 2883 1125 2920 p.
1157 2870 1252 2919 692,
1280 2871 1321 2907 in
1341 2883 1418 2923 quo
