1834 3258
0 337 60 384 05

533 221 837 259 ERATO.
896 223 973 259 VI.

1308 223 1391 263 373

212 333 300 376 Καὶ
326 333 478 386 πρῶτα
497 329 598 386 μὲν,
629 328 771 380 ἐόντες
801 329 860 373 ἔτι
891 330 937 373 ἐν
964 333 1026 386 τῷ
1056 328 1178 373 ἄστεϊ
1204 331 1247 373 οἷ
1267 341 1390 384 στρα-
1447 341 1567 402 Μῑεειξῗ)
1578 341 1614 369 ab
1629 340 1720 402 2⁰¹⁰·

125 400 268 456 τηγοὶ,
308 399 612 454 ἀποπέμπουσι
643 397 684 449 ἐς
713 398 928 453 Σπάρτην
960 396 1132 454 κήρυκα
1167 399 1391 441 Φειδιππί-
1447 384 1722 470 Ξὲῖιῗῗῖιιῗιιῗῑόρῗῖἶέἐ

125 471 231 525 δην,
255 465 488 523 Ἀθηναῖον
516 467 596 521 μὲν
626 466 793 522 ἄνδρα,
838 465 975 517 ἄλλως
1009 466 1053 509 δὲ
1082 451 1705 521 &ueooffoo'yov15c=ii⁰331iqr¹22g¹22¹1³13

1450 511 1517 538 Pan
1541 511 1575 537 ob
1581 511 1658 538 viam
1676 509 1721 536 fa·

95 542 171 578 Ξτε
199 535 273 578 καὶ
304 539 434 579 τοῦτο
464 538 717 590 μελετῶντα.
764 537 826 591 τῷ
857 531 932 590 δή,
965 531 1024 584 ὠς
1055 532 1184 584 αὐτός
1205 550 1248 577 τε
1279 534 1393 590 ἔλεγε

128 604 412 659 Φειδιππίδης
458 603 532 646 καὶ
566 600 838 658 Ἀθηναίοισι
888 600 1146 656 ἀπήγγελλε,
1204 603 1303 656 περὶ
1341 601 1388 646 τό

124 669 378 725 Παρθένιον
420 666 575 725 οὖρος,
614 670 664 714 τὸ
703 670 812 723 ὑπὲρ
847 669 1024 726 Τεγέης,
1071 667 1094 712 ὁ
1132 670 1233 712 Ποὶν
1266 686 1390 725 περι-

344 737 547 795 βώσαντοι
586 737 632 782 δὲ
681 737 731 781 τὸ
769 737 939 794 οὔνομα
978 741 1059 780 τοῦ
1099 740 1389 782 Φειδιππίδεω

92 743 113 777 3
122 738 277 781 πίπτει.

66 907 332 978 Χερσονήσῳ,
372 917 411 948 et
428 923 517 961 pag.
551 909 658 952 1235
679 909 728 948 ad

63 983 200 1010 vocem
221 984 339 1009 Ουτω.

302 1059 395 1110 Cap.
413 1058 492 1095 CV.

122 1137 409 1188 Φειδιππίδην]
430 1136 630 1187 Excerpsit
646 1136 728 1171 He-

63 1195 220 1233 rodotea
250 1193 382 1232 Schol.
421 1196 657 1243 Hermogen.
687 1206 725 1242 p.

64 1252 160 1293 407.
215 1251 366 1289 Eadem
403 1249 558 1287 historia
592 1262 727 1285 narra-

63 1316 126 1346 tur
145 1311 183 1345 in
198 1308 361 1346 Scholiis
379 1307 534 1344 Aristid.
555 1319 644 1357 pag.
658 1306 724 1347 51.

35 1385 41 1389 ³
65 1365 160 1407 215.
186 1366 394 1402 Frommel.
451 1366 496 1400 In
530 1362 725 1400 Herodoto

66 1421 142 1459 duo
174 1421 286 1459 codd.
308 1435 398 1459 cum
415 1422 546 1458 Valla:
585 1422 726 1459 Φιλιπ-

66 1478 208 1528 πίδην,
241 1480 353 1529 plane
382 1485 424 1515 ut
453 1477 554 1529 apud
576 1477 726 1514 Cornel.

64 1537 202 1586 Nepot.
230 1534 390 1572 Miltiad.
411 1534 459 1575 4:
501 1565 526 1584 ,‚
540 1534 602 1572 Pk
617 1534 728 1584 ilip-

62 1592 217 1643 pidem
231 1606 251 1644 q
266 1607 289 1630 u
304 1606 321 1629 e
351 1605 520 1629 cursorem
560 1594 634 1628 eius
663 1603 726 1639 ge-

64 1650 179 1694 neris,
233 1651 297 1699 qui
328 1649 577 1686 hemerodromz·
602 1660 728 1684 vocan-

65 1707 166 1744 tur.“
223 1707 297 1742 Ubi
316 1713 445 1742 tamen
471 1704 582 1743 codd.
605 1717 726 1756 aeque

63 1762 270 1810 fluctuant,
309 1775 545 1814 quamquam
574 1768 727 1812 recepta

64 1818 215 1857 videtur
260 1820 464 1870 appellatio
497 1818 726 1869 Pln'lz'pffl'clis,

64 1877 194 1912 multis
215 1877 306 1912 locis
328 1889 349 1911 a
363 1876 596 1925 VVesseling.
620 1875 728 1910 exci-

64 1933 148 1968 tatis
170 1933 291 1970 obvia.
349 1934 407 1968 De
439 1945 514 1983 quo
546 1930 728 1982 equidem

65 2001 146 2025 non
166 1987 391 2026 discernam.
422 2010 474 2015 ——
510 1983 729 2039 ’ἡμεροδρό-

65 2060 166 2096 μους
216 2044 277 2094 (ut
323 2046 422 2082 Livii
469 2051 554 2081 utar
601 2045 725 2081 verbis

63 2103 211 2150 XXXI,
253 2100 352 2148 24).
411 2103 547 2138 Graeci
585 2107 725 2137 vocant

63 2161 186 2208 ingens
216 2172 285 2195 uno
316 2159 371 2196 dz'e
416 2172 521 2195 cursu
563 2160 725 2195 emetien-

63 2219 114 2253 tes
132 2217 307 2266 spatium;
344 2217 411 2267 qui
430 2215 548 2252 iidem
569 2222 606 2251 et
630 2215 724 2266 δρο-

65 2269 288 2323 μοκήρυκες
309 2280 495 2309 vocantur
516 2280 553 2309 et
573 2269 724 2322 ἥμερο-

64 2325 203 2368 σκόποι
252 2329 329 2378 (cf.
364 2328 509 2366 Herod.
539 2330 622 2375 VII,
646 2330 728 2369 182

64 2385 131 2422 fin.
154 2386 245 2437 ibiq.
276 2386 398 2436 nott.)
429 2385 532 2437 apud
552 2387 727 2422 Aeneam

68 2443 106 2479 T
109 2443 216 2478 actio.
243 2443 407 2480 Poliorc.
429 2446 468 2483 6.
525 2444 624 2480 Nam
644 2443 726 2478 sin-

69 2499 182 2549 gulae
203 2499 438 2536 Graecorum
457 2499 623 2537 civitates
643 2500 726 2536 isti-

70 2554 221 2592 usmodi
250 2568 418 2593 cursores
452 2557 622 2607 publicos
652 2554 725 2592 ha-

69 2612 193 2650 buisse
212 2610 401 2649 videntur.
449 2613 562 2649 i'lura
583 2612 728 2650 dabunt

70 2669 290 2720 interpretes
312 2668 360 2706 ad
394 2668 546 2707 cornel.
573 2670 728 2720 Nepotis

70 2725 96 2761 l.
117 2726 142 2762 l.
160 2746 210 2753 ———
231 2727 289 2762 De
304 2726 421 2763 verbo
443 2728 604 2777 μελετᾶν
626 2726 728 2763 conf.

71 2788 166 2819 nott.
189 2781 238 2820 ad
255 2783 328 2827 ΙΙΙ,
347 2782 441 2824 115.

126 2838 215 2891 περὶ
247 2835 290 2879 τό
328 2837 560 2893 Παρθένιον
580 2830 727 2891 οὖρος]

783 911 841 946 De
867 910 1146 960 praepositione
1176 909 1266 959 περὶ
1296 911 1448 947 monuit

784 966 921 1004 Matth.
945 968 1010 1004 Gr.
1032 968 1098 1003 Gr.
1115 980 1203 1017 pag.
1228 971 1349 1008 1177.
1387 969 1447 1003 De

783 1025 889 1059 Pane
908 1037 977 1074 per
995 1023 1200 1060 Arcadiam
1228 1024 1329 1060 culto
1343 1053 1353 1071 ‚
1395 1025 1447 1061 sic

783 1081 869 1116 satis
891 1086 1049 1116 constat.
1091 1081 1245 1117 Consul.
1268 1080 1446 1117 Creuzer.

784 1137 960 1187 Symbol.
980 1137 1035 1172 ΙΙΙ
1056 1149 1143 1186 pag.
1160 1138 1242 1177 258
1263 1150 1342 1188 seq.
1374 1138 1447 1181 Qui

784 1195 888 1230 enim
909 1193 1000 1230 deus
1017 1206 1151 1243 greges
1172 1193 1351 1230 coelestes
1375 1207 1447 1243 pa-

782 1263 886 1286 scere
914 1250 1140 1300 putabatur,
1172 1263 1260 1285 eum
1292 1263 1446 1301 quoque

782 1308 940 1344 terrenis
976 1307 1176 1357 gregibus,
1212 1307 1348 1358 quibus
1369 1309 1446 1343 Ar-

783 1363 932 1400 cadiam
962 1364 1184 1400 excelluisse
1212 1370 1350 1400 notum
1380 1370 1447 1412 est,

783 1422 1043 1471 praepositum
1064 1434 1142 1458 esse
1164 1433 1234 1470 par
1256 1427 1345 1458 erat.
1368 1421 1448 1457 Cu-

783 1479 841 1514 ius
862 1478 977 1528 ipsius
1010 1478 1090 1513 vim
1123 1477 1310 1514 sideream
1333 1484 1448 1528 atque

782 1535 938 1584 igneam
977 1533 1145 1586 indeque
1181 1535 1295 1570 etiam
1315 1535 1448 1570 saluti-

786 1592 905 1628 feram
928 1590 998 1628 hac
1019 1592 1098 1642 ipsa
1112 1593 1328 1627 narratione
1348 1597 1448 1627 tecte

784 1647 944 1685 indicari
970 1661 1060 1684 cum
1089 1648 1264 1686 Creuzer.
1285 1649 1338 1683 111
1358 1660 1445 1698 pag.

782 1707 864 1746 263
886 1718 992 1756 seqq.
1014 1712 1176 1741 statuere
1195 1705 1340 1755 placet3
1370 1717 1448 1740 un-

784 1761 831 1798 de
853 1775 1007 1813 qnoque
1028 1762 1269 1811 intelligitur,
1292 1774 1360 1798 cur
1370 1762 1449 1797 Pa-

782 1832 873 1854 nem
894 1825 930 1855 et
949 1819 1060 1855 sacris
1087 1825 1123 1855 et
1145 1818 1347 1867 lampadum
1364 1829 1449 1854 cur-

781 1888 822 1911 su
845 1874 1074 1911 honoratum
1094 1875 1295 1920 voluerint,
1332 1874 1447 1924 quip-

782 1945 832 1981 pe
869 1930 986 1967 deum
1007 1931 1171 1967 solarem
1196 1932 1446 1982 igneumque,

783 1989 883 2024 vitae
913 1988 1059 2023 semina
1092 1988 1159 2039 qui
1187 1988 1379 2023 contineat
1409 1993 1447 2024 et

783 2057 873 2081 cum
906 2042 1137 2080 Prometheo
1178 2050 1444 2094 componatur,

781 2100 918 2138 Luciclz'
947 2102 1177 2150 cognomine
1207 2101 1445 2151 insignitum.

780 2156 843 2194 Ad
873 2157 1059 2194 Herodoti
1096 2158 1356 2193 narrationem
1398 2156 1446 2193 de

780 2215 886 2250 Pane
907 2214 1009 2251 conf.
1028 2215 1192 2251 Pausan.
1217 2215 1246 2261 Ι,
1269 2215 1322 2254 28
1345 2215 1381 2259 §.
1404 2212 1444 2254 4.

779 2272 875 2319 VIII,
897 2270 950 2312 54
973 2272 1011 2316 ξ.
1032 2271 1070 2312 5.
1102 2270 1240 2308 Suidas
1261 2284 1288 2308 s.
1311 2268 1446 2308 V.‘'I⁷t-

783 2329 879 2375 πίας
908 2328 959 2364 Τ.
990 2329 1007 2363 I
1036 2340 1124 2378 pag.
1162 2327 1254 2367 142.
1283 2327 1444 2363 Lucian.

782 2386 895 2422 Diall.
924 2386 1057 2420 Deorr.
1087 2386 1162 2431 22,
1184 2387 1208 2424 3
1230 2390 1266 2419 et
1285 2384 1350 2420 Bis
1365 2384 1446 2420 Ac-

783 2455 860 2480 cus.
885 2443 924 2482 9.
962 2442 1021 2477 De
1046 2441 1192 2476 Pericle
1212 2441 1333 2476 simile
1352 2439 1445 2492 quid

782 2498 885 2550 apud
923 2498 1093 2536 Frontin.
1126 2497 1292 2547 Strateg.
1317 2498 1346 2545 Ι,
1381 2500 1444 2536 11.

786 2559 851 2597 10.

841 2604 1354 2663 βώσαντα-ἀπαγγεῖλαι]
1386 2607 1443 2643 De

784 2669 962 2706 orationis
992 2673 1179 2705 structura
1209 2666 1333 2702 subito
1353 2677 1444 2700 mu-

784 2733 860 2762 tata
890 2723 991 2762 conf.
1021 2720 1156 2759 Matth.
1179 2723 1245 2758 Gr.
1268 2723 1333 2758 Gr.
1354 2733 1442 2771 pag.

788 2783 894 2822 1298
917 2788 952 2817 et
964 2779 1011 2816 de
1023 2780 1145 2816 forma
1154 2774 1337 2827 βώσαντα
1348 2783 1444 2814 nott.

786 2837 835 2874 ad
853 2838 883 2885 Ι,
907 2840 971 2877 10.
1019 2837 1095 2873 Pro
1116 2832 1236 2874 εὔνου
1257 2836 1379 2872 Koen.
1395 2832 1443 2870 ad

1451 550 1532 579 ctus,
1558 544 1706 571 auxilium

1449 578 1681 606 Atheniensibus

1448 611 1624 648 pollicetur.
1661 610 1706 638 ub

1449 654 1516 673 eam
1540 654 1665 672 eausam

1447 679 1526 707 Pani
1554 680 1656 706 fanum
1675 686 1722 704 sa-

1448 722 1561 748 craque
1579 712 1705 741 Athenis

1448 747 1558 775 dicata..
