1834 3258
458 250 936 292 POLYMNIA.
997 254 1097 292 VII.

91 363 311 420 4κημένον
341 358 431 403 ὑπὸ
461 357 727 413 ἀνθρώπων.

1306 257 1390 296 477

787 363 841 416 τῇ
872 361 917 404 δὲ
955 365 1131 419 τελευτᾷ
1161 361 1203 413 ἐς
1232 377 1312 418 την
1340 362 1387 418 ἤ-

115 447 266 486 πειρον
295 428 344 472 τὸ
375 427 496 483 ὄρος,
540 428 892 483 χερσονησοειδές
919 428 963 472 τέ
993 429 1093 483 ἐστι,
1123 430 1195 473 καὶ
1226 430 1440 485 ἰσθμός35

115 500 175 551 ὥς
213 496 383 542 δυόδεκα
425 496 634 540 σταδίων·

54 673 131 712 11110
161 686 279 726 quam
297 675 467 710 maxime
487 671 587 709 Plin.
609 674 660 709 H.
672 673 720 711 N.

54 733 118 780 IV,
144 735 206 779 10,
232 734 283 772 17
306 732 361 780 (ξ.
377 730 449 779 37)
472 736 508 766 et
524 731 719 766 111813010-

55 803 119 827 cus
138 791 184 836 II,
206 791 233 829 2
253 787 343 825 fin.:
374 785 522 835 „Athos
542 800 652 823 1110115
665 793 719 823 est

54 846 150 884 adeo
172 846 290 882 elatus
303 875 313 893 ,
344 851 386 881 ut
414 843 590 880 credatur
609 844 719 880 altius

53 905 170 941 etiam
200 915 317 955 quam
345 900 449 938 unde
479 901 620 938 imbres
652 914 719 938 ca-

54 961 172 1009 dunt,
219 972 387 1010 surgere.
449 958 558 1008 Capit
589 959 718 1008 opinio

52 1018 182 1064 fidem,
205 1017 294 1069 quia
305 1017 352 1054 de
364 1016 448 1062 aris,
470 1028 563 1067 quas
582 1016 719 1052 inver-

52 1078 126 1112 tice
146 1076 327 1121 sustinet,
362 1086 443 1109 non
474 1073 640 1109 abluitur
662 1073 719 1108 ci·-

52 1134 136 1179 nis,
182 1130 249 1168 sed
277 1143 354 1182 quo
393 1130 619 1181 relinquitur
648 1141 718 1178 ag—

51 1202 142 1241 gere
175 1194 320 1225 manet.
392 1187 596 1222 Caeterum
637 1198 717 1221 11011

50 1245 329 1298 promontorio,
345 1250 388 1280 ut
409 1244 484 1291 alii,
505 1255 642 1280 verum
654 1248 718 1278 to-

36 1311 112 1340 «tus
133 1309 254 1340 exstat
273 1308 431 1353 totoque
459 1301 576 1351 longe
603 1298 715 1336 dorso

50 1359 224 1411 procedit
248 1360 289 1395 in
309 1359 487 1409 pelagus:
532 1357 599 1410 qui
620 1369 716 1393 0011-

50 1417 188 1454 tinenti
214 1415 416 1462 adhaeret,
464 1428 486 1451 a
518 1416 650 1451 Xerxe
676 1414 717 1448 in

52 1475 185 1511 Graios
205 1472 385 1510 tendente
396 1472 584 1523 perfossus
593 1478 717 1508 trans-

50 1532 279 1582 iugatusque
299 1536 366 1577 est,
394 1529 516 1567 factus
535 1529 632 1565 freto
643 1540 718 1564 na-

49 1588 206 1638 vigabili
236 1587 402 1638 pervius.
415 1587 440 1606 “
506 1585 569 1622 Ad
599 1597 716 1639 quem

48 1645 180 1681 locum
200 1650 376 1681 accurata
396 1650 517 1681 exstat
536 1642 717 1680 Is.Vossii

49 1700 252 1753 disputatio
307 1701 456 1738 citantis
514 1700 714 1738 Ammian.

47 1759 218 1796 Marcell.
245 1759 373 1804 XXII,
404 1759 429 1798 8
451 1758 488 1803 §.
510 1761 538 1799 2
568 1764 605 1794 et
633 1757 716 1792 Ae-

48 1816 139 1854 lian.
171 1817 219 1852 N.
247 1816 296 1852 A.
327 1815 433 1861 XIII,
463 1817 518 1855 20
547 1821 586 1851 et
605 1826 716 1850 com-

49 1872 294 1909 monstrantis
327 1870 428 1907 hanc
456 1871 715 1908 narrationem

51 1928 100 1965 de
148 1929 248 1965 fossa
300 1928 441 1964 Xerxis
492 1928 597 1965 iussu
647 1940 716 1977 per

49 1986 191 2022 montis
220 1991 386 2022 tractum
415 1982 528 2021 ducta
553 1985 716 2020 minime

49 2042 198 2089 fabulis,
218 2048 261 2078 ut
276 2040 435 2093 quidam
454 2041 624 2089 voluere,
645 2040 717 2077 ad-

50 2097 293 2135 scribendam
333 2111 435 2145 esse,
486 2099 517 2135 si
556 2097 716 2150 quidem

49 2156 130 2192 eius
150 2156 290 2192 canalis
319 2153 434 2192 arenst
453 2167 556 2192 nunc
586 2155 716 2191 multis

48 2213 141 2249 locis
160 2213 296 2263 repleti
316 2212 475 2262 vestigia
484 2212 715 2248 Aelianiae-

47 2275 126 2306 tate
164 2268 290 2306 adhuc
331 2269 555 2305 exstiterint.
613 2268 714 2314 Quin

50 2325 176 2363 adhuc
209 2327 310 2363 clara
341 2327 420 2363 eius
447 2326 569 2363 fossae
597 2326 715 2363 vesti-

48 2383 112 2432 gia
141 2395 334 2433 superesse
362 2381 492 2420 docuit
512 2381 713 2420 0110150111-

50 2438 223 2476 Gouffier
243 2440 418 2490 (Voyage
445 2441 640 2492 pittoresq.
663 2438 712 2477 de

48 2496 86 2531 13
106 2495 229 2532 Grece
249 2497 297 2542 ΙΙ,
316 2497 362 2533 P.
383 2498 401 2533 Ι
419 2509 508 2547 pag.
531 2496 623 2544 148,
645 2510 712 2534 ac-

49 2558 222 2589 curatam
242 2551 382 2600 isthmi,
404 2566 472 2603 per
485 2566 601 2605 quem
612 2553 711 2591 fossa

49 2608 164 2646 ducta
183 2609 266 2657 fuit,
289 2608 581 2660 descriptionem
599 2609 712 2647 exhi-

48 2666 142 2703 bens
162 2678 250 2716 pag.
275 2663 353 2706 145
374 2678 479 2718 seqq.
495 2665 622 2703 addita
642 2667 712 2704 de-

48 2722 254 2759 lineatione
283 2723 361 2759 aeri
390 2723 529 2770 incisa,
566 2724 607 2759 in
637 2723 713 2775 qus·⁴

49 2778 170 2816 fossae
199 2778 450 2816 directionem
483 2780 597 2830 plane
617 2793 713 2817 con—

49 2835 193 2886 spicere
241 2836 342 2875 licet.
410 2837 575 2887 Repetiit
613 2835 713 2874 hanc

693 497 847 540 πεδίον
878 497 923 541 δὲ
952 502 1108 551 τοῦτο,
1139 497 1212 542 καὶ
1241 502 1381 542 κολω-

774 673 946 710 tabulam
971 675 1067 712 Gail.
1098 677 1160 713 in:
1207 677 1314 714 Atlas
1343 677 1365 714 ἐι
1403 679 1439 715 13

776 730 1019 782 Geographie
1048 731 1280 771 d'Herodote
1293 765 1302 782 ,
1323 733 1440 772 Thu-

777 788 935 839 cydide,
964 789 1199 840 Xenophon.
1231 798 1301 828 etc.
1334 793 1353 828 I
1378 806 1439 829 nr.

779 848 830 885 17
859 846 944 883 coll.
974 847 1142 898 Analyse
1173 847 1237 885 des
1262 856 1379 885 cartes
1399 863 1438 900 p.

774 905 829 942 20
846 916 954 955 seqq.
986 910 1023 940 et
1053 904 1296 957 Geographie
1318 905 1440 942 d'He-

774 958 907 997 rodote
928 961 978 999 T.
999 962 1035 997 Π
1052 974 1140 1011 pag.
1161 964 1239 1004 251
1263 976 1369 1015 seqq.
1388 964 1441 1000 At

776 1017 842 1068 qui
870 1025 997 1054 nostra
1033 1025 1154 1055 aetate
1175 1018 1243 1068 has
1263 1022 1439 1070 regiones

774 1074 980 1124 inquisivit,
1004 1075 1217 1128 Cousine'ry
1235 1078 1358 1114 nullas
1372 1090 1438 1114 ca—

774 1131 869 1168 nalis
886 1161 895 1178 ,
927 1145 1044 1183 quem
1075 1135 1233 1170 omnino
1256 1135 1439 1171 exstitisse

773 1195 908 1237 negat,
958 1189 1136 1240 reliquias
1171 1203 1211 1227 se
1251 1190 1439 1228 detexisse

772 1252 920 1292 narrat,
956 1245 1116 1285 δίολκον
1144 1252 1295 1284 tantum
1324 1249 1439 1285 fuisse

771 1300 893 1338 videri
914 1301 1042 1350 addit,
1082 1303 1149 1340 ubi
1169 1306 1340 1342 remulco
1368 1318 1439 1355 per

771 1357 959 1395 isthmum
978 1367 1120 1397 tractae
1140 1361 1282 1399 fuerint
1307 1375 1439 1399 naves.

772 1415 859 1452 Vid.
880 1417 1038 1454 Annall.
1063 1418 1236 1469 Gotting.
1255 1421 1361 1460 1833
1378 1432 1440 1455 nr.

775 1475 855 1513 128
867 1486 957 1524 pag.
971 1477 1094 1515 1266.
1125 1477 1184 1512 De
1204 1477 1285 1526 ipso
1305 1483 1439 1512 monte

772 1537 923 1580 praeter
949 1532 1136 1569 Gatterer.
1167 1534 1207 1569 in
1234 1533 1440 1584 scriptione

775 1586 822 1623 de
844 1586 1012 1625 Thracia
1032 1601 1121 1639 pag.
1143 1591 1197 1631 89
1218 1603 1324 1642 seqq.
1355 1589 1437 1638 (ed.

774 1643 1108 1696 Schlichtegroll.)
1131 1647 1233 1684 conf.
1244 1648 1439 1684 Mannert.

773 1702 917 1752 Geogr.
948 1701 985 1739 d.
1017 1704 1084 1739 Gr.
1113 1717 1152 1742 11.
1175 1705 1288 1741 Rom.
1309 1705 1379 1740 VII
1400 1718 1440 1755 p.

771 1757 851 1799 451
865 1772 944 1811 seq.
957 1766 995 1796 et
1004 1760 1248 1811 potissimum
1260 1759 1438 1797 Tzschu-

772 1813 846 1851 cke
874 1818 915 1852 in
945 1823 1042 1854 nott.
1072 1824 1237 1868 exegett.
1268 1816 1316 1853 ad
1346 1818 1438 1853 Mel.

770 1873 818 1918 Π,
841 1876 867 1913 2
889 1874 927 1918 ξ.
951 1875 1003 1915 10
1024 1886 1114 1924 pag.
1138 1873 1218 1914 142
1237 1887 1343 1925 seqq.
1368 1875 1439 1922 (T.

770 1927 937 1980 111‚2.)
1019 1931 1155 1977 Ν11110,
1189 1929 1294 1981 quod
1320 1944 1438 1967 nemo

771 1958 851 2021 fer⁷e
872 1986 1013 2034 nescit,
1042 1999 1153 2023 mons
1173 1987 1355 2038 singulari
1375 2001 1438 2024 re-

770 2042 915 2091 ligione
953 2049 1194 2080 consecratus
1232 2045 1439 2097 multisque

771 2099 937 2149 repletus
957 2101 1195 2137 monasteriis
1215 2108 1373 2138 vocatur
1394 2098 1438 2140 ἅ-

771 2170 860 2206 γιον
888 2153 983 2207 ὅρος
1013 2156 1202 2194 5.]11οη10
1243 2157 1358 2195 Santo
1387 2160 1434 2195 ab

771 2213 895 2260 Italis3
940 2214 1007 2265 qui
1037 2214 1104 2251 ubi
1138 2215 1339 2252 altissimus
1369 2223 1436 2263 est,

771 2270 943 2321 quinque
981 2271 1089 2307 mille
1131 2270 1293 2322 pedibus
1330 2285 1437 2309 mare

768 2339 947 2377 superare
984 2326 1134 2366 dicitur.
1190 2330 1249 2365 De
1278 2330 1438 2381 antiquo

768 2385 910 2421 montis
937 2384 1097 2421 nomine
1118 2386 1233 2422 etiam
1264 2384 1437 2423 disseruit

768 2439 1000 2478 Tzschucke
1031 2443 1058 2478 l.
1087 2443 1114 2479 1.
1143 2443 1229 2480 0011.
1251 2442 1435 2493 Vinding.

769 2496 820 2534 ad
850 2498 992 2548 Geogr.
1021 2499 1144 2535 Minn.
1178 2500 1215 2535 II
1234 2512 1322 2550 pag.
1353 2502 1435 2540 386

769 2555 869 2591 Gall.
927 2556 985 2592 Ac
1024 2557 1253 2607 plerumque
1290 2556 1436 2606 profer-

767 2617 831 2648 tur
853 2607 1049 2660 δ’Ἀθως,
1080 2619 1122 2649 ut
1150 2612 1198 2649 ad
1231 2611 1435 2663 Thucydi-

770 2666 861 2704 dem
889 2669 959 2713 IV,
981 2671 1061 2710 ’109
1097 2669 1343 2706 observarunt
1364 2670 1435 2705 viri

771 2723 895 2773 docti,
932 2726 973 2761 in
1006 2726 1220 2762 accusativo
1251 2722 1367 2765 ’Ἀθω
1398 2732 1435 2762 et

758 2777 910 2820 ”Αθων
938 2789 1032 2819 teste
1051 2779 1219 2819 Fischer.
1241 2780 1290 2820 ad
1317 2782 1433 2820 Wel-

771 2838 840 2875 ler.
862 2839 879 2874 Ι
900 2851 939 2889 p.
961 2839 1052 2878 378.
