1815 3181
394 191 478 230 154

396 297 507 342 ὥστε
547 295 602 350 δή
646 292 1058 347 θαλασσοκράτορες
1100 292 1263 344 ἐόντες·

796 185 1256 222 HERODOTI

1310 295 1383 337 καὶ
1423 293 1476 348 δὴ
1509 294 1581 335 καὶ
1611 293 1662 336 τὰ

396 364 624 422 ἀγάλματα
655 366 792 406 ταῦτα
822 367 897 418 τῆς
933 379 978 405 τε
1009 364 1177 418 Δαμίης
1215 362 1288 405 καὶ
1329 366 1404 417 τῆς
1443 359 1692 416 Αὐξησίηςὸ

397 431 685 486 ὑπαιρέονται
725 430 895 482 αὐτῶν,
944 432 1018 473 καί
1061 442 1175 485 σφεα
1211 427 1471 485 ἐκομίσαντό
1509 445 1553 472 τε
1589 430 1664 472 καὶ

399 499 638 554 ἱδρύσαντο
675 503 752 554 τῆς
796 497 1008 555 σφετέρης
1047 497 1190 554 χώρης
1231 497 1274 547 ἐς
1301 495 1383 552 τὴν
1413 497 1665 552 μεσόγαιαν,

396 572 450 623 τῇ
476 568 557 622 Οἴη
589 565 669 622 μέν
699 566 789 610 ἐστι
820 565 1004 623 οὔνομα,

396 758 495 801 ὥστε
535 759 586 812 δή
628 759 1002 813 θαλασσοκράτορες

338 817 499 867 ἐόντες]
527 821 594 856 Tu
626 820 727 856 conf.
755 821 822 867 111,
853 818 906 859 59
926 819 1002 854 ibi-

337 890 414 929 que
433 882 531 914 nott.
587 877 645 913 Ac
675 877 865 913 recensuit
890 876 932 912 C.
955 876 1000 912 O.

336 934 486 970 muller.
508 933 703 983 Aeginett.
733 945 821 984 pag.
847 933 899 972 87
920 933 1000 969 sin—

336 991 427 1042 gula
464 991 704 1038 testimonia,
749 990 886 1042 quibus
924 990 1004 1026 iam

337 1047 429 1085 inde
447 1048 494 1084 ab
517 1048 678 1084 Homeri
697 1054 821 1084 aetate
841 1047 1002 1083 navibus

338 1106 531 1155 insignem
562 1105 678 1141 fuisse
698 1103 874 1152 Aeginam
893 1104 1002 1140 insu-

337 1164 414 1199 lam
435 1162 678 1212 intelligitur3
696 1164 801 1197 cuius
823 1173 913 1210 opes
928 1172 1001 1196 na·—

336 1219 439 1256 vales
468 1218 557 1254 inde
588 1219 635 1254 ab
667 1230 712 1255 eo
748 1224 922 1267 tempore
948 1218 1001 1254 ita

337 1282 539 1313 creverunt
555 1304 565 1322 ‚
585 1282 629 1311 ut
647 1275 709 1311 vel
728 1275 844 1311 maris
873 1275 1001 1324 impe-

336 1334 438 1369 rium
449 1346 518 1382 per
535 1330 691 1384 aliquod
712 1338 999 1383 certeytempus,

335 1390 472 1439 viginti
507 1402 576 1439 per
599 1401 749 1436 faunos,
779 1387 828 1424 ad
849 1394 1001 1424 sextum

333 1446 414 1482 sere
444 1459 590 1482 anuum
616 1458 738 1497 usque
769 1451 856 1481 ante
889 1445 1001 1481 Sala—

334 1504 496 1539 miniam
516 1515 689 1553 pugnam
716 1508 875 1539 teneret.
935 1502 1001 1537 Tu

335 1561 438 1597 conf.
477 1560 719 1610 potissimum
757 1560 921 1595 Pausan.
951 1559 999 1604 II,

337 1619 390 1657 29
414 1618 453 1662 ξ·
474 1616 512 1657 5.
531 1617 658 1653 strab.
688 1617 775 1653 VIII
806 1629 845 1665 p.
868 1614 948 1655 375
970 1628 1000 1651 s.

336 1672 419 1713 576
440 1674 488 1712 A.
530 1674 624 1709 Mox
653 1686 742 1709 cum
764 1672 881 1708 Gaisf.
913 1670 1001 1707 dedi

333 1727 594 1781 ’ὑπαιρέονται
620 1724 793 1768 αὐτῶν
822 1741 891 1779 pro
928 1726 999 1766 1571:-

335 1781 511 1834 αὕτέων,
562 1784 660 1838 quae
698 1785 838 1822 eadem
878 1785 999 1834 attigit

334 1841 470 1880 Matth.
499 1844 565 1879 Gr.
588 1844 654 1879 Gr.
675 1856 763 1893 pag.
785 1844 851 1889 76,
882 1842 1000 1877 item—

337 1913 411 1951 que
443 1901 481 1936 in
513 1901 689 1950 proxime
729 1899 996 1950 sequentibus:

333 1952 574 2006 ἐκομίσαντό
596 1971 635 1995 τε
667 1954 735 1995 καὶ
768 1951 996 2007 ἱδρύσαντο,

334 2020 378 2050 ut
397 2013 539 2050 Aldina
570 2011 754 2050 exhibent
782 2020 818 2049 et
838 2013 999 2048 Floren-

334 2070 434 2106 tinus
454 2071 561 2117 liber,
583 2069 790 2116 Medioeus,
821 2070 904 2116 alii,
926 2069 998 2104 nisi

337 2125 443 2178 quod
478 2126 520 2163 hi
548 2127 634 2163 libri
663 2128 845 2163 omittunt
876 2138 998 2162 vocu—

335 2184 415 2220 lam
436 2197 486 2221 τε.
545 2184 753 2233 Vulgatam
792 2183 998 2219 lectionem

333 2234 524 2290 ἐκόμισάν
547 2254 586 2278 τε
605 2237 672 2278 καὶ
701 2237 915 2289 ἱδρύσαντο
937 2251 1000 2274 re-

335 2297 534 2333 tinuerunt
554 2295 750 2334 Schaefer.
760 2302 797 2332 et
817 2292 999 2331 Matthiae

334 2354 491 2404 ipseque
517 2351 829 2403 Schweighaeus.
850 2357 1000 2388 mutare

336 2423 447 2446 ausus
469 2422 547 2447 non
568 2416 645 2457 est,
669 2421 905 2460 quamquam
928 2420 999 2457 po-

335 2474 413 2503 stea
435 2467 472 2502 in
489 2467 585 2504 Lex.
600 2465 816 2502 Herodoteo
837 2465 998 2500 alterum

335 2524 538 2574 praetulit,
587 2536 677 2560 cum
717 2535 796 2559 suos
831 2523 868 2558 in
904 2522 999 2570 fines

336 2580 581 2618 transtulerint
599 2582 688 2616 istas
706 2580 887 2626 imagines.
930 2578 995 2614 Tu

335 2636 411 2708 tid.
432 2637 477 2683 V,
514 2639 580 2678 85·
602 2638 668 2678 98.
694 2634 785 2676 114.
804 2635 892 2672 coll.
914 2634 995 2680 Vll,

334 2696 438 2803 09&
453 2749 527 2799 Οἴη
541 2747 613 2799 μέν
628 2747 705 2787 ἐστι
725 2744 899 2798 οὕνομα]
925 2748 994 2783 At-

334 2807 414 2857 tigit
447 2804 540 2842 haec
571 2806 719 2842 Mtiller.
742 2805 766 2841 1.
788 2805 811 2841 1.
845 2816 930 2855 pag.
954 2806 991 2841 8.

1036 564 1191 609 στάδια
1222 565 1268 608 δὲ
1289 563 1472 620 μάλιστά
1504 583 1557 622 κη
1579 563 1665 609 ἀπὸ

1063 761 1239 810 Oeamque
1251 758 1344 796 dixit
1354 760 1483 796 locum
1503 767 1650 798 vetusta
1660 775 1724 797 re-
1739 787 1746 792 -

1060 819 1202 867 ligione
1231 829 1381 853 sacrum
1415 824 1451 854 et
1471 818 1551 867 ipsa
1567 818 1723 855 fortasse

1059 875 1153 911 urbe
1186 873 1416 923 (Aeginae)
1450 875 1723 926 antiquiorem,

1057 932 1202 968 insulae
1211 929 1487 978 meditulliumg
1499 931 1619 981 ipsam
1632 944 1723 970 vero

1061 1001 1199 1026 vocem
1237 987 1283 1024 ab
1324 987 1399 1024 Oea
1413 1016 1423 1034 ‚
1472 987 1724 1026 Pandionidis

1060 1046 1178 1082 tribus
1192 1057 1292 1095 pago
1312 1045 1352 1080 in
1371 1050 1472 1081 terra
1481 1045 1621 1093 Attica,
1635 1057 1724 1082 ma-

1058 1102 1196 1139 nifesto
1217 1102 1417 1151 repetitam
1437 1102 1541 1138 vult:
1571 1108 1615 1139 ut
1631 1114 1724 1138 sane

1060 1159 1344 1210 antiquissimae
1375 1159 1626 1208 Pelasgorum
1652 1171 1723 1195 co·-

1056 1217 1184 1252 loniae
1219 1216 1260 1251 111
1296 1215 1488 1264 Aeginam
1519 1228 1569 1252 ex
1596 1216 1723 1252 Attica

1059 1271 1246 1309 deductae
1274 1272 1431 1321 vestigia
1461 1284 1507 1308 eo
1537 1272 1724 1309 contineri

1059 1330 1252 1380 probabile
1282 1329 1340 1364 sit.
1408 1329 1460 1364 At
1488 1328 1722 1366 meditullium

1057 1387 1196 1423 insulae
1221 1386 1336 1422 totius
1358 1383 1461 1436 quod
1488 1385 1553 1422 ille
1573 1386 1723 1422 vocavit

1063 1443 1172 1480 Oeam
1186 1442 1255 1491 (ob
1276 1440 1462 1478 Herodoti
1465 1440 1614 1489 ,credo‚
1634 1455 1724 1480 ver-

1058 1500 1129 1536 ba.
1178 1501 1254 1564 τῆς
1286 1496 1478 1550 σφετέρης
1513 1495 1644 1550 χώρης
1683 1497 1723 1544 ἒς

1058 1571 1134 1607 την
1158 1550 1376 1607 μεσόγαιαν
1400 1570 1437 1593 κ.
1456 1569 1490 1593 τ.
1507 1556 1585 1604 λ.,)
1615 1553 1722 1592 haud

1058 1614 1146 1649 satis
1174 1611 1360 1648 Herodoti
1396 1613 1564 1662 respexit
1590 1612 1720 1659 verba,

1059 1670 1196 1719 quibus
1208 1667 1304 1705 nihil
1319 1667 1423 1704 aliud
1440 1667 1632 1705 indicatur
1649 1669 1723 1705 nisi

1056 1727 1178 1763 Oeam
1198 1739 1278 1762 non
1299 1724 1376 1761 ad
1366 1738 1493 1775 ipsum
1513 1738 1632 1773 mare,
1653 1723 1721 1762 sed

1055 1783 1274 1830 introrsum,
1295 1795 1317 1819 a
1336 1782 1434 1818 meni
1452 1782 1568 1831 igitm
1577 1783 1721 1818 nonni-

1056 1837 1111 1876 1111
1131 1846 1320 1876 remotam
1335 1837 1393 1888 (ἐς
1403 1853 1477 1888 την
1490 1832 1720 1889 μεσόγαιαν,

1053 1897 1335 1945 landez'nwa‘rts,
1366 1902 1409 1931 ut
1439 1907 1509 1932 nos
1539 1892 1717 1947 dicimus)

1053 1953 1167 1990 fuisse
1187 1954 1312 1990 sitam.
1372 1952 1488 1989 Cuius
1515 1952 1618 1989 urbis
1648 1964 1720 1988 an-

1057 2011 1290 2062 tiquissimae
1310 2022 1401 2046 sane
1423 2015 1460 2045 et
1480 2009 1637 2060 antiqua
1655 2021 1719 2045 re-

1055 2068 1198 2117 ligione
1218 2067 1389 2103 maxime
1418 2066 1575 2115 insignis
1601 2066 1718 2102 situm

1056 2137 1159 2160 nunc
1189 2124 1401 2160 accuratius
1429 2121 1587 2158 definire
1615 2122 1716 2159 licet.

1056 2179 1119 2217 Ad
1136 2193 1222 2216 eam
1244 2180 1348 2215 enim
1368 2179 1550 2229 pertinuit
1570 2178 1718 2214 Miner-

1056 2249 1126 2272 vae
1145 2235 1241 2273 illud
1261 2236 1451 2286 templum
1464 2264 1473 2282 ‚
1509 2233 1556 2272 de
1576 2247 1654 2286 quo
1670 2233 1719 2272 ad

1056 2292 1123 2340 ΙΙΙ,
1154 2292 1206 2332 59
1236 2291 1422 2339 diximus,
1465 2290 1647 2343 quodque
1676 2292 1717 2328 iu

1055 2348 1328 2386 PanhellenIco
1358 2355 1492 2385 monte
1511 2349 1627 2385 situm
1653 2347 1718 2384 fu·-

1055 2408 1126 2443 isse
1157 2405 1305 2443 dudum
1341 2411 1551 2456 propagato
1590 2417 1718 2442 errore

1056 2461 1160 2500 haud
1180 2464 1290 2513 pauci
1302 2461 1426 2499 adhuc
1439 2463 1713 2508 existimarunt,

1056 2532 1175 2571 quum
1190 2518 1496 2566 Panhellenium,
1512 2531 1588 2570 quo
1602 2530 1714 2555 mons

1055 2577 1117 2613 ille
1135 2590 1232 2613 unus
1253 2577 1453 2613 altissimus
1463 2589 1529 2626 per
1548 2575 1712 2612 insulam

1053 2634 1255 2683 Aeginam,
1267 2646 1330 2670 ara
1341 2634 1439 2670 Iovis
1451 2630 1713 2668 Pau-helleni&

1053 2690 1262 2739 insignitus,
1274 2690 1517 2740 significatur,
1537 2688 1714 2738 longissi-

1052 2759 1113 2782 me
1130 2746 1218 2783 hinc
1241 2746 1372 2792 distet,
1392 2746 1561 2782 maxime
1582 2756 1712 2780 remo-

1051 2810 1108 2840 tus
1129 2816 1148 2839 a
1169 2805 1363 2841 Minervae
1394 2802 1536 2853 templo
1556 2831 1566 2847 ,
1608 2798 1710 2852 quod
