1806 3181
393 170 477 211 766

797 167 1255 208 HERODOTI

395 277 438 329 ἐς
474 276 554 335 τήν
584 277 785 334 Πυλαίην
814 275 1161 332 συλλεγομένων,
1202 275 1413 334 ἀργύριον
1442 277 1647 334 ἐπεκηρύ-

395 351 495 402 χθη.
554 345 697 403 χρόνῳ
738 345 784 388 δὲ
824 344 1032 399 ὕστερον,
1059 348 1247 401 κατῆλθε
1285 345 1368 401 γὰρ
1398 345 1440 397 ἐς
1466 345 1704 390 'Ammo-60

368 421 495 470 δρηυ,
528 412 720 457 ἀπέθανε
748 410 836 456 ὑπό
863 411 1123 468 Ἀθηνάδεω,
1157 411 1317 467 ‹ah-6969
1349 415 1594 469 Τρηχινίου.
1625 412 1649 457 ὁ

396 482 441 525 δὲ
469 480 710 538 Ἀθηνάδης
740 475 871 532 οὗτος
893 479 1108 524 ἀπέκτεινε
1136 480 1214 535 μὲν
1241 479 1464 524 Ἐπιάλτεα
1493 481 1546 525 δι’
1577 480 1648 524 ἅλ-

394 553 476 606 λην
507 550 670 605 αἰτίην,
700 547 781 605 τὴν
810 547 892 605 ἐγώ
923 548 969 593 ἐν
996 552 1111 592 τοῖσι
1140 548 1295 594 ὄπισθε
1323 549 1489 606 λόγοισι
1517 560 1649 606 σημα-

338 746 365 786 4
386 759 422 797 p.
444 746 496 786 83
519 758 610 796 seq„
632 744 693 781 cui
714 742 800 782 add.
819 745 931 781 citata
948 745 995 782 ab

339 802 383 839 C.
414 803 477 838 Fr.
507 803 718 839 Hermann.
761 800 995 838 Griechisch.

338 857 615 896 Staatsalterth.
645 859 682 903 ξ.
714 856 778 897 14.
836 859 995 910 Utrique

337 913 427 951 huic
439 915 651 965 legatorum
663 914 804 964 generi,
826 915 996 966 Pylago-

337 972 385 1008 ris
406 984 527 1023 aeque
558 978 671 1023 atque
698 971 995 1007 Hieromnemo-

335 1028 447 1065 nibus
461 1025 995 1078 communeAmphictyonum

335 1097 481 1121 nomen
511 1098 631 1137 quum
661 1085 880 1131 conveniat,
908 1085 995 1121 satis

335 1142 570 1191 intelligitur,
603 1155 670 1178 cur
695 1140 823 1178 addita
852 1141 926 1177 sint
953 1139 993 1178 h.

334 1199 362 1235 l.
381 1199 498 1235 verba
529 1200 608 1237 τῶν
628 1192 933 1248 Ἀμφικτυόνων
955 1195 995 1243 ἐς

337 1251 412 1305 τήν
455 1255 640 1305 Πυλαίην
679 1251 994 1305 συλλεγομένωντ

337 1323 436 1363 quae
474 1311 590 1349 verba
622 1311 814 1346 immerito
852 1307 997 1346 Reiskii

336 1368 593 1417 suspicionem
630 1372 856 1413 moverunt3
905 1371 996 1402 sunt

337 1425 442 1460 enim
461 1424 525 1460 illa
545 1423 753 1460 sanissima.
810 1422 868 1458 Ac
905 1423 995 1459 Πυ-

336 1480 467 1530 λαίην,
488 1492 586 1532 quae
615 1491 694 1517 vox
722 1478 891 1529 primum
911 1477 995 1529 qui-

337 1536 427 1574 dem
447 1535 496 1573 ad
517 1535 631 1586 Pylas
652 1549 681 1573 s.
711 1533 993 1586 Thermopylas

333 1594 498 1644 pertinet
518 1592 679 1644 (quippe
700 1604 776 1643 quo
797 1592 881 1627 loco
913 1591 994 1640 pri-

333 1650 451 1687 mitus
473 1662 551 1685 uno
582 1660 796 1685 convenere
827 1645 994 1697 Amphi-

335 1705 513 1758 ctyones)
545 1711 581 1741 et
602 1703 650 1741 ad
678 1710 886 1741 conventus
912 1704 994 1755 Py-

335 1764 449 1810 laeos,
470 1769 622 1813 postea,
660 1761 727 1798 ubi
745 1758 902 1811 Delphis
921 1772 995 1810 po-

336 1820 522 1857 tissimum
531 1824 765 1856 conventum
773 1818 828 1853 illi
846 1815 995 1853 habue-

337 1882 437 1924 runt,
479 1877 612 1913 latiore
637 1887 750 1912 sensu
784 1872 831 1910 de
860 1873 995 1926 quovis

336 1939 528 1970 conventu
568 1930 866 1982 Amphictyonio
920 1928 995 1966 dici

335 1991 414 2028 sive
442 1990 586 2040 Pylaeo
617 1988 695 2038 (cf.
733 1986 876 2025 Herod.
910 1987 993 2034 VII,

336 2046 437 2095 200)
458 2043 748 2096 sive‘Delphico,
764 2042 868 2080 haud
882 2043 995 2094 pauci

337 2103 586 2152 comprobant
598 2102 671 2138 loci
682 2102 727 2138 ab
742 2099 879 2138 eodem
890 2101 995 2136 Titt-

336 2170 480 2195 manno
513 2159 660 2195 collecti
688 2158 715 2195 l.
737 2158 764 2194 l.
790 2169 873 2207 cap.
900 2157 934 2194 V
954 2157 993 2202 §-

337 2213 363 2254 4
383 2228 420 2265 p.
442 2216 509 2255 78.
565 2213 628 2250 Ad
656 2212 729 2250 hoc
749 2226 840 2251 vero
862 2213 994 2249 conci-

336 2271 433 2307 lium
461 2282 582 2322 quum
610 2281 759 2307 summa
790 2269 995 2319 pertineret

337 2340 427 2364 cura
456 2339 583 2363 rerum
614 2326 853 2377 publicarum
880 2326 994 2362 totius

335 2385 516 2420 Graeciae
537 2396 559 2419 a
580 2383 775 2419 communi
788 2380 895 2418 hoste
905 2382 992 2418 vin·-

337 2439 520 2477 dicandae
542 2446 578 2476 et
596 2437 796 2486 tutandae,
824 2438 992 2489 sequitur

337 2496 440 2545 inde,
462 2509 544 2544 eos,
566 2497 631 2548 qui
653 2495 699 2532 de
720 2495 876 2532 Graecia
895 2494 992 2530 bene

338 2554 582 2601 meruissent,
618 2553 769 2603 publice
789 2564 810 2587 a
829 2551 993 2602 Pylago-

340 2611 388 2647 ris
417 2608 621 2647 collaudari
648 2609 899 2660 praemiisque
929 2619 993 2643 or-

339 2667 421 2702 nari
449 2667 614 2717 potuiSse
648 2663 721 2717 (cf.
742 2663 886 2702 Herod.
909 2664 990 2711 VII,

339 2725 471 2771 228)3
521 2724 586 2775 qui
630 2735 721 2760 vero
778 2720 993 2759 communis

339 2779 572 2817 Graecorum
614 2779 743 2817 salutis
783 2776 992 2830 proditores

1051 745 1288 794 exstitissent,
1304 745 1347 783 iis
1369 756 1533 796 poenam
1545 745 1591 782 ab
1606 745 1705 781 Am-

1049 801 1302 854 phictyonum
1321 802 1480 839 concilio
1501 802 1706 852 irrogatam

1049 860 1175 899 fuisse.
1233 860 1351 895 Plura
1371 858 1474 895 dabit
1491 859 1705 896 Tittmann.

1049 916 1075 952 l.
1095 916 1121 954 l.
1151 928 1235 966 cap.
1261 916 1295 952 V
1322 916 1359 961 ξ.
1382 918 1421 956 6.
1442 917 1481 962 7,
1514 915 1579 968 qui
1608 915 1706 951 bene

1049 970 1139 1009 hinc
1165 972 1373 1022 suspicatur
1395 985 1434 1022 p.
1456 973 1532 1012 121
1546 1000 1556 1020 ,
1576 971 1707 1008 conci-

1049 1029 1144 1066 lium
1154 1027 1265 1076 istud,
1287 1026 1392 1079 quod
1406 1029 1446 1064 in
1456 1026 1599 1064 Isthmo
1611 1040 1706 1064 con-

1049 1092 1251 1136 gregatum
1278 1083 1326 1121 de
1356 1085 1553 1121 communi
1586 1085 1706 1121 Grae-

1051 1143 1131 1178 ciae
1160 1142 1280 1178 salute
1307 1154 1349 1177 ac
1371 1140 1418 1177 de
1447 1141 1603 1189 ratione,
1629 1139 1705 1192 qua

1050 1198 1195 1235 bellum
1214 1203 1407 1247 gereretur
1418 1198 1632 1248 Persaeque
1644 1209 1705 1232 re-

1051 1254 1282 1305 pellerentur
1315 1252 1388 1304 (cf.
1417 1254 1500 1301 VII,
1525 1251 1602 1294 145
1631 1253 1707 1289 ibi-

1053 1324 1127 1362 que
1142 1308 1274 1360 nott.),
1291 1308 1533 1357 deliberabat,
1543 1307 1706 1360 Amphi-

1052 1368 1250 1418 ctyonium
1264 1366 1377 1403 fuisse
1387 1367 1649 1417 mulctamque
1658 1365 1705 1403 ab

1052 1422 1189 1459 eodem
1210 1423 1370 1459 concilio
1389 1424 1434 1461 iis
1463 1424 1615 1460 Graecis
1627 1435 1706 1459 esse

1049 1480 1244 1527 inflictam,
1273 1479 1304 1516 si
1332 1480 1397 1531 qui
1428 1478 1476 1516 ad
1505 1480 1707 1516 Persarum

1048 1542 1172 1587 partes
1211 1549 1251 1573 se
1284 1537 1575 1583 convertissent,
1611 1541 1707 1572 teste

1049 1592 1190 1631 Herod.
1213 1591 1296 1639 VII,
1320 1594 1413 1632 132.
1453 1592 1484 1630 C
1491 1605 1522 1629 r.
1543 1591 1707 1629 conferri

1048 1649 1131 1687 vult
1150 1650 1343 1684 Letronne
1370 1650 1410 1685 in
1424 1648 1628 1685 Me'moires
1658 1646 1707 1684 de

1048 1703 1196 1743 l’Acad.
1213 1703 1277 1741 des
1285 1705 1455 1756 Inscript.
1467 1705 1518 1741 T.
1529 1705 1579 1741 VI
1600 1701 1704 1755 (ann.

1053 1762 1179 1811 1822)
1209 1773 1297 1812 pag.
1327 1761 1410 1802 252
1438 1774 1516 1812 seq.
1544 1782 1601 1787 -—
1647 1762 1705 1797 De

1049 1817 1223 1868 Anticyra
1241 1816 1320 1855 vid.
1339 1824 1435 1856 nott.
1457 1817 1705 1865 adVI1‚198.

1106 1871 1181 1925 τὴν
1199 1870 1275 1925 ἐγω
1293 1873 1335 1913 ἐν
1350 1877 1452 1913 τοῖσι
1470 1871 1617 1913 ὄπισθε
1638 1869 1705 1912 λό-

1049 1942 1155 1982 γοισι
1177 1928 1378 1981 σημανέω]
1399 1930 1580 1968 Frustra‘
1569 1943 1608 1966 1n
1623 1931 1705 1965 He-

1049 1986 1174 2024 rodoti
1192 1987 1307 2036 libris,
1339 1988 1405 2039 qui
1425 1985 1549 2024 adhuc
1569 1999 1703 2037 super-

1048 2051 1147 2092 sunt,
1168 2056 1211 2080 ea
1222 2057 1391 2096 quaeras,
1413 2057 1510 2096 quae
1529 2041 1706 2093 deEphi-

1050 2101 1124 2137 alte
1156 2113 1197 2137 se
1218 2105 1480 2138 enarraturum
1510 2113 1588 2137 esse
1617 2099 1657 2136 h.
1675 2099 1703 2138 l.

1047 2157 1246 2208 pollicetur
1263 2155 1440 2194 historiae
1459 2163 1578 2208 pater.
1606 2157 1704 2191 Pro-

1047 2212 1150 2262 inde,
1164 2214 1214 2250 ait
1225 2214 1514 2263 Wesselingius,
1529 2218 1593 2248 aut
1604 2211 1703 2248 obli-

1047 2276 1108 2307 tus
1131 2283 1264 2306 eorum
1284 2271 1442 2320 scriptor
1456 2275 1531 2316 est,
1553 2275 1618 2304 aut
1638 2266 1704 2304 de-

1048 2332 1135 2363 sunt
1170 2327 1305 2362 multa.
1361 2325 1493 2362 Malim
1524 2323 1703 2376 equidem

1047 2389 1222 2430 statuere,
1244 2395 1359 2433 quem
1375 2395 1494 2434 usque
1515 2380 1563 2417 ad
1575 2387 1701 2418 extre-

1046 2450 1157 2474 mum
1186 2440 1284 2476 vitae
1308 2437 1410 2475 diem
1436 2440 1477 2474 in
1497 2450 1610 2488 opere
1629 2449 1702 2488 po-

1046 2493 1176 2531 liendo
1198 2502 1311 2546 atque
1334 2493 1564 2532 absolvendo
1584 2505 1701 2531 occu-

1046 2557 1179 2601 patum
1191 2565 1269 2589 esse
1283 2553 1459 2590 novimus
1467 2549 1701 2597 historicum,

1048 2620 1137 2644 eum
1175 2607 1412 2659 praematura
1439 2613 1562 2644 morte
1590 2607 1700 2644 abre-

1046 2671 1156 2715 ptum
1177 2679 1254 2702 non
1275 2665 1439 2716 potuisse
1465 2665 1506 2700 in
1534 2675 1699 2715 sequen-

1045 2721 1146 2758 tibus
1165 2735 1232 2758 suo
1252 2722 1336 2758 loco
1356 2720 1529 2767 adiicere,
1546 2719 1698 2771 quaein

1044 2784 1175 2815 mente
1222 2776 1374 2825 habuit,
1441 2787 1613 2828 quaeque
1659 2787 1699 2811 se
