1870 3249
367 207 1020 247 TERPSICHORE.
1078 208 1124 244 V.

1329 207 1388 248 95

124 323 171 367 δὲ
201 318 432 377 ἐφάτισαν,
472 318 618 373 ὥσπερ
649 318 722 362 καὶ
750 317 801 361 τό
832 319 1006 361 δίκαιον
1038 316 1190 372 ἔφερε,
1220 315 1383 372 ἐσαγα-

121 389 288 446 γόντων
315 388 538 431 Φοινίκων
569 387 613 437 ἐς
641 385 723 443 τήν
739 384 934 438 Ἑλλάδα,
967 382 1201 441 Φοινικήῖα
1236 388 1386 440 κεκλῆ-

99 463 247 502 ὃσθαι.
283 456 358 500 καὶ
383 454 461 507 τὰς
489 452 684 512 βύβλους
713 452 928 509 διφθέρας
949 451 1158 496 καλέουσι
1187 449 1272 496 ἀπὸ
1302 454 1385 495 τοῦ

65 633 154 659 cum
165 617 385 670 Schweigh.
390 617 520 668 ‚Gaisfi
534 623 572 654 et
582 615 719 654 Matth.

65 677 208 714 restitui
227 672 377 727 χαίρων.
436 677 524 711 1)υο
543 675 630 711 libri
650 687 722 711 ex-

66 732 199 770 hibent
217 731 412 798 χωρέων,
409 745 506 768 unus
527 733 680 783 χωρῶν.

123 786 338 840 ἐφάτισαν,
388 785 520 839 ω’σπερ
560 787 627 827 καὶ
665 810 722 816 --

69 845 287 896 Φοινικήϊα
313 846 560 896 κεκλῆσθαι]
595 846 721 882 Citant

66 903 411 941 HerodoteaClem.
427 903 538 939 Alex.
550 903 693 939 Strom.
704 903 722 938 I

64 973 103 1011 p.
115 963 208 1001 362.
220 959 395 997 Eustath.
409 959 458 996 ad
469 960 626 1011 Dionys.
640 961 721 999 907

64 1017 131 1053 ubi
153 1017 360 1065 Φοινίκια,
393 1015 723 1068 quemadmodmn

66 1074 181 1110 etiam
198 1073 299 1125 apud
313 1074 470 1110 Diodor.
485 1074 563 1110 Sic.
577 1074 642 1120 ΙΙΙ,
656 1074 723 1112 66.

63 1131 149 1181 Ipsa
179 1130 364 1167 Herodoti
392 1131 508 1168 verba
534 1132 588 1167 ita
622 1130 725 1166 acci-

65 1186 205 1238 pienda
223 1194 334 1225 suut:
366 1217 389 1236 ‚‚
402 1187 580 1224 Dixerunt
595 1187 661 1224 has
679 1185 723 1222 li-

43 1247 182 1293 -teras,
218 1246 340 1296 prouti
377 1246 540 1295 aequitas
572 1242 725 1294 ferebat,

67 1313 145 1338 cum
178 1314 202 1338 a
229 1300 456 1338 Phoenicibus
475 1305 585 1338 essent
614 1303 726 1338 intro-

68 1357 214 1404 ductae,
255 1357 461 1395 leenicias
479 1371 548 1395 esse
570 1361 722 1395 vocatas.

67 1415 201 1465 Neque
215 1415 316 1451 enim
324 1415 444 1465 probo
453 1415 607 1450 Aemilii
618 1416 725 1450 Porti

68 1471 419 1521 interpretationem
442 1473 603 1508 verbum
623 1468 723 1520 ἐφά-

66 1538 179 1566 τισαν
203 1526 415 1564 reddentis:
445 1540 723 1579 rumoremspar-

66 1589 204 1631 serunt,
241 1591 304 1621 aut
333 1585 462 1622 Vallae
494 1586 641 1622 Graeca
671 1585 724 1621 sio

65 1641 201 1677 Latine
220 1643 419 1678 vertentis:
451 1641 606 1692 Confessi
628 1645 725 1689 sunt,

65 1703 108 1733 ut
127 1699 221 1734 ratio
240 1698 386 1735 ferebat
398 1727 408 1746 ,
436 1701 560 1736 vocari
574 1698 725 1736 Phoeni-

66 1765 121 1791 ces
134 1767 145 1800 3
194 1768 284 1791 cum
328 1756 490 1793 verbum
529 1751 726 1805 ἐφάτισαν

64 1811 284 1861 simpliciter
302 1814 426 1849 valeat
446 1813 632 1860 dixerunt,
661 1825 727 1862 ap-

61 1867 266 1916 pellarunt,
302 1875 347 1905 ut
377 1871 418 1905 in
448 1870 628 1919 Apollon.
649 1870 727 1905 Ar-

68 1935 160 1972 gon·
178 1925 208 1970 I,
234 1927 354 1964 1019.
393 1926 472 1961 Nec
494 1924 727 1961 offendjmur

68 1980 132 2015 illa
147 1980 324 2017 orationis
339 1980 572 2017 abundantia
590 1983 630 2017 in
640 1995 729 2018 ver-

69 2035 147 2072 bis:
189 2033 383 2085 ἐφάτισαν
409 2058 465 2066 -
493 2040 729 2089 κεκλῆσθαι.

70 2092 196 2143 Supra
215 2094 277 2140 IV,
294 2095 346 2135 68
376 2094 442 2131 fin.
467 2096 624 2131 Noster:
655 2091 730 2145 τήν

69 2147 301 2201 ἐπωνυμίην
328 2147 561 2201 ποιεύμενοι
588 2153 730 2201 κεκλῆ-

69 2209 169 2245 σθαι
195 2205 408 2258 Αἰγιαλέας
440 2208 526 2245 coll.
549 2209 613 2256 IV,
647 2209 722 2248 181

68 2260 275 2313 ἐπίκλησιν
293 2263 517 2304 καλέεσθαι.
559 2265 643 2310 Quo
658 2277 728 2301 eo-

69 2317 159 2356 dem
177 2321 379 2389 pertinent
378 2319 623 2359 locutiones’'
600 2336 729 2373 ονομα

68 2371 295 2425 ὀνομάζειν,
355 2376 485 2430 ὄνομα
530 2378 728 2431 λέγεσθαι,

70 2432 144 2469 alia
170 2432 210 2469 id
240 2445 360 2483 genus
386 2436 427 2471 in
455 2437 592 2486 vulgus
623 2442 728 2472 nota.

71 2489 146 2534 Qui
176 2489 360 2527 Herodoti
385 2466 546 2529 locumc>
556 2493 730 2531 tractavit

71 2545 238 2583 Nitzsch.
260 2547 285 2583 l.
307 2548 332 2584 l.
352 2551 517 2598 pag.79‚
539 2550 637 2586 inter
657 2550 731 2585 alia

73 2615 227 2655 quoque
250 2601 323 2640 hoe
342 2606 486 2655 posuit:
527 2606 732 2657 „Apparet

72 2657 146 2696 hoc
164 2661 277 2697 illum
297 2660 556 2709 (Herodotum
577 2664 648 2713 sc.)
671 2662 732 2699 di·-

73 2728 181 2753 cere:
212 2718 309 2754 sicut
330 2718 460 2754 literae
492 2720 607 2756 etiam
624 2726 732 2770 post-

74 2785 238 2824 eaquam
269 2787 290 2810 e
320 2773 535 2812 Phoeniciis
576 2777 617 2812 in
651 2776 733 2813 for-

73 2840 178 2866 mam
186 2831 373 2868 Graecam
384 2832 570 2881 abiissent,
589 2845 732 2870 nomen

776 623 908 654 tamen
914 610 1086 666 Φοινική
1090 620 1130 654 ἴα
1140 612 1441 661 tenuerint‚item

777 673 912 725 byblos
929 673 976 709 ab
996 673 1151 709 Ionibus
1162 672 1279 723 pelles
1298 671 1440 718 vocari,

776 737 940 781 utroque
966 731 1126 766 nomine
1143 742 1163 765 e
1200 729 1357 780 pristina
1385 728 1441 764 rei

778 786 998 825 conditione
1018 786 1206 823 retento.“

833 842 901 883 καὶ
925 840 997 890 τοὶς
1029 838 1206 894 βύβλους
1240 838 1441 894 διφθέρας

777 899 982 948 καλέουσι]
1018 896 1194 951 βύβλους
1215 905 1251 935 et
1279 894 1441 950 βύβλων

778 965 880 995 recte
899 958 1140 994 Florentinus
1167 968 1237 1008 pro
1277 955 1445 1006 βίβλους

780 1022 818 1052 et
838 1015 1002 1066 βίβλων.
1049 1014 1177 1051 Citam
1198 1013 1341 1050 Pollux
1360 1012 1443 1060 VII,

779 1075 830 1113 21
840 1074 875 1110 1.
886 1069 1060 1108 Eustath.
1074 1070 1122 1107 ad
1132 1069 1265 1121 Odyss.
1274 1083 1313 1120 p.
1323 1071 1443 1118 1913,

781 1130 834 1168 30
846 1140 875 1164 s.
890 1127 984 1174 765,
998 1130 1065 1168 38.
1086 1128 1245 1164 Pierson
1265 1125 1444 1163 adMoer.

779 1197 868 1235 pag.
907 1187 974 1225 90.
1033 1183 1146 1230 Quod
1173 1184 1343 1236 sequitur
1368 1178 1447 1222 οἷπό

779 1244 851 1280 τοῦ
871 1243 1047 1280 παλαιοῦ
1077 1242 1245 1293 accipio:
1282 1240 1327 1277 ab
1348 1241 1445 1277 anti-

783 1311 849 1348 quo
879 1297 960 1336 inde
989 1303 1149 1350 tempore.
1202 1298 1331 1335 Minus
1357 1297 1445 1347 pla-

781 1362 864 1392 cet:
912 1358 1060 1406 antiquo
1101 1358 1200 1403 ritu,
1230 1356 1444 1404 antiquaex

779 1412 1043 1450 consuetudine.
1071 1433 1128 1441 --
1149 1409 1347 1463 διφθέρας
1365 1411 1446 1447 sive

775 1469 886 1521 pelles
923 1482 1028 1507 ‘rasas
1065 1468 1168 1521 apud
1197 1469 1318 1506 varias
1351 1468 1445 1504 olim

780 1534 913 1577 gentes
945 1526 995 1564 ad
1028 1526 1258 1563 memoriam
1275 1523 1448 1577 proden-

782 1583 886 1631 dam,
908 1590 950 1620 ut
971 1585 1022 1620 ait
1039 1584 1287 1633 wesseling„
1308 1594 1446 1634 resque

781 1641 948 1691 singulas
982 1642 1098 1678 literis
1130 1638 1369 1677 mandandas
1401 1651 1446 1675 ao

780 1699 992 1749 posteritati
1009 1696 1213 1735 servandas
1233 1698 1273 1733 in
1290 1709 1363 1732 usu
1382 1695 1447 1731 su-

779 1756 852 1791 isse
871 1756 1071 1792 novimus:
1102 1754 1207 1791 unde
1231 1752 1333 1804 apud
1351 1753 1448 1789 Dio-

783 1810 865 1848 dor.
886 1813 936 1858 Π,
958 1815 1012 1852 32
1032 1812 1281 1848 membranae
1306 1811 1448 1845 Persa-

783 1881 871 1904 rum
890 1869 1016 1917 regiae
1040 1882 1070 1905 s.
1105 1865 1300 1917 διφθέραι
1335 1865 1446 1917 βασι-

784 1922 904 1966 λικαὶ,
923 1937 942 1959 e
958 1925 1094 1976 quibus
1106 1937 1173 1961 sua
1189 1922 1356 1960 hausisse
1367 1922 1448 1958 fer-

783 1987 846 2016 tur
866 1980 1019 2017 Ctesias.
1076 1982 1134 2017 De
1163 1980 1299 2032 quibus
1319 1991 1450 2015 mem-

785 2037 911 2074 branis
945 2038 1178 2087 VVesseling.
1214 2037 1269 2073 ibi
1308 2037 1449 2073 excitat
1504 2052 1513 2057 f

784 2092 928 2144 Agath.
955 2095 992 2130 II
1018 2108 1059 2145 p.
1087 2096 1154 2135 68.
1194 2092 1304 2131 Esdr.
1325 2094 1389 2140 VI,
1406 2089 1467 2132 2.‘

782 2149 922 2187 Esther
950 2152 999 2198 Π,
1032 2153 1102 2192 22.
1133 2151 1196 2199 VI,
1229 2153 1266 2191 1.
1320 2151 1376 2194 X,
1407 2151 1447 2197 2,

784 2206 923 2244 eodem
983 2208 1191 2258 respicitmt
1246 2206 1447 2258 proverbia

783 2262 886 2314 apud
897 2265 1045 2302 Zenob.
1057 2264 1122 2310 IV,
1135 2268 1180 2304 11
1199 2263 1304 2312 (coll.
1316 2262 1448 2301 Schol.

783 2322 919 2359 venet.
940 2320 1050 2358 Iliad.
1071 2318 1121 2369 α’,
1144 2320 1243 2369 175)
1276 2327 1312 2357 et
1337 2322 1448 2371 Apo-

784 2379 876 2415 stol.
896 2378 961 2426 IV,
982 2377 1050 2426 47,
1072 2379 1143 2415 alia
1161 2376 1378 2415 aValcken.
1399 2375 1449 2413 ad

784 2433 825 2472 h.
836 2435 862 2472 l.
874 2437 1037 2471 excitata
1053 2465 1063 2483 ,
1096 2435 1325 2487 quibuscum
1343 2434 1447 2471 conf.

785 2490 1047 2529 Hemsterhus.
1072 2492 1121 2528 ad
1140 2492 1288 2528 Polluc.
1310 2492 1362 2528 X.
1379 2491 1448 2531 57.

786 2549 844 2586 Ac
864 2550 951 2586 satis
970 2549 1220 2586 manifestum
1243 2554 1310 2595 est,
1330 2554 1373 2584 ut
1384 2560 1447 2583 re-

787 2613 846 2643 cte
865 2612 998 2643 monet
1012 2603 1179 2643 Nitzsch.
1195 2606 1218 2642 l.
1229 2605 1254 2642 l.
1276 2616 1365 2655 pag.
1377 2606 1448 2643 71.

787 2664 842 2702 77
871 2663 1092 2712 gravissimo
1122 2661 1309 2699 Herodoti
1339 2660 1448 2696 testi-

786 2721 920 2756 monio
948 2720 1143 2767 insistens,
1173 2729 1317 2755 nomeu
1351 2716 1447 2764 διφ-

787 2777 926 2825 θερῶν
953 2776 1220 2827 antiquissimis
1240 2774 1319 2810 fere
1334 2773 1448 2811 volu-

787 2833 953 2869 minibus
971 2832 1085 2870 fuisse
1104 2830 1302 2884 proprium
1315 2859 1327 2879 ‚
1357 2843 1448 2868 cum
