1815 3181
273 346 339 390 74
396 343 562 392 ναίους.

66 409 141 436 Post
167 409 291 437 detecta

62 443 185 479 fraude,
206 452 267 479 qua
282 443 341 470 De-

63 480 215 504 maratum
241 478 298 504 cir-

64 514 264 538 cumvenerat
280 512 319 546 [c.

61 544 141 579 663,
162 545 290 579 primum
309 544 340 572 in

61 577 269 613 Thessaliam,
278 582 340 606 tum

61 611 92 638 in
115 612 273 639 Arcadiam
288 613 338 639 fn-

84 645 117 676 ·t.
145 647 277 673 Arcades
297 647 335 674 ad

82 680 174 707 ellum
203 680 337 716 Spartae

59 713 253 741 inserendum
268 723 317 741 ex-

59 747 218 779 citaturus,
236 748 316 781 (Obi-

59 784 106 808 ter
123 781 161 807 de
175 782 332 816 aquasty-

399 234 483 273 330

57 815 108 849 gia
126 815 165 841 ad
182 817 333 843 Nonacria

60 849 227 881 Arcadiae.)

333 970 397 1004 Tu
437 970 537 1005 conf.
568 971 680 1007 citata
709 983 731 1007 a
765 971 906 1008 Siebel.
941 969 989 1007 ad

332 1028 494 1063 Pausan.
515 1027 584 1075 IX,
606 1026 659 1068 25
683 1029 718 1073 ξ.
752 1030 791 1068 6.

512 1129 604 1180 Cap.
625 1130 798 1168 LXXIV.

388 1196 614 1248 Κλεομένεα
647 1193 836 1236 ε’ποὶϊστον
876 1193 988 1248 γενό-

327 1255 472 1305 μενον]
518 1252 694 1290 Pendent
717 1252 757 1290 hi
787 1255 988 1292 accusativi

327 1324 348 1346 a
377 1323 472 1348 voce
492 1310 605 1362 ἔλαβε
627 1310 857 1359 (Οἰεοηιθηρηι
871 1333 915 1338 -
930 1325 986 1349 ce-

321 1369 402 1418 pit,
431 1371 573 1419 invasit
601 1369 754 1417 metus).
812 1370 870 1404 De
891 1382 985 1406 voce

323 1421 506 1471 ἐπάϊστος
527 1426 626 1462 conf.
647 1427 693 1472 ΙΙ,
719 1427 810 1465 119.
839 1426 904 1472 111,
919 1427 985 1467 15.

323 1503 380 1508 -
411 1481 526 1532 δεῖμα
550 1480 832 1533 Σπαρτιητέων
853 1486 902 1519 est
912 1495 980 1519 me-

325 1543 382 1575 tus
413 1539 453 1576 ob
483 1538 684 1589 Spartanos
701 1543 906 1589 conceptus,
938 1546 980 1576 ut

325 1596 524 1646 πολεμίων
541 1592 674 1646 φόβον
687 1595 788 1646 apud
799 1595 979 1648 Aeschyl.

324 1652 364 1689 S.
386 1651 508 1689 0.Th.
530 1652 623 1700 256,
636 1654 702 1689 ubi
722 1653 823 1689 conf.
844 1654 981 1690 Blom-

321 1708 422 1745 field.
451 1710 525 1745 Alii
557 1711 660 1746 enim
687 1710 740 1745 ibi
776 1708 979 1760 πολέμιον.

320 1787 376 1792 —
410 1767 467 1801 De
495 1766 651 1814 fraude,
686 1779 760 1818 qua
791 1768 978 1804 Demara-

318 1830 399 1858 tum
412 1824 724 1864 circumvenerat.
747 1822 823 1860 vid.
835 1824 897 1868 VI,
910 1826 976 1864 65.

373 1878 441 1918 καὶ
460 1878 647 1931 ὑπεξέσχε
678 1880 715 1925 ἐς
735 1881 974 1930 Θεσσαλίην]

316 1936 340 1971 i.
362 1949 394 1972 e.
418 1936 549 1986 furtim
571 1951 605 1975 se
625 1937 794 1975 subduxit
819 1939 976 1987 abiitque

315 1995 352 2029 in
376 1993 608 2031 Thessaliam.
684 1993 809 2031 Affert
837 1994 974 2032 Suidas

318 2050 367 2086 T·
388 2051 441 2085 ΠΙ
461 2064 499 2101 p-
521 2052 602 2092 537
620 2049 831 2101 ὑπεξέσχεν
851 2053 976 2102 expli-

319 2119 407 2142 cans
431 2105 589 2159 ἔφυγεν,
611 2104 844 2159 ἀπέδρασεν.
865 2108 974 2145 Idem

317 2175 430 2213 supra
459 2164 504 2211 V,
535 2167 602 2205 72.
659 2164 722 2202 Ad
741 2166 857 2202 verba
878 2162 978 2204 νεώ-

317 2233 407 2271 τερα
427 2218 596 2271 ἔπρησσε
619 2222 719 2258 conf.
740 2223 784 2265 V,
796 2225 847 2262 93
871 2229 907 2258 et
927 2221 976 2258 ad

316 2289 427 2313 voces
448 2275 634 2323 συνιστιὶς
664 2275 756 2323 τούς
774 2274 975 2328 Ἀρκάδας

317 2332 380 2371 ἐπὶ
408 2335 460 2388 τῇ
491 2330 657 2385 Σπάρτῃ
688 2335 789 2371 conf.
818 2336 882 2382 ΙΙΙ,
904 2337 972 2375 71.

313 2391 376 2437 IV,
422 2388 519 2437 154,
569 2392 617 2428 Ob
636 2388 972 2441 'praeposifionem

315 2446 392 2485 ἐπί.
451 2448 508 2482 De
529 2449 720 2498 particulis
749 2443 777 2497 ἦ
800 2445 873 2498 μὲν
893 2448 969 2484 vid.

315 2511 409 2542 nott.
426 2503 473 2540 ad
494 2505 538 2551 V,
560 2507 614 2545 92
636 2506 672 2550 ξ.
700 2505 737 2545 5.
767 2507 897 2555 Ipsum
910 2506 969 2540 lo-

315 2563 346 2597 ci
367 2569 638 2612 argumentum
659 2563 781 2613 attigit
794 2561 968 2598 Broend—

314 2618 408 2656 sted-
439 2620 572 2656 Reisen
597 2626 666 2656 etc.
688 2621 721 2655 11
750 2632 837 2669 pag.
861 2621 954 2660 287.

371 2675 410 2722 ἐς
460 2672 674 2727 Νώνακριν
714 2673 854 2724 πόλιν]
911 2677 967 2711 De

319 2734 452 2771 Pheneo
472 2735 582 2780 urbe,
613 2746 711 2785 quae
732 2735 828 2770 inter
849 2734 969 2768 Arca-

313 2792 397 2828 diae
427 2793 536 2828 urbes
558 2792 779 2840 insigniores
806 2791 970 2840 antiqui-

314 2856 370 2886 tus
401 2848 526 2886 habita
557 2851 818 2886 Romanorum
850 2854 968 2882 aetate

622 340 749 384 Μετὰ
785 342 831 385 δὲ
859 346 1016 396 ταῦτα,

397 409 584 465 νόμενον
624 408 998 465 κακοτεχνήσαντα
1028 411 1069 461 ἐς
1098 410 1384 466 Δημάρητον,
1417 414 1540 466 δεῖμα
1561 412 1711 455 ἔλα-35

368 484 390 517 2
401 480 449 534 βε
480 476 801 532 Σπαρτιητέων,
834 479 906 521 καὶ
936 478 1134 534 ὑπεξέσχε
1154 479 1196 530 ἐς
1217 481 1468 536 Θεσσαλίην.
1508 480 1656 523 ἐνθεῦ-

396 562 469 589 τεν
491 545 536 588 δὲ
558 543 819 600 ἀπικόμενος
839 544 881 596 ἐς
903 545 983 602 τήν
1000 544 1240 602 Ἀρκαδίην,
1262 547 1450 602 νεώτερα
1472 548 1653 603 ἔπρησσε

393 613 645 669 πρήγματα,
678 614 882 665 συνιστὰς
911 615 1016 665 τούς
1043 613 1250 669 Ἀρκάδας
1279 616 1347 659 ἐπὶ
1373 620 1426 672 τῇ
1456 614 1652 672 Σπάρτῃ,

394 682 553 733 ἄλλους
589 699 633 725 τε
678 681 840 737 ὅρκους
880 683 1115 737 προσάγων
1163 696 1263 738 σφι,
1300 678 1325 738 ἦ
1361 683 1439 738 μὲν
1473 684 1712 734 ἓψεσθαί40

390 762 526 806 σφεας
564 749 680 810 αὐτῷ
706 755 761 808 τῇ
803 752 858 793 ἂν
887 751 1104 808 ἐξηγῆται·
1147 752 1219 794 καὶ
1245 750 1296 807 δὴ
1327 753 1398 794 καὶ
1427 751 1469 802 ἐς
1500 751 1652 794 Νώνα-

795 234 1253 272 HERODOTI

1061 345 1303 399 Κλεομένεα
1316 378 1326 397 ,
1358 344 1563 387 ἒπάϊστον
1591 361 1655 398 γε·

1045 971 1122 1006 iam
1155 974 1298 1021 partim
1337 972 1407 1008 fuit
1445 970 1587 1018 diruta,
1627 970 1706 1006 vid.

1045 1029 1234 1065 Mannert.
1256 1029 1342 1064 Vlll
1362 1042 1397 1078 p.
1419 1027 1501 1068 440
1530 1039 1609 1079 seq.
1631 1027 1704 1063 ibi-

1049 1097 1123 1136 que
1143 1086 1383 1136 potissimum
1411 1086 1575 1121 Pausan.
1605 1084 1702 1130 VIII,

1047 1140 1112 1180 14.
1172 1144 1270 1187 Quin
1292 1141 1417 1178 adhuc
1447 1142 1530 1177 loco
1560 1153 1702 1177 nomen

1046 1196 1197 1245 ΡΙιοηεα,
1220 1211 1338 1249 prope
1359 1199 1487 1235 vicum
1503 1198 1701 1245 Zaracula,

1043 1260 1138 1291 teste
1168 1256 1209 1292 C.
1247 1256 1290 1292 0.
1320 1255 1473 1291 Muller.
1490 1256 1582 1291 Dor.
1602 1255 1636 1289 II
1656 1268 1697 1304 p.

1043 1309 1138 1351 439.
1214 1311 1325 1349 Unde
1374 1311 1422 1348 ad
1462 1310 1701 1348 occidentem

1041 1367 1111 1403 sita
1152 1367 1330 1406 Nonacris
1350 1399 1360 1417 ‚
1405 1369 1512 1405 cuius
1544 1368 1701 1418 exiguas

1040 1425 1167 1462 ruinas
1199 1433 1345 1462 exstare
1373 1426 1501 1462 scribit
1534 1426 1699 1461 Pausan.

1039 1481 1137 1529 VIII,
1165 1486 1229 1529 17,
1260 1483 1284 1524 5
1306 1483 1392 1520 coll.
1415 1482 1592 1520 strabon.
1613 1483 1701 1518 V111

1036 1551 1074 1588 p.
1096 1539 1177 1579 597
1200 1541 1245 1575 A.
1268 1553 1297 1577 s.
1320 1541 1413 1580 389.
1479 1539 1552 1584 Qui
1579 1552 1699 1589 prope
1736 1569 1740 1574 .

1036 1604 1272 1632 memoratur
1301 1597 1386 1633 fons
1417 1610 1447 1633 s.
1480 1596 1583 1646 Aqua
1606 1595 1697 1646 Sty-

1037 1654 1102 1699 gia
1116 1682 1124 1698 ‚
1156 1652 1327 1689 eiusdem
1345 1653 1434 1689 fecit
1457 1654 1698 1689 mentionem

1037 1710 1200 1746 Pausau.
1231 1711 1316 1747 loco
1353 1709 1505 1746 laudato
1538 1717 1575 1746 et
1596 1710 1695 1757 VIII,

1041 1768 1090 1806 18
1124 1767 1161 1811 ξ.
1194 1770 1233 1807 2.
1268 1768 1317 1806 19
1348 1767 1385 1812 ξ.
1413 1769 1440 1807 2
1467 1767 1577 1817 plura
1597 1765 1695 1803 adii-

1035 1823 1136 1859 ciens
1167 1821 1214 1859 de
1243 1824 1282 1860 vi
1314 1821 1426 1859 huius
1457 1835 1579 1875 aquae
1609 1824 1694 1859 ani—

1033 1880 1224 1916 mantibus
1267 1878 1462 1916 mortifera
1481 1909 1491 1927 ‚
1540 1880 1695 1916 metalla

1032 1935 1251 1988 lapidesque
1271 1937 1470 1987 frangente
1490 1949 1534 1974 ac
1557 1936 1693 1973 dissol-

1032 1999 1164 2041 vente,
1207 1995 1288 2030 aliis
1310 1994 1422 2030 rebus
1450 1992 1692 2044 putredinem

1033 2048 1229 2087 afferente.
1283 2049 1386 2088 Add.
1408 2051 1557 2089 Aelian.
1577 2052 1625 2088 N.
1642 2051 1692 2088 A.

1033 2107 1084 2153 X,
1114 2106 1180 2146 40.
1210 2109 1395 2158 Antigon.
1419 2108 1504 2150 Car.
1536 2109 1575 2154 ξ.
1600 2105 1692 2154 174,

1033 2163 1099 2199 ubi
1141 2163 1382 2201 Beckmann.
1413 2164 1462 2200 ad
1499 2164 1691 2201 Aristotel.

1031 2220 1169 2257 Auscc.
1196 2221 1360 2257 mirabb.
1393 2221 1430 2266 ξ.
1456 2223 1531 2261 131
1555 2232 1692 2257 aman-

1031 2275 1145 2325 dans,
1188 2278 1229 2313 in
1246 2289 1353 2314 veras
1382 2278 1539 2328 inquirit
1558 2289 1688 2315 causas

1030 2345 1185 2381 eorum,
1221 2346 1319 2385 quae
1349 2331 1396 2370 de
1425 2331 1537 2371 huius
1567 2346 1690 2386 aquae

1029 2390 1067 2425 vi
1105 2389 1374 2440 praedicabant
1413 2398 1573 2429 veteres.
1638 2391 1688 2428 Et

1028 2447 1160 2483 confer
1189 2446 1354 2499 denique
1390 2448 1580 2486 Mannert.
1603 2448 1625 2486 l.
1659 2448 1685 2486 l.

1028 2515 1113 2553 pag.
1145 2502 1240 2544 442.
1299 2504 1398 2549 Quin
1438 2503 1564 2542 adhuc
1598 2504 1686 2541 talia

1026 2559 1073 2596 de
1106 2559 1178 2598 hac
1198 2561 1298 2614 aqu-<⁸1
1326 2560 1535 2612 praedicari
1555 2561 1602 2598 ab
1621 2562 1685 2597 in-

1025 2615 1172 2667 digenis
1208 2625 1394 2655 testantur
1422 2618 1684 2669 peregrinato-

1025 2687 1082 2710 res
1102 2677 1329 2712 recentiores
1346 2705 1355 2722 ‚
1396 2674 1596 2721 Dodwell„
1624 2675 1682 2711 De

1026 2731 1301 2782 Stackelberg‚
1331 2732 1406 2769 alii.
1465 2730 1681 2769 Herodotus

1027 2795 1125 2826 tacet
1145 2802 1211 2836 ea,
1243 2796 1285 2826 ut
1306 2789 1370 2841 qui
1391 2789 1512 2826 obiter
1530 2793 1680 2824 tautum

1026 2847 1091 2882 ista
1131 2847 1301 2896 attingat.
1363 2846 1484 2891 Quem
1514 2844 1680 2881 eundem
