1851 3181
387 241 545 292 ‘56⁰
864 248 1329 287 HERono'rl

334 361 401 407 75
458 373 577 410 νεος,
607 355 655 408 ὃς
683 355 726 406 ἐς
758 358 1024 411 Μαραθῶνα
1052 355 1226 413 ἐσέβαλε
1256 356 1345 414 ἅμα
1374 355 1495 402 Δάτι.
1549 355 1730 414 Θρήϊκες

130 425 406 496 '‘Ji'ssffgaffisshyffiijflfi
464 427 523 478 δὲ,
549 424 615 468 ἐπὶ
646 423 723 478 μὲν
751 428 850 480 τῇσι
865 429 1076 483 κεφαλῇσι
1090 424 1337 478 ἀλωπεκέας
1363 426 1547 483 ἔχοντες,
1577 427 1728 480 ἐστρα-

130 494 378 563 ζὲίξῐξῑῑῃζξζῗξῑ
463 493 664 543 τεύοντο,
699 492 798 546 περὶ
829 493 874 536 δὲ
904 492 952 537 τὸ
985 498 1132 550 σῶμα,
1171 499 1389 547 κιθῶνας·
1419 496 1489 539 ἐπὶ
1521 495 1594 545 δὲ,
1643 499 1785 549 ζει-25

129 561 410 630 ἒξξζξξῆξξῇᾞῗξ
467 561 546 617 ρὰς
584 560 944 616 περιβεβλημένοι
980 564 1204 615 ποικίλας·
1242 565 1341 619 περὶ
1380 566 1425 608 δὲ
1459 565 1563 616 τοὺς
1591 562 1732 615 πόδας

129 630 368 701 fffiqffgr‘igssgffm
461 645 506 672 τε
534 628 608 671 καὶ
636 629 714 679 τὰς
745 628 932 684 κνήμας,
961 629 1116 674 πέδιλα
1144 634 1333 688 νεβρῶν·
1364 631 1474 687 πρὸς
1502 632 1570 682 δὲ,
1602 628 1731 674 ἀκόν-

437 698 539 742 Ξτιοὶ
582 713 627 741 τε
675 697 746 740 καὶ
805 697 960 749 πέλτας
1013 700 1087 743 καὶ
1135 700 1367 757 ἐγχειρίδια
1415 698 1590 756 σμικρά.
1659 695 1733 742 οὗ·

459 782 530 810 τοι
559 766 605 809 δὲ
636 764 861 821 διαβάντες
892 766 970 822 μὲν
1000 768 1041 819 ές
1071 768 1149 825 τήν
1176 769 1345 825 Ἀσίην,
1375 768 1620 824 ἐκλήθησαν
1650 769 1732 809 Βι-

461 835 616 878 θυνοί·
645 832 694 876 τὸ
731 833 777 876 δὲ
801 835 1017 890 πρότερον
1047 837 1300 891 ἐκαλέοντο,
1342 836 1401 889 ὦς
1431 835 1555 880 αὐτοὶ
1583 833 1732 889 λέγου-

462 913 525 956 σι,
556 900 841 956 Στρυμόνιοι,
877 902 1091 956 οἰκέοντες
1121 894 1189 948 ἐπὶ
1218 903 1462 961 Στρυμόνι·
1504 905 1788 959 έξαναστῆ-ΒΟ

461 987 537 1014 ναι
567 970 613 1013 δέ
643 980 754 1025 φασι
784 971 825 1023 ἐξ
855 970 1002 1027 ἠθέων
1029 971 1115 1017 ὑπὸ
1150 977 1360 1029 Τευκρῶν
1387 989 1433 1017 τε
1451 974 1524 1016 καὶ
1546 974 1732 1015 Μυσῶν.

468 1041 671 1095 Θρηΐκων
704 1039 750 1082 δὲ
777 1043 866 1083 τῶν
895 1040 942 1083 ἐν
970 1045 1023 1099 τῇ
1051 1041 1166 1099 Ἀσίῃ
1197 1038 1296 1098 ἦρχε
1328 1039 1560 1098 Βασσάκης
1591 1038 1615 1085 ὁ
1641 1038 1732 1095 Ἀρ-

331 1106 401 1151 76
458 1107 669 1163 ταβάνου.
757 1106 943 1161 ἀσπίδας
990 1110 1037 1155 δὲ
1076 1109 1324 1168 ω’μοβοΐνας
1364 1109 1481 1168 εἶχον
1532 1107 1731 1167 σμικράς,

132 1171 264 1207 [Textus
282 1169 339 1198 hoe
363 1171 409 1198 lo-

130 1214 165 1234 co
183 1205 249 1234 hiat
266 1204 378 1234 lacuna

603 1307 697 1358 Cap.
717 1307 877 1344 LXXV.

466 1382 692 1433 οἷλωπεκέας
706 1385 885 1437 ἔχοντες]
909 1386 987 1424 scil.
999 1386 1068 1426 δο-

406 1439 500 1496 ράς,
530 1451 572 1480 ut
592 1444 673 1491 VII,
695 1445 760 1491 69,
782 1444 849 1480 ubi
868 1442 946 1481 VId.
969 1450 1067 1480 nott.

412 1500 483 1537 Cr.
515 1499 646 1536 laudat
675 1499 868 1539 Iabionsk.
907 1501 1068 1551 Opuscc.

405 1557 456 1594 T.
478 1558 533 1592 ΠΙ
552 1569 641 1607 pag.
671 1558 734 1597 83.
793 1558 851 1594 Ac
882 1570 932 1593 ne
951 1558 1071 1594 mire-

405 1614 456 1650 ris
476 1612 646 1650 Thraces
667 1614 891 1650 animalium
908 1615 1069 1666 pellibus

404 1669 559 1707 indutos
597 1672 909 1719 commemorari3
959 1670 1070 1709 vide-

403 1733 465 1764 tur
483 1740 574 1764 sane
594 1728 687 1764 olim
706 1726 800 1764 haec
822 1729 927 1779 regio
947 1729 1070 1765 multo

404 1784 542 1821 maiori
572 1784 712 1835 frigore
742 1785 955 1822 laborasse:
994 1798 1070 1836 qua

405 1840 454 1878 de
474 1854 515 1877 re
537 1839 616 1877 dixi
649 1840 697 1878 ad
716 1842 779 1889 IV,
802 1843 867 1883 28.
905 1840 1072 1879 Larche-

406 1911 470 1935 rus
492 1911 512 1933 e
528 1897 779 1949 Xenophont.
793 1899 921 1936 Anab.
941 1900 1022 1947 VII,
1043 1898 1071 1939 4

408 1955 446 2000 §.
459 1953 484 1993 4
502 1961 659 1992 annotat
670 1954 839 1993 Thraces
851 1957 1072 2007 Europaeos

408 2010 547 2048 eodem
558 2010 676 2049 modo
698 2025 719 2048 a
730 2012 990 2064 Xenophonte
1003 2012 1071 2050 de-

406 2068 544 2116 scribi,
576 2082 651 2120 quo
672 2070 855 2107 Asiaticos
876 2071 922 2108 ab
944 2072 1072 2107 Hero-

407 2123 511 2162 doto.
529 2147 580 2152 ——-
612 2124 674 2162 Ad
694 2139 831 2164 vocem
861 2124 989 2180 ζειροῖς
1020 2127 1069 2164 cf.

405 2188 504 2218 nott.
525 2179 574 2217 ad
593 2182 673 2229 VII,
692 2185 757 2222 69.

463 2237 602 2276 πέδιλα
631 2239 818 2289 νεβρῶν]
861 2240 1004 2288 caligas
1027 2252 1070 2277 esc

405 2293 632 2331 hinnulorum
665 2295 816 2344 pellibus
844 2297 1071 2346 interpreta-

399 2357 469 2388 tur
488 2351 766 2402 Wesselingius
797 2353 914 2390 citans
934 2354 1071 2390 Xeno-

400 2405 542 2459 jphont.
576 2408 701 2446 Anab.
732 2408 796 2456 IV,
822 2409 859 2457 5,
894 2408 965 2458 14,
1003 2410 1070 2446 ubi

404 2464 644 2515 καρβατίναι
653 2464 918 2516 πεποιημέναι
934 2465 978 2507 ἐκ
989 2469 1070 2506 τῶν

404 2517 634 2573 νεοδάρτων
656 2523 777 2573 βοῶν.

466 2577 669 2628 Βιθυνοὶ]
730 2577 909 2615 Afferunt
949 2580 1070 2616 Hero-

410 2631 522 2671 dotea
535 2635 828 2687 Stephan.By2.
847 2649 923 2673 επ.
945 2639 1070 2687 Στρυ-

409 2686 500 2741 μω“ν
532 2705 621 2743 pag.
649 2695 730 2734 682
761 2699 797 2729 et
816 2692 990 2729 Eustath.
1022 2691 1071 2730 ad

406 2748 567 2800 DionyS.
589 2752 685 2790 793.
744 2750 802 2786 De
840 2751 920 2800 ipsa
956 2757 1070 2800 gente

409 2804 600 2855 quaedam
611 2807 825 2846 notavimus
846 2805 895 2844 ad
908 2808 938 2855 1,
960 2809 1013 2847 28
1035 2813 1073 2844 et

408 2860 490 2909 vu,
512 2864 580 2902 73.

1179 1305 1262 1348 v‘ad
1296 1310 1484 1359 Τευκρῶν
1512 1323 1554 1348 τε
1583 1306 1653 1348 καὶ
1687 1310 1789 1347 Μυ-

1124 1366 1224 1414 σῶν]
1275 1364 1361 1404 Vid.
1391 1378 1504 1416 supra
1533 1366 1614 1414 VII,
1644 1368 1713 1407 20.
1744 1366 1790 1404 G.

1125 1423 1171 1459 Ο.
1190 1423 1341 1461 Miiller.
1364 1423 1456 1460 Dor.
1477 1424 1495 1458 I
1513 1437 1553 1474 p.
1582 1426 1622 1465 9.
1664 1423 1790 1460 Ueber

1126 1478 1187 1516 die
1207 1478 1417 1516 Makedon.
1438 1492 1526 1530 pag.
1553 1483 1620 1528 36,
1640 1480 1708 1516 ubi
1726 1479 1790 1516 ille

1127 1535 1175 1572 de
1195 1537 1439 1573 Teucrorum
1451 1536 1694 1588 expeditione
1707 1537 1791 1588 Ly-

1127 1592 1365 1644 cophrouem
1386 1593 1550 1630 conferri
1576 1594 1660 1631 vult
1681 1592 1786 1634 1341
1835 1594 1838 1595 ⁷

1125 1651 1331 1702 Mysosque
1351 1649 1468 1698 addit,
1484 1651 1551 1702 qui
1571 1663 1660 1687 cum
1680 1650 1792 1687 Teu-

1128 1708 1198 1744 cris
1238 1708 1278 1742 in
1327 1708 1526 1758 Europam
1568 1707 1790 1757 transgressi

1126 1764 1289 1811 fuerint,
1320 1771 1451 1814 postea
1474 1770 1660 1815 tanquam
1678 1765 1791 1801 Moe-

1127 1833 1186 1858 sos
1223 1821 1371 1871 regioni
1419 1821 1596 1873 ampliori
1644 1833 1790 1858 nomen

1131 1876 1295 1916 dedisse.

1315 1990 1410 2042 Cap.
1423 1990 1601 2028 LXXVI.

1185 2065 1356 2118 οἷσπίδας
1387 2067 1430 2109 δὲ
1467 2064 1696 2121 ω’μοβοΐνας
1732 2063 1790 2108 εἷ-

1127 2127 1229 2178 χον]
1260 2128 1284 2164 i.
1306 2140 1340 2165 e.
1370 2127 1506 2178 clypeos
1529 2126 1701 2164 habebant
1728 2125 1791 2162 bo-

1127 2186 1207 2221 vino
1228 2187 1319 2221 corio
1333 2197 1364 2221 s.
1394 2196 1438 2221 esc
1460 2184 1575 2221 cruda
1589 2183 1685 2220 bovis
1699 2182 1792 2234 pelle

1127 2240 1315 2290 confectos,
1348 2247 1391 2277 ut
1418 2241 1499 2287 VII,
1530 2242 1597 2280 79.
1618 2241 1694 2288 91,
1722 2239 1792 2276 ubi

1127 2296 1318 2348 quaedam
1337 2297 1461 2333 attulit
1480 2294 1665 2333 Valcken.
1712 2296 1792 2332 Re-

1127 2360 1185 2390 cte
1194 2366 1284 2390 vero
1305 2354 1476 2390 statuisse
1495 2352 1674 2390 videntur
1683 2353 1792 2389 Pau-

1126 2411 1221 2447 wius
1242 2416 1280 2448 et
1298 2410 1576 2460 Wesselingius
1605 2415 1693 2446 ante
1721 2407 1791 2446 has

1126 2479 1237 2504 voces
1267 2467 1454 2503 nonnulla
1493 2464 1698 2514 excidisse,
1741 2463 1791 2503 ad

1128 2537 1225 2575 quae
1244 2522 1316 2560 hae
1335 2537 1448 2561 voces
1463 2524 1565 2574 ipsae
1585 2523 1789 2574 pertinent,

1128 2580 1176 2617 de
1207 2581 1279 2617 alia
1311 2587 1425 2631 gente
1446 2587 1562 2632 atque
1587 2577 1790 2626 Thracica,

1127 2638 1233 2674 cuius
1262 2638 1302 2673 in
1333 2637 1509 2688 proxime
1529 2635 1791 2674 antecedenti-

1127 2695 1198 2731 bus
1217 2707 1320 2731 nunc
1332 2694 1373 2731 fit
1392 2694 1550 2741 mentio,
1571 2693 1790 2742 intelligen—

1129 2750 1213 2788 dae.
1303 2750 1499 2801 Chalybum
1550 2750 1789 2787 mentionem

1129 2808 1253 2845 omitti
1282 2808 1490 2858 suspicatus
1518 2813 1597 2844 erat
1628 2805 1788 2842 wesse-

1128 2865 1267 2916 lingius
1280 2870 1365 2902 tum
1380 2865 1429 2902 ob
1439 2863 1569 2901 Martis
1578 2858 1682 2915 quod
1691 2871 1786 2898 con-
