1870 3249
0 383 77 433 101

394 201 1054 241 TERPSICHORE.
1112 201 1158 237 V.

1331 199 1416 239 203

147 313 313 360 πάντα·
353 311 433 368 τήν
467 311 513 356 δὲ
543 310 787 366 ἀκρόπολιν
820 308 998 365 έῤῥύετο
1031 307 1164 359 αὐτὸς
1187 304 1417 363 Ἄρταφέρ·
1429 311 1471 348 45

146 399 244 439 νης,
276 383 382 437 ἔχων
412 380 601 436 δύναμιν
634 377 808 434 ἀνδρῶν
847 375 932 421 οὐκ
962 375 1242 433 ὀλίγην.Τὸ
1282 376 1328 419 δὲ
1358 376 1416 431 μὴ
1473 392 1504 446 1¹¹

145 454 405 507 λεηλατῆσαι
456 448 636 499 ἑλόντας
685 446 822 502 σφέας
858 445 938 502 τὴν
975 445 1123 497 πόλιν,
1172 444 1265 501 ἔσχε
1303 443 1416 488 τόδε.

143 513 257 575 ἦσαν
297 518 344 561 ἐν
371 520 470 573 τῇσι
499 515 689 570 Σαρδισι
720 516 879 566 οἰκίαι,
920 515 966 556 αἱ
995 530 1073 569 μεν
1101 517 1301 566 πλεῦνες,
1341 529 1416 556 κα-

144 586 348 640 λάμιναι·
389 585 490 629 ὅσαι
520 582 563 628 δ’
594 581 765 627 αὐτέων
792 582 865 626 καὶ
895 583 1122 625 πλίνθιναι
1159 575 1294 637 ἦσαν,
1343 597 1416 624 κα-

116 654 291 709 Ξλάμου
322 652 438 710 εἶχον
458 652 532 704 τὰς
554 649 738 707 ὀροφάς.
797 649 991 693 τουτέων
1021 650 1073 704 δὴ
1104 651 1210 704 μίαν
1237 652 1326 692 τῶν
1351 666 1417 700 τις
1430 654 1475 689 50

145 723 444 776 στρατιωτέων
474 719 533 772 ὥς
560 719 780 775 ἐνέπρησε,
812 717 971 761 αὐτίκα
1001 715 1080 760 ἀπ’
1115 718 1253 773 οἰκίης
1279 717 1322 767 ἐς
1355 718 1418 760 οἶ-

143 790 245 846 κίην
275 788 346 833 ἰὸν
371 787 421 832 τὸ
451 792 563 843 πῦρ,
595 787 821 844 ἐπενέμετο
853 785 902 829 τό
934 785 1044 828 ἄστυ
1075 784 1205 828 ἅπαν.
1246 785 1418 840 καιομέ-

115 863 234 902 3νου
264 857 311 902 δὲ
338 861 420 902 τοῦ
453 857 624 908 ἄστεος,
666 857 710 899 οἱ
736 855 880 898 Λυδοί
907 870 952 897 τε
981 853 1055 896 καὶ
1084 852 1182 897 ὅσοι
1214 853 1420 908 Περσέων

147 927 308 984 ἐνῆσαν
334 926 382 970 έν
411 929 464 983 τῇ
492 924 618 978 πόλι,
648 921 1014 979 ἀπολαμφθέντες
1042 921 1279 976 πάντοθεν,
1310 920 1420 965 ὥστε

89 1122 238 1174 reliquo
265 1123 460 1159 montium
491 1128 616 1158 tractu
643 1132 757 1171 sepa-

89 1186 193 1227 rato,
223 1185 267 1215 ut
291 1180 372 1216 fere
401 1180 537 1216 unicus
559 1192 580 1215 e
599 1179 756 1230 planitie

87 1236 164 1273 late
199 1242 354 1287 patente
393 1243 585 1286 exsurgat.
643 1237 756 1272 Nunc

88 1292 264 1344 lapidum
300 1294 397 1331 varii
423 1294 572 1344 generis
603 1293 756 1329 colum-

21 1392 27 1396 (
88 1363 305 1402 uarumque
323 1352 516 1389 variarum
525 1350 754 1400 fragmenta,

91 1420 190 1459 quae
201 1414 332 1445 tamen
343 1409 406 1445 cui
414 1408 582 1459 tempori
595 1406 757 1444 adscribi

92 1463 277 1513 debeant,
309 1466 377 1502 vix
408 1471 511 1502 certo
530 1464 684 1510 dixeris,
704 1464 757 1499 ibi

89 1523 247 1572 reperiri
293 1528 480 1559 testantur
526 1522 757 1558 recentiores

87 1580 410 1630 peregrlnatores,
448 1580 546 1615 inter
575 1591 671 1630 quos
692 1578 758 1614 Tu

88 1636 330 1686 potissimum
358 1636 504 1673 consul.
541 1633 755 1672 Prokesch.

88 1693 375 1744 Erinnerungg.
420 1706 487 1730 aus
516 1694 685 1744 Aegypt.
715 1704 756 1729 u.

90 1750 310 1787 Kleiuasien
339 1751 394 1786 ΙΠ
426 1762 516 1801 pag.
545 1751 624 1790 138
646 1761 755 1801 seqq.

93 1807 180 1843 coll.
202 1806 396 1844 Chandler
423 1808 533 1843 Reise
557 1807 598 1842 in
619 1806 757 1842 Klein-

93 1864 197 1899 asien
243 1876 327 1915 cap.
365 1864 512 1900 LXXV
546 1876 636 1913 pag.
673 1860 756 1902 354

94 1932 174 1971 seq·
206 1920 288 1961 358
317 1933 397 1972 seq.
429 1918 490 1957 ed.
524 1920 628 1970 Lips.
656 1920 762 1954 Hee-

95 1988 176 2012 ren.
195 1975 328 2014 Ideen.
359 1977 389 2024 Ι,
414 1979 434 2017 1
457 1988 548 2028 pag.
579 1975 659 2016 153
681 1987 761 2026 seq.

94 2039 176 2070 not.

152 2083 352 2140 ε’ρόύετο]
400 2090 458 2125 Ita
498 2088 636 2140 reliqui
675 2100 761 2138 ego,

95 2158 187 2183 cmn
218 2146 335 2183 Gaisf.
363 2158 384 2182 e
403 2146 623 2182 Florentino
652 2158 762 2182 rece-

95 2203 209 2254 pisset
231 2197 376 2254 ἕρύετο.
434 2203 560 2253 Vulgo
590 2197 760 2252 ε’ῤῥύατο

96 2259 202 2312 quod
222 2258 262 2297 h.
283 2260 310 2297 l.
331 2266 429 2296 stare
448 2272 559 2311 posse
578 2271 692 2310 nego.

343 2383 436 2435 Cap.
459 2383 518 2424 cl.

161 2481 214 2524 To=
235 2482 278 2524 δὲ
305 2484 358 2536 μὴ
381 2486 763 2539 λεηλατῆσαι-ἔσχε

98 2538 238 2591 τόδε]
272 2542 372 2580 Cave
402 2544 564 2580 scribas.
612 2547 686 2583 τοῦ
719 2541 763 2584 δὲ

99 2596 155 2651 μή
187 2601 438 2650 λεηλατῆσαι.
501 2598 590 2639 vid.
624 2599 764 2639 Matth.

31 2668 35 2670 “
100 2657 166 2695 Gr.
198 2657 265 2697 Gr.
299 2668 387 2707 pag·
420 2658 542 2697 1068.
574 2657 763 2696 Valcken.

102 2713 266 2751 conferri
298 2714 404 2750 iubet
437 2711 628 2767 Thucde
637 2716 674 2763 Ι,
696 2717 764 2756 73.

103 2769 286 2822 Sophocl.
340 2768 766 2812 Philoct.1235-—

102 2828 196 2865 Mox
216 2826 305 2865 dedi
324 2820 430 2878 ἦσαν
443 2840 513 2879 pro
527 2826 631 2876 ε’σαν,
648 2834 690 2865 ut
704 2828 767 2866 iu·-

811 1120 956 1157 bebant
984 1119 1080 1156 liber
1106 1117 1300 1156 Sancrofti
1320 1130 1364 1154 ac
1385 1118 1478 1155 Flo-

812 1179 996 1214 rentinus.
1036 1178 1081 1212 In
1101 1189 1181 1227 seq.
1202 1188 1272 1226 pro
1293 1170 1476 1224 καλάμου

813 1234 1006 1272 Sancrofti
1019 1234 1115 1270 liber
1125 1229 1297 1287 καλαμη,
1318 1233 1480 1268 Floren—

811 1293 925 1339 tinus,
948 1291 1012 1327 alii
1031 1285 1254 1340 καλαμους,
1283 1287 1389 1340 quod
1409 1301 1480 1325 ve-

811 1362 900 1385 rum
919 1347 1072 1386 videtur
1096 1345 1479 1397 Schweighaeusero,

815 1407 881 1458 qui
911 1403 1043 1442 laudat
1061 1405 1127 1452 111,
1145 1406 1211 1452 98,
1232 1404 1320 1440 ubi:
1352 1397 1480 1442 καλοί-

815 1478 893 1514 μου
923 1462 972 1501 ὲν
1002 1456 1102 1514 γόνυ
1128 1463 1271 1499 πλοῖον
1313 1459 1482 1499 ἕκαστον

814 1517 1003 1559 ποιέεται.
1061 1520 1156 1556 Mox
1177 1517 1265 1555 dedi
1286 1517 1382 1567 μίαν
1411 1528 1480 1567 pro

1525 384 1673 417 endioque
1696 383 1746 411 de-

1507 423 1539 446 nt
1558 420 1600 452 [a.
1616 418 1702 452 503.].

815 1578 923 1627 W'm'·
981 1574 1045 1612 Ad
1073 1579 1153 1615 τῶν
1176 1590 1234 1620 τις
1265 1574 1313 1610 cf.
1344 1571 1483 1610 Matth.
1542 1598 1546 1602 -

814 1635 880 1671 Gr.
911 1633 978 1670 Gr.
1013 1645 1102 1684 pag.
1140 1633 1235 1674 567.
1275 1630 1378 1667 Add.
1419 1631 1482 1677 VI,

812 1691 880 1732 75.
916 1690 1062 1727 Iacobs.
1085 1689 1134 1728 ad
1155 1690 1306 1726 Aelian.
1326 1689 1374 1725 N.
1391 1689 1440 1724 A.
1452 1688 1483 1735 1,

812 1746 838 1788 4
864 1760 953 1800 pag.
973 1748 1012 1788 8.

875 1855 1086 1909 ἐπενέμετο
1102 1854 1146 1897 τὸ
1164 1854 1263 1896 ἄστυ
1285 1853 1394 1896 Εἶπαν
1410 1856 1427 1905 ]
1459 1857 1485 1894 i.

822 1929 856 1953 e.
884 1917 1050 1967 depavit,
1086 1915 1258 1952 absumsit
1288 1917 1400 1950 totam
1418 1926 1485 1950 ur-

820 1974 903 2010 bem.
963 1973 1028 2010 Sic
1058 1984 1154 2009 mox
1181 1969 1485 2022 νεμομένου

817 2032 892 2069 τοῦ
923 2025 1065 2080 πυρός.
1144 2029 1245 2064 Nam
1288 2026 1486 2078 νέμεσθαι

817 2093 860 2123 ut
881 2086 929 2124 de
958 2086 1147 2123 ulceribus
1165 2085 1277 2121 latius
1298 2085 1487 2135 serpenti-

816 2144 887 2181 bus
908 2142 1004 2192 (vid.
1024 2149 1122 2179 nott.
1145 2140 1194 2178 ad
1211 2142 1405 2191 111,-133)‚
1434 2142 1488 2178 ita

818 2199 866 2238 de
895 2201 986 2251 igne
1015 2199 1154 2237 dicitur
1190 2199 1302 2235 latius
1329 2205 1488 2250 repente

818 2259 1026 2310 omniaque
1061 2262 1326 2294 consumente.
1384 2256 1490 2292 Atti-

817 2316 873 2365 git
901 2313 1120 2351 Blomfield.
1156 2314 1197 2349 in
1239 2313 1404 2349 Glossar.
1441 2310 1491 2348 ad

819 2371 999 2440 Aeschyl.
1041 2373 1276 2421 Agamemn.
1307 2368 1403 2410 469.
1432 2390 1489 2396 —

819 2424 1154 2480 απολαμφθέντες
1183 2422 1390 2466 πάντοθεν
1421 2432 1488 2471 est,

817 2486 976 2536 undique
997 2486 1195 2535 intercepti,
1205 2483 1402 2522 interclusz.
1429 2482 1488 2519 Cf.

818 2543 919 2590 VIII,
945 2544 1009 2582 11.
1025 2544 1094 2582 76.
1116 2543 1183 2581 97.
1209 2540 1381 2587 108.ΙΧ,
1399 2537 1491 2579 114.

820 2602 868 2648 11,
892 2598 970 2640 115
1003 2599 1096 2648 (ubi
1115 2597 1193 2635 vid.
1210 2597 1349 2645 nott.);
1395 2608 1491 2647 quos

821 2658 925 2695 locos
959 2653 1181 2705 Schweigh.
1231 2653 1410 2690 excitavit
1449 2653 1490 2688 in

820 2716 916 2754 Lex.
937 2711 1123 2749 Herodot.
1152 2725 1182 2748 s.
1202 2724 1240 2748 v.
1269 2709 1333 2747 Ad
1353 2725 1400 2748 τα
1420 2723 1492 2748 πε·-

823 2769 1007 2836 ριέσχατα
1046 2768 1149 2806 conf.
1186 2769 1217 2815 Ι,
1243 2769 1297 2808 86
1332 2766 1420 2804 coll.
1461 2766 1491 2812 1,

827 2829 901 2868 191
927 2822 974 2864 τὰ
994 2823 1086 2877 περὶ
1111 2839 1158 2863 τα
1187 2822 1339 2874 ε’.σχατα
