1806 3181
390 131 474 174 708
783 126 1244 166 HERODOTI

361 237 545 289 ἓέόντας
574 237 748 291 Κρῆτας
776 235 996 292 τιμωροὺς
1024 233 1246 294 Μενέλεῳ.
1277 233 1375 278 ἀντὶ
1402 233 1570 279 τούτων
1600 234 1700 279 δέ45

393 318 473 363 σφι
516 302 839 360 ἀπονοστήσασι
878 303 924 346 ἐκ
959 303 1139 358 Τροίης,
1169 302 1295 358 λιμόν
1324 319 1369 346 τε
1390 303 1462 346 καὶ
1490 303 1645 359 λοιμὸν

390 373 593 430 γενέσθαι
633 371 706 415 καὶ
752 369 923 415 αὐτοῖσι
961 369 1033 413 καὶ
1065 374 1177 413 τοῖσι
1206 370 1485 426 προβάτοισι·
1524 372 1566 422 ἔς
1585 387 1643 424 τε,

391 440 441 485 τό
472 440 675 494 δεύτερον
704 438 996 495 ἐρημωθείσης
1016 437 1199 493 Κρήτης,
1227 437 1330 492 μετοέ
1349 442 1437 481 τῶν
1463 438 1646 482 ὑπολοί-

365 514 494 551 3πων
522 508 696 561 τρίτους
725 506 862 563 αὐτὴν
890 509 974 549 νῦν
1003 505 1208 560 νέμεσθαι
1238 508 1425 561 Κρῆτας.
1477 505 1537 548 Ἡ
1566 506 1647 562 μὲν

392 573 447 631 δὴ
481 576 632 631 Πυθίη
660 573 949 631 ὑπομνήσασα
976 577 1125 622 ταῦτα,
1154 572 1245 629 ἔσχε
1260 573 1555 630 βουλομένους
1581 590 1645 618 τι·
1702 574 1791 617 586»

393 641 581 699 μωρέειν
609 648 722 687 τοῖσι
741 643 929 699 Ἕλλησι.

482 710 691 754 Θεσσαλοὶ
712 711 759 755 δὲ
777 708 864 754 ὑπὸ
887 708 1124 767 ἀναγκαίης
1151 708 1202 754 τὸ
1220 712 1396 764 πρῶτον
1427 707 1650 764 ἐμήδισαν,
1659 713 1705 748 50

235 718 334 764 172

64 783 112 812 'rh
118 781 211 812 essali
241 783 340 811 Grae-

65 826 169 845 corum
178 817 266 844 rebus
277 817 338 853 pri-

63 860 147 883 mum
168 851 274 881 favent

336 891 521 947 λιτότητα
547 895 718 933 invenies
750 896 781 941 I,
811 897 879 936 99.
909 894 994 944 VII,

337 957 363 996 8
397 954 434 999 §.
465 957 502 992 1.
559 951 621 989 Ad
655 965 766 989 voces
797 950 995 1003 τιμωρούς

341 1008 531 1062 Μενέλεῳ
575 1009 676 1046 conf.
717 1015 812 1046 nott.
843 1008 891 1045 ad
912 1010 993 1057 VII,

343 1068 436 1106 169.
476 1066 575 1102 Cum
593 1063 777 1102 Herodoti
795 1063 866 1102 hac
882 1065 994 1103 laude

342 1121 389 1159 de
413 1123 633 1159 Prasiorum
657 1120 879 1158 fortitudine
899 1136 994 1159 con-

340 1179 499 1215 veniunt
518 1178 648 1215 laudes
678 1178 916 1215 Cretensibus
947 1179 993 1214 ab

340 1235 511 1271 Homero
542 1235 727 1282 tributae,
757 1234 863 1271 cuius
891 1235 995 1271 locos

341 1289 523 1328 indicabit
552 1289 700 1328 Hoeck.
736 1292 772 1327 Π
805 1303 894 1342 pag.
914 1291 997 1331 400

340 1359 422 1400 seq.

399 1431 517 1487 λιμόν
545 1450 586 1475 τε
621 1433 690 1475 καὶ
728 1432 864 1487 λοιμὸν
889 1432 1001 1488 γενέ*

345 1493 472 1540 σθαι]
526 1493 765 1529 Cretensibus
795 1505 875 1528 non
896 1493 1002 1528 aliter

344 1562 389 1585 ac
409 1549 562 1600 reliquis
580 1550 735 1585 Graecis
750 1549 851 1584 mala
866 1561 885 1583 e
900 1549 1001 1584 bello

344 1606 518 1642 Troiano
541 1604 720 1642 accidisse
743 1604 920 1641 credibile
940 1605 1001 1641 vi-

347 1660 458 1698 detur
489 1659 640 1698 Hoeck.
668 1662 704 1696 II
723 1674 762 1710 p.
782 1659 876 1701 405.
905 1662 999 1707 417,

347 1719 434 1756 viris
463 1718 540 1755 scil.
570 1717 780 1754 fortissimis
808 1717 936 1752 multis
958 1729 1000 1752 ac

346 1774 581 1825 principibus
608 1781 691 1810 tum
717 1774 757 1809 in
778 1773 876 1809 bello
898 1773 1002 1809 occi-

347 1831 395 1867 sis
423 1837 507 1866 tum
535 1830 576 1865 in
612 1829 736 1866 reditu
776 1830 1002 1874 interemtis‚

348 1885 598 1924 seditionibus
611 1886 716 1924 domi
728 1887 878 1933 exortis,
902 1899 1006 1937 quas,

349 1943 406 1979 uti
426 1942 479 1990 fit,
501 1943 621 1980 fames
642 1956 685 1979 ac
705 1943 817 1993 pestis
840 1949 893 1979 est
914 1955 1008 1978 con-

349 2006 500 2043 secuta‚·
548 2000 601 2035 ita
640 2006 681 2035 ut
713 2006 840 2036 vetere
878 2012 1007 2034 rerum

350 2061 449 2092 statu
469 2068 620 2105 prorsus
640 2056 864 2092 labefactato
887 2054 1006 2092 adeo—

352 2123 429 2162 que
443 2123 571 2147 everso
585 2124 683 2148 nova
698 2111 855 2148 demum
877 2124 1006 2148 rerum

351 2167 466 2203 facies
509 2168 703 2214 existeret,
737 2169 898 2204 Doribus
928 2169 1004 2203 im-

352 2223 614 2273 migrantibus,
638 2224 701 2274 qui
721 2236 797 2258 una
817 2237 905 2259 cum
926 2225 1005 2260 aliis

352 2280 522 2317 tribubus
533 2280 722 2315 coniuncti
734 2280 770 2314 in
783 2280 870 2315 alias
885 2281 1006 2315 Grae-

354 2336 434 2373 ciae
452 2342 574 2386 partes
599 2342 710 2386 atque
732 2336 844 2371 etiam
864 2336 902 2370 in
917 2336 1006 2371 Cre-

353 2398 433 2429 tam
462 2392 679 2439 invaserint,
711 2404 825 2442 quam
851 2392 1006 2427 tertium

354 2448 555 2485 incoluisse
584 2447 779 2495 dicantur,
800 2448 830 2484 si
850 2446 1006 2498 quidem

352 2506 463 2554 primi
493 2505 640 2541 incolae
679 2505 752 2541 sint
790 2503 1003 2553 indigenae,

353 2562 484 2597 Minoe
524 2567 705 2610 regnante
721 2577 734 2609 ,-
782 2560 887 2597 alteri
922 2567 1005 2610 post

357 2616 527 2654 Siculam
556 2618 692 2653 Minois
722 2616 1005 2667 expeditionem

355 2674 513 2723 ingressi
542 2680 578 2710 et
607 2674 755 2710 barbari
785 2680 821 2710 et
850 2674 1003 2721 Graeci;

356 2731 455 2767 tertii
471 2731 590 2768 Dores
611 2742 711 2768 anno
731 2730 852 2766 ferme
873 2736 1004 2767 cente-

1049 897 1145 933 simo
1163 893 1450 947 quadragesimo
1465 900 1549 945 post
1557 893 1704 931 bellum

1050 954 1263 990 Troianum
1290 950 1365 988 huc
1382 950 1529 988 advecti
1557 957 1594 987 et
1614 962 1704 987 cum

1049 1009 1200 1046 residua
1220 1009 1435 1045 incolarum
1460 1005 1705 1044 multitudine

1051 1066 1257 1103 coniuncti.
1282 1087 1332 1092 -
1362 1063 1425 1100 Ad
1451 1076 1587 1100 vocem
1606 1077 1705 1115 προ-

1051 1120 1206 1174 βάτοισι
1234 1120 1335 1158 conf.
1355 1121 1386 1169 I,
1411 1122 1503 1160 133.
1524 1122 1619 1160 207.

1220 1224 1313 1283 c'ap.
1344 1232 1534 1270 CLXXII.

1111 1319 1154 1362 τό
1170 1325 1329 1375 πρῶτον
1342 1318 1535 1372 ἐμήδισαν
1550 1318 1604 1367 ὥς
1623 1317 1706 1360 διέ-

1056 1379 1198 1427 δεξαν]
1233 1377 1443 1415 Larcherus
1482 1377 1597 1414 deleri
1626 1378 1708 1415 vult

1056 1433 1100 1475 τὸ
1132 1438 1313 1487 πρῶτον,
1344 1442 1408 1472 aut
1428 1435 1459 1472 si
1487 1435 1706 1482 retineatur,

1059 1493 1235 1529 collocari
1264 1499 1348 1542 post
1379 1488 1451 1530 ὅτι.
1508 1490 1633 1529 Verba
1653 1487 1709 1537 ὥς

1058 1547 1247 1596 διέδεξαν,
1270 1546 1635 1598 Schweighaeusero
1645 1547 1710 1583 in-

1056 1612 1220 1655 terprete
1262 1605 1411 1641 valent:
1472 1605 1550 1650 uti,
1588 1604 1715 1653 sicuti,

1058 1660 1342 1711 quemadmodum
1352 1659 1586 1707 ostenderunt,
1595 1671 1711 1696 nem-

1057 1731 1105 1768 pe
1132 1719 1189 1754 utz‘
1204 1717 1340 1767 quidem
1360 1729 1403 1752 ea
1418 1729 1458 1752 re
1474 1745 1483 1763 ,
1506 1728 1602 1768 quae
1615 1728 1711 1753 con-

1058 1775 1165 1811 tinuo
1189 1772 1326 1810 deinde
1357 1773 1560 1823 exponitur
1579 1771 1712 1822 (nem-

1058 1844 1106 1882 pe
1126 1831 1257 1881 legatis
1286 1828 1334 1866 ad
1355 1831 1587 1867 Graecorum
1616 1841 1713 1866 con-

1064 1887 1196 1924 cilium
1225 1886 1346 1923 missis
1368 1899 1457 1923 cum
1478 1886 1529 1922 eis
1549 1883 1714 1922 manda-

1063 1945 1222 1995 tis,quae
1236 1956 1331 1980 mox
1345 1941 1712 1992 commemorantur)

1062 2003 1153 2037 satis
1188 2004 1220 2037 et
1246 2001 1426 2049 perspicue
1475 1999 1712 2036 ostenderunt.

1065 2057 1299 2094 ostenderunt
1332 2063 1459 2092 autem
1491 2068 1535 2092 ea
1554 2056 1711 2102 ratione,

1060 2127 1126 2150 non
1164 2113 1302 2162 placere
1339 2112 1409 2149 sibi
1452 2110 1712 2148 Aleuadarum

1063 2170 1216 2206 artificia
1234 2168 1300 2217 (de
1322 2169 1456 2219 quibus
1476 2166 1552 2204 vid.
1576 2167 1656 2214 VII,
1671 2169 1711 2208 6.

1065 2228 1172 2271 130)
1203 2237 1330 2275 neque
1361 2236 1400 2259 se
1424 2229 1546 2272 partes
1567 2223 1713 2273 ample-

1061 2293 1176 2317 xuros
1205 2293 1282 2316 esse
1303 2280 1526 2327 Persarum,
1553 2281 1625 2316 nisi
1644 2291 1713 2315 ne-

1062 2337 1229 2374 cessitate
1260 2336 1399 2372 fuerint
1427 2336 1558 2374 coacti.
1597 2335 1707 2372 Conf.

1066 2390 1157 2432 174.
1233 2393 1289 2428 Ita
1329 2390 1713 2442 Schweighaeuserus

1064 2447 1205 2484 addens
1225 2449 1264 2484 in
1275 2450 1388 2486 verbo
1400 2449 1606 2499 composito
1628 2448 1714 2487 δια-

1064 2501 1267 2543 δεικνύναι
1305 2506 1489 2541 maiorem
1518 2503 1713 2557 quandam

1061 2562 1140 2597 vim
1170 2562 1288 2598 inesse
1328 2568 1441 2613 atque
1473 2562 1513 2597 in
1551 2560 1714 2611 silnplici

1061 2618 1200 2662 verbo,
1231 2624 1274 2654 ut
1304 2618 1333 2664 Ι,
1359 2620 1424 2657 31.
1449 2619 1516 2657 73·
1553 2618 1600 2664 ll,
1622 2614 1713 2657 134.

1064 2675 1314 2723 162.111,72.
1333 2675 1399 2713 82.
1419 2674 1517 2721 vm,
1531 2676 1564 2713 3.
1590 2671 1719 2721 [118]

1060 2730 1129 2778 IX,
1160 2730 1226 2771 58.
1285 2730 1389 2776 Quae
1420 2741 1468 2766 ex
1495 2735 1599 2780 parte
1634 2729 1713 2766 iam
