1789 3213
396 152 869 193 POLYMNIA.
929 155 1031 192 Vll.

1252 156 1334 195 661

76 266 128 309 τὰ
158 265 204 309 δὲ
234 265 428 315 Γέλωνος
456 262 687 320 πρήγματα
726 264 888 320 μεγάλα
917 264 1080 319 ἐλέγετο
1111 260 1235 315 εἶναι,
1266 260 1338 305 ου’-

0 340 12 385 5
76 335 226 389 δαμῶν
255 331 517 387 Ἑλληνικῶν
555 336 642 375 τῶν
679 330 732 376 οὐ
773 332 936 376 πολλὸν
982 332 1102 386 μέζω.

1175 329 1253 380 ‘529
1294 329 1339 372 δὲ

1397 341 1612 377 Speculatores

1396 376 1510 402 Sardes
1530 377 1636 402 missos

73 399 207 444 ταῦτά
237 411 317 456 σφι
346 399 485 452 ἔδοξε,
514 398 863 456 καταλυσάμενοι
886 398 963 450 τοὶς
984 398 1153 454 ἔχθρας,
1184 400 1335 450 πρῶτα
1393 409 1661 470 ἓεέςξῑιζρέιιιεὲἒῗῶυε

1394 486 1459 506 lues
1479 477 1602 513 dimitti,

73 549 121 592 voi
157 549 202 591 δὲ
248 550 426 598 Γέλωνος
465 547 677 605 πρήγματα

19 604 168 662 μεγάλα
189 607 337 662 ἐλέγετο
360 604 494 657 εἶναι]
525 611 583 645 De
605 610 674 646 Ge-

19 667 108 704 lonis
122 666 235 703 rebus
254 665 333 703 vid.
354 666 435 713 VII,
462 664 541 707 154
568 679 675 716 seqq.

18 721 154 760 Incidit
179 736 269 759 vero
315 722 410 758 haec
440 723 675 759 Graecorum

18 780 156 829 legatio
183 778 231 816 ad
253 780 440 816 Gelonem
469 780 509 815 in
530 792 675 815 annum

18 834 99 877 480
119 849 151 873 a.
168 834 256 873 Chr.
267 850 306 873 11.
327 849 356 872 s.
373 837 526 887 Olymp.
548 834 615 883 74,
635 835 673 882 4,

19 894 124 929 cuius
154 894 268 943 ipsius
304 892 538 944 Olympiadis
574 905 675 928 anno

18 950 141 999 primo
171 963 200 989 s.
223 948 305 989 484
336 962 370 989 a.
394 948 483 988 Chr.
503 963 544 985 n.
566 950 674 995 Gelo,

18 1007 84 1057 qui
114 1007 191 1042 iam
220 1007 372 1056 Olymp.
397 1009 464 1053 72,
494 1008 520 1045 2
540 1020 570 1042 s.
592 1005 671 1045 491

18 1075 51 1101 3.
84 1061 171 1100 Chr.
197 1076 239 1098 n.
265 1063 360 1099 Gela
380 1063 472 1098 urbe
502 1069 582 1098 erat
601 1074 675 1112 po-

17 1119 123 1164 titus,
163 1119 439 1170 Syracusarum
470 1118 590 1155 factus
620 1125 674 1155 est

17 1182 218 1227 tyrannus;
250 1176 289 1212 in
311 1189 428 1227 quam
456 1176 591 1212 urbem
612 1176 674 1210 in-

18 1233 117 1269 colas
139 1233 361 1270 Camarinae
378 1246 529 1270 eversae
549 1239 674 1269 trans-

18 1288 127 1326 duxit
166 1302 266 1326 anno
309 1290 485 1340 proximo
525 1288 606 1330 483
639 1302 672 1325 a.

18 1344 89 1383 Ch.
104 1359 142 1383 n.
165 1353 202 1383 et
213 1347 330 1383 Gelae
350 1347 563 1382 incolarum
582 1359 674 1396 par-

17 1410 97 1440 tem
115 1416 216 1440 anno
237 1401 318 1443 482
339 1416 373 1440 a.
394 1401 482 1440 Chr.
514 1416 565 1450 ιι,
598 1416 673 1454 qno

19 1459 156 1497 eodem
176 1473 276 1496 anno
298 1461 413 1497 etiam
434 1461 589 1509 Megara
610 1473 674 1495 ce-

18 1518 72 1568 pit
107 1530 292 1569 suamque
312 1523 537 1568 potestatem
558 1529 673 1567 quain

17 1575 187 1610 maxime
208 1574 388 1612 extendit.
432 1575 566 1625 Itaque
586 1586 674 1609 vere

17 1630 129 1668 tradit
147 1630 362 1668 Herodotus
375 1660 384 1678 ,
414 1631 479 1667 illo
502 1637 675 1680 tempore

19 1688 172 1725 Gelonis
194 1701 251 1725 res
272 1687 320 1724 ad
347 1689 564 1724 maximum
585 1700 675 1724 eve-

20 1751 96 1782 ctas
119 1743 194 1781 dici
213 1745 380 1782 culmen.

75 1808 264 1864 οὐδαμῶν
303 1810 554 1862 Ἑλληνικῶν
595 1813 677 1850 τῶν

21 1865 71 1909 οὕ
99 1865 247 1908 πολλόν
280 1868 405 1919 μέζω]
438 1866 588 1916 „Nullis
608 1881 677 1904 non

20 1927 251 1964 Graecanicis
282 1925 383 1961 rebus
408 1926 508 1973 longe
531 1926 678 1961 maiores

20 1995 91 2019 esse
108 1981 409 2032 praedicabantur
437 1994 492 2018 res
513 1980 676 2018 Gelonis:

19 2039 43 2077 i.
66 2052 100 2075 e.
121 2036 257 2077 Nullus
283 2041 358 2075 erat
379 2038 550 2075 Graeciae
564 2050 677 2088 popu-

19 2095 96 2142 lus,
117 2097 217 2133 cuius
243 2096 431 2145 potentiam
465 2098 498 2131 et
517 2106 594 2144 opes
613 2107 679 2131 non

19 2164 183 2203 superare
218 2151 401 2189 dicebatur
435 2150 579 2189 Gelonis
614 2164 679 2201 po-

20 2210 144 2247 tentia.
202 2209 405 2259 Perspecte
424 2206 464 2245 h.
484 2208 510 2244 l.
532 2220 621 2245 cum
633 2208 678 2244 iis

0 2266 180 2320 ²contulit
209 2267 257 2302 G.
287 2267 497 2303 Hermann.
530 2263 579 2302 ad
609 2263 679 2300 Vi-

21 2335 101 2373 ger.
132 2335 170 2372 p.
197 2324 292 2370 709,
327 2323 396 2359 ubi
426 2317 557 2368 ου’δεὶς
573 2316 679 2367 ’ὅστις

22 2373 71 2418 οὗ
103 2380 247 2416 Graece
282 2377 446 2427 dicatur,
478 2385 520 2415 ut
543 2379 678 2414 Latine

21 2447 116 2472 nemo
134 2447 223 2479 non‚·
250 2436 355 2472 velut
375 2434 476 2486 apud
495 2437 678 2472 Nostrum

21 2491 86 2540 111,
107 2494 162 2532 72
182 2498 219 2527 et
240 2491 286 2539 V,
307 2493 361 2532 97
369 2520 371 2522 .
389 2505 461 2529 nec
480 2504 571 2530 vero
592 2490 678 2528 ido-

22 2561 137 2585 neam
165 2546 277 2585 video
298 2560 451 2584 causam
464 2578 474 2596 ‚
505 2562 572 2585 cur
590 2547 630 2584 h.
652 2549 678 2585 1.

22 2617 112 2642 cum
132 2603 270 2641 eodem
291 2602 505 2641 doctissimo
520 2605 601 2641 viro
614 2611 679 2641 aut

24 2659 91 2701 καὶ
112 2668 199 2699 ante
216 2657 406 2711 οὐδαμῶν
422 2659 679 2697 adiiciendum

24 2724 89 2755 aut
117 2715 267 2772 μεγάλα
287 2716 495 2754 delendum
522 2729 679 2753 censea-

25 2786 122 2813 mus.
138 2776 164 2796 ‘⁶
231 2774 678 2824 Schweighaeuser.

736 549 959 597 Larcherus‚
982 549 1048 601 qui
1065 544 1221 599 ου’δαμοέ
1249 548 1325 599 legi
1350 560 1394 584 ac

732 609 813 646 τῶν
844 607 961 644 deleri
981 607 1137 654 censuit,
1175 618 1249 656 qua
1272 618 1292 641 e
1318 604 1392 641 du-

733 665 821 714 plici
843 664 1045 713 negatione
1066 659 1245 712 (ούδαμοέ
1266 669 1303 698 et
1324 657 1392 711 oti)

734 722 869 758 existat
889 720 1103 766 affirmatio,
1126 732 1214 754 eum
1234 720 1272 754 in
1306 731 1395 754 mo-

734 776 829 814 dum
880 776 974 813 haec
1014 777 1158 812 Gallice
1208 774 1391 811 reddidit:

733 842 797 882 „et
817 835 843 870 il
863 835 930 884 n’y
951 833 1050 870 avoit
1071 833 1178 883 point
1205 831 1322 869 d’etat
1344 845 1392 867 en

733 891 856 928 Grae-e
887 890 980 927 dont
1010 891 1063 926 les
1093 890 1214 925 forces
1244 889 1393 939 e'galas-

731 955 815 985 sent
835 948 947 984 celles
969 946 1016 983 de
1036 960 1078 983 ce
1099 947 1270 997 prince.“

922 1049 1014 1100 Cap.
1037 1049 1202 1086 CXLVI.

788 1123 1107 1178 καταλυσάμενοι
1126 1125 1197 1175 τοὶς
1227 1127 1393 1179 ἔχθρας]

731 1185 756 1220 ἰ.
781 1198 814 1220 e.
846 1185 1011 1233 depositis
1032 1187 1228 1222 inimicitiis
1250 1187 1395 1231 mutuis,

730 1242 962 1281 reconciliati.
1028 1242 1086 1278 Cf.
1117 1249 1214 1278 nott.
1244 1241 1293 1277 ad
1312 1242 1394 1289 VII,

732 1301 771 1339 6.
826 1298 888 1334 Ad
924 1299 1160 1335 locutionem
1204 1295 1396 1337 ἐπᾶϊστον

730 1353 917 1405 γενέσθαι
941 1356 1040 1393 conf.
1063 1362 1147 1391 nott
1167 1354 1216 1391 ad
1236 1356 1303 1399 Vl,
1326 1354 1396 1395 74.

733 1411 1052 1462 βασανισθέντας
1102 1413 1277 1462 intelligo
1331 1424 1393 1448 eos

733 1481 822 1504 cum
839 1467 1216 1518 Schweighaeusero,
1237 1470 1275 1504 in
1299 1481 1393 1519 quos

732 1527 869 1561 Persae
890 1524 1004 1562 duces
1031 1527 1292 1576 quaestionem
1321 1524 1393 1561 ha-

732 1583 920 1630 buerunt,
970 1595 1048 1618 non
1088 1589 1167 1618 tam
1195 1583 1393 1618 ‘tormentis

733 1638 908 1675 adhibitis
937 1652 1054 1690 quam
1082 1640 1302 1689 simpliciter
1331 1639 1394 1674 in-

733 1694 962 1746 terrogando
994 1703 1030 1732 et
1064 1694 1307 1746 inquirendo.
1337 1716 1393 1721 —

731 1754 789 1788 De
819 1753 925 1789 verbi
954 1752 1265 1802 κατακρίνεσθαι
1291 1758 1393 1788 stru-

733 1807 840 1845 ctura
869 1821 958 1845 cum
992 1807 1118 1845 dativo
1150 1807 1227 1844 vid.
1256 1806 1393 1844 Matth.

734 1867 801 1902 Gr.
823 1866 888 1901 Gr.
912 1866 948 1910 ξ.
972 1867 1051 1905 378
1067 1871 1147 1901 not.
1161 1867 1183 1904 3
1198 1877 1284 1915 pag.
1298 1866 1392 1905 696.

731 1924 862 1972 Ipsum
916 1922 1078 1959 verbum
1143 1921 1393 1971 κατακρίνειν

735 1979 928 2027 (statuere,
958 1977 1134 2015 decernere
1163 1980 1202 2015 in
1221 1974 1390 2029 aliquem)

733 2037 869 2072 Noster
901 2036 1026 2085 posuit
1053 2036 1122 2082 IX,
1153 2037 1220 2076 93.
1252 2058 1302 2062 ——
1346 2035 1392 2070 In

735 2105 840 2144 seqq.
862 2091 910 2128 ad
931 2094 1009 2131 τῶν
1030 2088 1141 2138 τιυοῖς
1152 2088 1392 2144 δορυφόρων

734 2149 812 2187 vid.
836 2150 946 2185 allata
967 2148 1014 2185 ad
1033 2149 1114 2195 VII,
1141 2148 1218 2189 143
1239 2148 1322 2185 init.
1337 2170 1392 2175 —

734 2208 777 2242 In
795 2205 872 2242 fine
890 2218 973 2256 cap.
1004 2203 1156 2245 ἐκέλευε
1185 2219 1205 2241 e
1225 2206 1392 2242 Florem.

735 2276 824 2300 cum
854 2260 1074 2313 Schweigh.
1102 2269 1139 2299 et
1169 2263 1285 2300 Gaisf.
1307 2260 1395 2298 dedi

734 2333 803 2371 pro
843 2317 1040 2368 ἐκέλευσε,
1089 2318 1193 2370 quod
1241 2319 1395 2356 retinnit

734 2375 948 2414 Bekkerus.
972 2399 1022 2403 —
1046 2375 1108 2412 Ad
1129 2376 1296 2412 formam
1314 2379 1395 2424 θ-η-

736 2429 897 2483 εὖμενοι
939 2434 1040 2470 conf.
1076 2433 1158 2480 VII,
1189 2431 1257 2471 44.
1294 2434 1391 2473 212.

734 2492 833 2538 VIII,
856 2493 922 2531 88.
942 2491 971 2538 Ι,
996 2493 1046 2530 10
1077 2490 1205 2540 ibique
1239 2495 1335 2525 nott.
1356 2495 1394 2524 et

734 2547 782 2585 de
814 2560 886 2583 usu
924 2546 1110 2597 participii
1146 2543 1282 2581 Manli,
1326 2545 1392 2580 Gr.

735 2606 802 2641 Gr.
828 2605 866 2649 ξ.
898 2602 979 2643 550
1000 2603 1038 2638 b.
1058 2614 1146 2651 pag.
1173 2603 1294 2641 1081-
1321 2600 1391 2636 Cr.

733 2661 873 2697 excitat
905 2672 979 2696 van
1002 2659 1145 2700 :Voorst
1165 2658 1324 2693 Annott.
1346 2655 1394 2693 ad

732 2717 828 2754 locc.
849 2716 992 2753 selectt.
1016 2715 1064 2750 N.
1081 2714 1131 2752 T.
1153 2715 1206 2750 111
1225 2725 1314 2764 pag.
1338 2714 1392 2754 98

733 2780 784 2822 et,
814 2771 919 2825 quod
952 2769 1000 2808 ad
1019 2770 1094 2807 loci
1123 2776 1393 2821 argumentum
