1806 3181
436 121 519 162 672

832 121 1291 159 HERODOTI

437 228 615 286 γνώμην
650 227 749 282 περὶ
793 228 939 273 αὐτῶν
975 228 1280 286 α’ποφαίνομαι
1309 230 1443 287 ἄλλην
1481 246 1529 287 γε
1557 231 1587 288 ἢ
1615 229 1751 287 τήυ95

410 305 523 353 Ξπερ
555 295 681 340 αὐτοὶ
703 294 888 352 Ἀργεῖοι
916 297 1103 354 λέγουσι.
1139 294 1392 356 Ἐπίσταμαι
1421 299 1468 343 δὲ
1500 302 1698 351 τοσοῦτο,

438 364 525 417 ὅτι,
562 364 599 407 εἰ
636 363 793 415 πάντες
822 363 1055 421 ἄνθρωποι
1092 364 1144 408 τοὶ
1175 366 1320 422 οἰκήῖα
1348 365 1462 410 κακὰ
1496 366 1538 417 ἐς
1567 366 1702 422 μέσον

439 433 752 484 συνενείκαιεν,
783 428 1052 485 ἀλλάξασθαι
1082 432 1341 489 βουλόμενοι
1368 439 1482 478 τοῖσι
1509 437 1703 492 πλησίοι-

438 512 503 555 σι,
533 500 798 556 ἐγκύψαντες
828 500 884 544 ἄν
914 501 956 552 ἐς
975 501 1028 544 τὰ
1050 503 1139 544 τῶν
1167 501 1298 552 πέλας
1325 501 1451 555 κακοὶ,
1481 501 1702 555 ἀσπασίως

438 569 612 612 ἕκαστοι
652 566 799 611 αὐτῶν
844 567 1141 624 ἀποφεροίατο
1171 566 1308 613 ὀπίσω
1336 569 1390 613 τά
1417 569 1700 615 ἐσενείκαντο.

408 635 560 681 sosium
601 635 654 692 δὴ
695 634 779 680 ούκ
803 634 1032 692 Ἀργείοισι
1062 638 1257 693 αἴσχιστα
1293 640 1534 693 πεποίηται.
1586 637 1726 695 Ἐγώι

439 705 486 749 δὲ
515 703 676 761 ὀφείλω
703 702 845 760 λέγειν
865 704 917 747 τοὶ
948 703 1172 760 λεγόμενα,
1200 706 1431 748 πείθεσθαί
1452 722 1501 761 γε
1529 706 1609 761 μὲν
1638 700 1702 750 c3v

438 769 493 816 οὐ
521 771 774 816 παντάπασι
802 770 989 828 ὀφείλω·
1035 773 1110 817 καί
1139 789 1216 829 μοι
1243 776 1376 817 τοῦτο
1404 773 1453 817 τό
1489 773 1591 826 ἔπος
1619 773 1702 830 ἔχε’-

409 843 502 884 4τω
531 840 575 892 ἐς
614 839 760 884 πάντα
795 839 874 884 τὸν
903 838 1046 897 λόγον.

1104 840 1216 885 Ἐπεὶ
1254 841 1329 885 καὶ
1355 845 1492 885 ταῦτα
1521 843 1700 898 λέγεται,

438 907 498 961 ὦς
537 908 624 965 ἄρα
658 907 841 965 Ἀργεῖοι
877 904 990 966 ἦσαν
1020 910 1064 953 οἱ
1099 907 1455 964 ἐπικαλεσάμενοι
1482 907 1560 953 τὸν
1589 909 1726 965 Πέρ-5

437 989 518 1034 σην
553 976 624 1021 ἐπὶ
660 977 741 1034 τὴν
775 975 977 1030 Ἑλλάδα,
1008 975 1155 1034 ἐπειδή
1185 989 1264 1033 σφι
1292 976 1405 1031 πρὸς
1432 977 1534 1029 τοὺς
1562 981 1701 1021 Λακε-

437 1045 699 1101 δαιμονίους
726 1048 873 1097 κακῶς
903 1043 932 1101 ἦ
962 1045 1090 1102 αἰχμὴ
1117 1044 1301 1102 ἑστήκεε,
1330 1048 1420 1089 πᾶν
1458 1046 1511 1102 δὴ
1541 1045 1696 1100 βουλό-

436 1114 561 1170 μενοί
590 1125 671 1170 σφι
704 1111 816 1158 εἶναι
843 1113 930 1169 πρὸ
960 1117 1036 1170 τῆς
1065 1112 1313 1170 παρεούσης
1341 1113 1490 1171 λύπης.
1529 1111 1594 1155 Τὰ
1623 1111 1702 1169 μὲν
1758 1118 1806 1160 57

433 1181 535 1237 περὶ
561 1179 762 1237 Ἀργείων
788 1183 968 1239 εἴρηται.

380 1380 553 1433 nihilque
590 1378 664 1417 hac
702 1381 743 1417 in
772 1394 814 1417 re
847 1378 1040 1418 admisisse

378 1439 541 1489 Argivos
557 1467 568 1486 ‚
616 1435 722 1490 quod
757 1435 880 1475 videri
917 1444 1042 1488 posset

379 1496 653 1545 turpissimum.
710 1495 797 1530 Non
822 1495 949 1545 itaque
971 1493 1040 1530 de-

379 1552 514 1588 buerat
533 1549 748 1588 Herodotus
767 1556 921 1601 propter
943 1548 1039 1587 haec

380 1607 429 1645 de
466 1608 617 1658 Argivis
657 1607 756 1645 dicta
783 1607 825 1642 in
864 1607 1041 1643 acerbam

306 1683 320 1699 ο
378 1665 572 1702 incurrere
591 1661 787 1701 Plutarchi
807 1662 860 1712 (11
878 1677 917 1713 p.
939 1662 1037 1715 836)

380 1721 725 1759 criminationem.“
739 1718 932 1772 Equidem
939 1718 1040 1756 hauc

379 1780 607 1816 sententiam
641 1777 690 1814 ad
732 1789 794 1814 eas
832 1777 1039 1824 retulerim,

381 1848 480 1888 quae
507 1836 572 1872 illa
593 1840 724 1872 'aetate
747 1833 846 1871 iuter
875 1834 1041 1870 Graecos

381 1894 539 1930 omnino
574 1892 794 1928 ferebantur
832 1891 1039 1942 qualesque

380 1950 506 2001 plures
544 1949 586 1984 in
621 1947 680 1985 his
709 1948 906 1984 Musarum
937 1947 1041 1984 libris

380 2007 633 2057 reperiuntur.
670 2005 799 2056 Atque
820 2004 954 2041 Soloni
975 2016 1041 2040 au-

381 2064 475 2099 ctori
494 2061 592 2099 hanc
612 2063 734 2112 ipsam
746 2090 756 2110 ‚
780 2073 896 2113 quam
914 2062 1043 2097 Hero-

382 2117 493 2156 dotus
520 2118 664 2169 profert
706 2119 936 2156 senteutiam
970 2116 1042 2154 ad-

381 2176 493 2213 scribi
526 2188 548 2211 a
586 2175 708 2211 valer.
750 2175 855 2210 Max.
884 2173 967 2220 VII,
998 2176 1039 2221 2,

382 2239 456 2271 ext.
467 2234 505 2279 2,
528 2237 741 2282 opportune
763 2230 937 2267 observat
947 2231 1039 2265 Lar-

381 2287 527 2328 cherus.
578 2287 725 2325 Socrati
743 2287 938 2336 gemmam
948 2299 1039 2322 sen-

381 2346 539 2383 tentiam
567 2344 718 2391 tribuit,
763 2349 920 2379 notante
954 2342 1036 2390 Cr.‚

380 2399 606 2440 Plutarchus
627 2400 777 2437 Consol.
794 2397 842 2435 ad
855 2399 1036 2449 Apollou.

379 2473 419 2511 p.
443 2461 521 2500 106
536 2460 596 2504 B.,
616 2453 1037 2507 ubiWytteubachium

383 2516 440 2567 (p.
461 2517 542 2557 718
563 2512 660 2566 seq.)
681 2526 759 2549 nou
779 2513 876 2562 fugit
897 2511 1037 2548 Valerii

381 2573 486 2611 locus
518 2579 553 2609 et
574 2572 639 2623 qui
663 2568 757 2606 haec
785 2569 949 2605 imitatus
970 2575 1036 2616 est,

383 2628 550 2667 Choricii
569 2626 770 2678 Sophistae
795 2626 835 2662 in
856 2626 958 2662 Orat.
973 2625 1037 2661 su-

381 2687 488 2725 uebr.
517 2687 558 2722 in
593 2686 756 2734 Procop.
791 2683 884 2720 Gaz.
915 2682 954 2726 §.
983 2680 1037 2722 35

383 2740 485 2794 apud
525 2741 670 2780 Fabric.
701 2741 750 2777 Β.
779 2740 846 2778 Gr.
876 2738 962 2776 VIII
997 2751 1038 2788 p.

1097 1378 1193 1422 859.
1214 1385 1328 1432 atque
1349 1377 1463 1416 etiam
1483 1375 1559 1415 huc
1586 1378 1755 1415 referunt

1096 1438 1244 1473 Horatii
1272 1437 1402 1474 locum
1431 1436 1557 1473 serm.
1574 1436 1605 1482 I,
1629 1436 1665 1482 1,
1688 1432 1755 1474 15.

1098 1493 1209 1530 Conf.
1238 1494 1287 1530 A.
1318 1491 1501 1530 Matthiae
1527 1488 1756 1529 Vermischt.

1097 1548 1253 1587 schrift.
1268 1564 1307 1601 p.
1328 1552 1395 1590 79.
1412 1571 1470 1576 —
1505 1547 1569 1585 Ad
1590 1548 1755 1585 formam

1098 1602 1368 1657 ἀποφεροίατο
1399 1605 1500 1642 conf,
1528 1603 1666 1641 Matth.
1686 1604 1753 1642 Gr.

1096 1664 1163 1700 Gr.
1187 1664 1224 1708 ξ.
1245 1661 1339 1709 204,
1360 1665 1386 1702 7
1406 1676 1444 1718 p.
1466 1663 1563 1702 378.
1599 1710 1616 1718 ..

1152 1718 1373 1758 πείθεσθαί
1390 1735 1412 1769 y
1426 1732 1443 1758 ε
1463 1715 1554 1769 μὲν
1583 1717 1666 1766 ὠν]
1696 1717 1755 1753 Ita

1097 1788 1187 1812 cum
1215 1773 1436 1825 Schweigh.
1464 1781 1501 1812 et
1527 1775 1644 1811 Gaisf.
1666 1772 1755 1810 dedi

1096 1845 1165 1883 pro
1182 1849 1204 1884 γ
1215 1847 1232 1872 ε
1263 1826 1324 1883 μή
1336 1847 1373 1870 ν.
1404 1831 1489 1870 Vid.
1500 1830 1582 1878 VII,
1597 1829 1692 1871 234.
1708 1830 1753 1879 V,

1098 1891 1152 1930 92
1173 1890 1209 1935 §.
1233 1889 1258 1929 5
1278 1890 1370 1940 ibiq.
1400 1889 1525 1927 allata.
1554 1886 1754 1924 Bekkerus

1095 1944 1202 2002 idem
1231 1944 1415 1983 exhibens
1452 1959 1496 2000 ys
1524 1941 1597 1997 μὲν
1629 1944 1754 1982 omisit

1098 2016 1168 2041 ων.

1153 2054 1251 2111 Ἐγώ
1275 2056 1317 2099 δὲ
1348 2055 1494 2108 ὀφείλω
1512 2056 1638 2110 λέγειν
1667 2072 1704 2097 κ.
1715 2072 1750 2096 τ.

1096 2117 1152 2165 λ.]
1172 2114 1236 2152 Ad
1257 2115 1409 2153 dicendi
1427 2116 1635 2153 formulam
1651 2113 1752 2152 hano

1097 2179 1184 2223 apte
1205 2171 1358 2209 adhibet
1379 2171 1627 2209 Valckeuaer.
1647 2172 1752 2207 Pau-

1093 2242 1174 2266 san.
1195 2228 1258 2276 VI,
1276 2231 1301 2268 3
1323 2230 1360 2273 ξ,
1388 2227 1428 2268 4.
1462 2226 1525 2264 Ad
1544 2239 1753 2278 argumen-

1093 2292 1179 2322 tum
1199 2285 1246 2322 cf.
1267 2283 1462 2322 Plutarch.
1490 2286 1526 2320 II
1545 2297 1583 2335 p.
1606 2286 1685 2326 863
1701 2285 1751 2322 D.

1093 2363 1151 2368 —
1177 2342 1271 2378 Mox
1296 2334 1401 2393 ἦσαν
1433 2339 1522 2378 dedi
1550 2353 1619 2392 pro
1657 2339 1752 2380 ἕσαν

1093 2404 1136 2434 ut
1156 2398 1268 2448 paulo
1300 2405 1386 2436 ante
1413 2394 1548 2437 αύτῶν
1577 2410 1646 2448 pro
1676 2391 1751 2436 αύ-

1092 2452 1204 2493 τέων.

1149 2509 1177 2561 ’ἦ
1199 2508 1320 2562 αἰχμή
1343 2507 1522 2562 ἑστήκεε]
1540 2512 1626 2547 Duo
1637 2508 1750 2548 codd.

1094 2581 1184 2604 cum
1203 2567 1390 2617 Eustath„
1406 2568 1499 2606 haec
1510 2567 1689 2604 afferente
1700 2564 1750 2603 ad
1805 2613 1806 2619 ἵ

1094 2625 1138 2663 ll·
1158 2638 1197 2676 p·
1220 2627 1313 2674 680,
1338 2628 1388 2667 16
1400 2639 1430 2665 8.
1444 2624 1536 2671 553,
1552 2622 1618 2669 47,
1636 2622 1749 2672 ἕστη-
1805 2622 1806 2638 ³

1094 2696 1148 2720 κε.
1178 2680 1240 2719 Ad
1262 2694 1397 2720 vocem
1427 2677 1547 2731 αἰχμή
1577 2679 1626 2716 cf.
1652 2685 1748 2716 nott.

1095 2737 1144 2775 ad
1162 2738 1207 2785 V,
1229 2736 1295 2778 94.
1337 2738 1503 2790 Respicit
1521 2742 1649 2773 autem
1667 2735 1752 2772 No-
