1815 3181
406 133 490 173 1⁰4
805 132 1270 169 HERODOTI

403 242 485 284 τοῦ
504 239 854 294 παραδείγματος
883 237 1085 290 κάλλιον,
1124 239 1178 283 τά
1207 256 1251 284 τε
1282 240 1409 294 ἄλλα,
1440 241 1533 292 καὶ,
1567 253 1671 297 συγ-

401 306 604 363 κειμένου
637 318 717 361 σφι
746 308 944 360 πωρίνου
967 308 1098 350 λίθου
1126 309 1292 352 ποιέειν
1320 308 1398 352 τὸν
1422 307 1546 364 νηόν,
1579 312 1670 351 Πα-

276 380 342 424 63
402 376 503 428 ρίου
532 373 584 417 τὰ
615 373 866 428 ἔμπροσθεν
899 372 1038 418 αὐτοῦ
1079 375 1343 432 ἐξεποίησαν.
1397 374 1472 427 Ὡς
1513 370 1576 418 ὧν
1613 376 1667 432 δή

69 446 102 471 ⁰2
119 443 198 470 ‘¹⁰⁰³
223 443 331 471 ‘¹²¹¹‘ae
408 444 452 487 οἱ
477 441 702 499 Ἀθηναῖοι
731 441 930 497 λέγουσι,
962 436 1086 486 οὗτοι
1117 445 1161 485 οἱ
1187 441 1347 498 ἄνδρες
1376 443 1422 486 ἐν
1450 447 1666 499 Δελφοῖσι
1680 449 1727 484 60

67 477 346 551 affixsffitrim-
403 509 638 567 κατήμενοι
685 507 922 554 ἀνέπειθον
959 509 1039 567 τὴν
1082 512 1262 566 Πυθίην
1298 508 1507 567 χρήμασι,
1557 509 1671 562 ὅκως

67 544 348 607 1:31.‘1¹.;¹⁰.}i‚⁶„⁸.†‚¹3⁰¹

345 693 475 743 folgen
501 695 673 741 miissen,
710 695 782 732 mit
822 694 1010 745 Inbegrifl'

345 751 439 787 aller
467 762 558 787 vom
587 750 787 789 Bauherrn
819 751 1006 802 gemach-

347 814 412 844 ten
431 805 756 858 Bedingungen.“

402 917 469 958 καὶ
491 918 748 971 συγκειμένου
784 921 883 969 σφι]
916 922 942 958 i.
973 935 1006 961 e.

345 979 450 1026 atque
462 989 539 1013 cum
551 980 760 1015 convenisset
781 978 897 1027 (inter
907 979 1008 1029 ipsos

344 1039 460 1084 atque
496 1033 839 1085 Amphictyones),
877 1038 917 1071 ut
966 1047 1009 1072 ex

344 1092 469 1140 porz‘no
486 1090 606 1140 lapide
621 1091 740 1128 aedem
764 1095 1008 1137 construerent,

340 1145 496 1196 frontem
516 1149 590 1184 eius
607 1146 716 1184 Pario
731 1160 773 1184 ex
794 1147 913 1197 lapide
924 1121 1009 1199 (qui

346 1203 479 1254 utique
508 1203 706 1253 pretiosior
733 1203 830 1253 erat)
855 1203 1010 1254 persece-

346 1262 440 1297 runt.
497 1261 556 1296 De
585 1259 717 1297 Porz‘no
745 1259 862 1310 lapide
889 1262 1009 1298 VVes-

346 1315 416 1355 sel.
446 1316 593 1354 confert
621 1317 768 1358 Polluc.
800 1317 881 1364 VII,
915 1319 1008 1358 123.

351 1370 616 1410 Creuzerus
655 1372 704 1410 ad
741 1371 781 1410 h.
828 1374 855 1410 l.
897 1375 1006 1411 citat:

348 1429 528 1475 „Martini
555 1430 715 1466 Excurs.
745 1430 798 1467 IV
817 1429 866 1467 ad
884 1431 1010 1467 Erne-

350 1485 414 1521 stii
424 1484 678 1536 Archaeolog.
689 1487 805 1523 Liter.
825 1499 917 1538 pag.
931 1489 1009 1527 138

351 1541 482 1592 ibique
501 1541 605 1579 laud.
617 1543 774 1594 Taylor.
795 1544 1011 1595 Lectt.Ly-

349 1598 462 1638 siacc.
482 1612 522 1649 p.
541 1597 623 1640 254
645 1599 705 1636 ed.
718 1601 820 1651 Lips.
842 1607 879 1636 et
889 1601 1010 1651 Wyt-

350 1653 529 1692 tenbach.
550 1654 598 1691 ad
609 1655 802 1693 Plutarch.
824 1657 898 1694 Vit.
915 1658 1009 1693 Dec.

351 1710 519 1748 Oratorr.
550 1712 600 1748 T.
629 1713 668 1758 ιΙΙ
698 1726 737 1763 p.
767 1712 848 1753 835
875 1726 906 1753 s,
928 1713 1007 1753 351

352 1765 413 1803 ed.
456 1769 662 1819 Wyttenb.
699 1770 739 1805 in
768 1769 857 1807 Var.
888 1771 1011 1805 Lectt.

349 1821 576 1861 Schneider.
608 1824 658 1861 ad
677 1823 934 1876 Theophrast.
955 1827 1013 1862 De

350 1878 493 1930 lapidd.
534 1893 623 1931 pag.
664 1879 745 1922 543
781 1883 887 1933 seq.“
955 1883 1012 1919 Ac

351 1936 609 1987 Theophrasti
638 1938 755 1975 verba
790 1937 856 1986 (de
876 1938 1011 1989 Lapid.

352 2005 441 2043 pag.
463 1992 564 2041 250)
585 1994 636 2030 ita
656 1993 780 2031 reddit
799 1995 945 2032 Plinius
963 1997 1012 2032 H.

352 2050 400 2085 N.
422 2050 602 2097 XXXVI,
633 2052 707 2090 17:
748 2052 885 2097 „Pario
905 2053 1014 2088 simi—

352 2105 396 2141 lis
427 2104 591 2142 candore
631 2112 667 2142 et
698 2105 855 2153 duritie,
885 2110 1013 2144 minus

353 2168 484 2197 tamen
512 2161 767 2212 ponderosus,
805 2165 870 2214 qui
899 2163 1012 2200 Porus

354 2219 560 2258 vocatur,“
628 2217 740 2254 Unde
787 2218 1011 2256 Schneider.

353 2274 392 2310 iu
416 2275 512 2324 Lex.
534 2275 599 2310 Gr.
620 2287 649 2310 s.
670 2288 703 2312 v,
728 2282 904 2322 annotat,
933 2289 1010 2313 non

354 2336 505 2366 tantum
546 2343 591 2367 eo
639 2330 796 2367 indicari
839 2339 1011 2369 nostrum

355 2386 552 2433 Tufstein,
589 2386 655 2423 sed
684 2389 882 2424 marmoris
913 2401 1011 2439 quo-

354 2455 429 2493 que
450 2455 590 2493 genus,
622 2444 747 2480 colore
769 2451 805 2480 et
825 2443 1011 2481 soliditate

355 2499 434 2535 sive
456 2498 638 2536 densitate
659 2500 780 2536 simile
800 2501 924 2547 Pario,
944 2501 1010 2537 sed

354 2555 497 2602 levius,
518 2556 630 2607 quale
652 2562 688 2592 et
719 2554 756 2592 h.
794 2557 819 2593 l.
851 2563 887 2593 et
908 2557 1009 2607 apud

355 2612 519 2649 Pausan.
548 2612 593 2659 V,
619 2614 676 2652 lO.
711 2613 773 2659 VI,
798 2614 847 2652 19
869 2614 1010 2649 intelli-

355 2667 527 2716 gendum
547 2669 605 2705 sit.
626 2689 681 2695 —
702 2670 758 2704 De
782 2667 891 2705 Pario
906 2682 1010 2706 mar—

356 2736 462 2760 more
481 2723 558 2762 vid.
580 2731 708 2761 notata
728 2723 776 2762 ad
800 2726 864 2771 111,
886 2726 952 2766 57.

1267 696 1516 746 Cap.LX1]1.

1117 749 1186 797 Ὡς
1209 752 1266 790 ὠν
1289 751 1338 802 δὴ
1363 752 1405 791 οἱ
1431 748 1650 801 Ἀθηναῖοι
1667 750 1725 793 λέ-

1063 807 1204 859 γουσι]
1239 809 1470 860 Requirebat
1502 807 1726 860 Schweigh.

1063 862 1104 902 οἵ
1130 861 1470 914 Λακεδαιμόνιοι,
1502 865 1552 902 cf.
1584 865 1628 913 V,
1658 868 1725 906 90.

1065 918 1127 956 Ad
1148 933 1203 965 ea,
1230 934 1328 973 quae
1343 920 1521 972 deinceps
1541 934 1725 958 enarran-

1064 983 1148 1024 tur,
1180 976 1228 1014 de
1251 976 1390 1029 Pythia
1419 977 1528 1015 donis
1548 978 1726 1029 corrupta

1065 1033 1168 1070 conf.
1205 1034 1250 1079 V,
1293 1037 1361 1075 66.
1399 1037 1453 1076 90
1485 1041 1523 1071 et
1550 1034 1723 1072 Aristidis

1065 1089 1197 1127 Schol.
1228 1103 1317 1141 pag.
1346 1090 1400 1132 45
1433 1090 1492 1128 ed.
1520 1093 1729 1129 Frommel.

1067 1147 1153 1183 coll.
1165 1147 1504 1197 Pseudoplutarch.
1524 1149 1561 1184 ΙΙ
1580 1163 1620 1199 p.
1645 1151 1728 1190 860

1065 1204 1113 1250 D,
1147 1204 1212 1254 qui
1239 1202 1457 1240 Herodotea
1492 1206 1727 1242 criminatur.

1064 1261 1200 1296 Noster
1227 1261 1392 1298 similem
1416 1260 1593 1297 fraudem
1614 1274 1726 1298 enar-

1064 1322 1123 1352 rat
1148 1317 1217 1363 VI,
1250 1319 1317 1357 66.
1349 1318 1435 1357 coll.
1464 1319 1629 1355 Pausan.
1657 1318 1725 1366 ΠΙ,

1065 1371 1091 1411 4
1114 1373 1149 1417 ξ,
1175 1371 1408 1424 5.Polyaen.
1428 1375 1457 1420 Ι,
1482 1377 1546 1422 16,
1569 1378 1606 1423 1,
1627 1387 1726 1428 quae

1067 1427 1215 1465 dudum
1235 1431 1359 1467 attulit
1380 1429 1564 1469 Valcken.
1585 1455 1636 1460 -—
1658 1447 1728 1471 κα-

1065 1482 1113 1536 τή
1118 1499 1230 1535 μενοι
1240 1487 1467 1538 interpretor
1477 1500 1487 1524 :
1499 1490 1617 1536 otiose,
1630 1490 1727 1539 quie-

1066 1545 1098 1578 te
1130 1542 1306 1589 sedentes,
1352 1549 1595 1582 commorantes
1631 1546 1727 1582 Del-

1065 1598 1163 1649 phis,
1184 1600 1251 1635 ubi
1278 1601 1426 1637 exsules
1445 1602 1594 1638 nullam
1613 1615 1728 1654 agere

1065 1662 1240 1705 poterant
1259 1669 1342 1692 rem
1359 1658 1567 1708 publicam.

1124 1707 1344 1752 ἀνέπειθον
1376 1711 1458 1779 τήν
1481 1715 1670 1766 Πυθίην]
1700 1717 1728 1754 i.

1070 1780 1104 1804 e.
1126 1767 1281 1818 Pythiae
1312 1772 1473 1820 pecuniis
1502 1772 1628 1809 oblatis
1646 1785 1728 1822 per-

1069 1824 1217 1862 suadere
1244 1828 1364 1863 conati
1387 1831 1469 1864 sunt
1477 1856 1489 1875 ‚
1514 1832 1568 1875 ut,
1596 1830 1727 1878 quoties

1073 1879 1251 1931 Spartani
1295 1882 1499 1920 advenirent
1538 1887 1613 1922 viri
1652 1888 1741 1925 sive.

1061 1939 1233 1988 privatim
1263 1940 1335 1976 sive
1367 1941 1507 1990 publice
1540 1943 1640 1979 missi
1676 1943 1728 1981 ad

1070 1994 1250 2031 oraculum
1278 1997 1552 2045 sciscitandum,
1582 1999 1639 2036 his
1663 2001 1727 2037 ob-

1069 2053 1209 2098 iiceret,
1247 2055 1287 2088 ut
1306 2053 1460 2090 Athenas
1480 2058 1642 2104 tyrannis
1658 2088 1660 2090 ,
1677 2056 1725 2093 li-

1069 2108 1274 2144 berarent.“
1345 2109 1457 2153 Quod
1496 2123 1540 2147 eo
1579 2111 1726 2150 facilius

1067 2163 1192 2199 facere
1211 2164 1317 2200 licuit
1335 2164 1508 2216 Pythiae,
1540 2181 1616 2219 quo
1639 2182 1726 2206 ma-

1066 2220 1123 2268 gis
1161 2220 1332 2257 Lacones
1377 2223 1498 2260 ubivis
1543 2232 1725 2276 tyrannos

1069 2276 1257 2325 expellere
1278 2276 1394 2328 idque
1415 2278 1552 2317 honori
1567 2282 1635 2319 sibi
1650 2281 1726 2319 du-

1068 2344 1153 2367 cere
1183 2334 1387 2372 constabat.
1410 2357 1462 2363 --
1500 2336 1563 2374 Ad
1577 2338 1725 2389 signifi-

1068 2389 1257 2424 cationem
1287 2392 1392 2428 verbi
1419 2391 1653 2445 χρησόμενοι
1674 2395 1723 2433 cf.

1068 2457 1165 2495 quae
1187 2445 1236 2482 ad
1255 2447 1318 2493 IV,
1349 2449 1427 2489 150
1454 2458 1542 2488 suut
1570 2458 1723 2499 notata3

1067 2500 1114 2538 de
1136 2502 1330 2552 Spaitanis
1359 2506 1398 2541 in
1421 2518 1662 2560 quacumque
1682 2521 1723 2544 re

1065 2558 1143 2593 sive
1174 2559 1325 2608 publica
1353 2563 1431 2598 sive
1460 2565 1605 2614 privata
1635 2577 1723 2601 ora-

1065 2614 1195 2650 culum
1205 2615 1432 2666 Delphicum
1441 2621 1722 2658 consulentibus

1065 2677 1179 2721 atque
1201 2670 1248 2708 de
1270 2671 1410 2711 huius
1401 2677 1514 2725 ipsius
1534 2677 1721 2714 oraculivi

1065 2727 1103 2762 in
1117 2740 1248 2764 omnes
1272 2731 1548 2781 Spartanorum
1567 2747 1624 2772 res
1644 2732 1722 2771 vid.

1797 263 1805 281 X
