1815 3181
293 1076 358 1119 31

85 1142 188 1170 Altero
210 1143 278 1176 post
297 1140 358 1167 Mi-

83 1175 179 1203 letum
198 1178 318 1209 captam

85 1217 165 1236 anno
190 1209 306 1235 Persae

84 1247 223 1269 caeteros
238 1242 327 1269 Iones

84 1284 152 1303 cum
175 1277 321 1304 insulanis

85 1310 237 1346 subigunt,

410 220 495 260 262
822 214 1287 254 HERODOTI

412 344 494 385 γας
521 323 641 379 παρά
669 323 837 379 βασιλέϊ
862 322 1061 379 γένηται,
1099 320 1398 380 Ἀρταφέρνης
1435 339 1480 366 τε
1509 320 1533 366 ὁ
1564 324 1686 378 Σαρ-

414 397 522 440 δίων
549 394 768 474 ὕπαρχος,
798 391 871 435 καὶ
911 389 935 435 ὁ
963 389 1142 446 λαβων”
1142 390 1376 447 Ἅρπαγος,
1421 388 1481 442 ὦς
1509 380 1686 435 ἀπίκετο

417 463 633 520 ἀγόμενος
673 460 715 511 ἐς
756 459 947 514 Σάρδις,
994 457 1045 502 τὸ
1087 458 1168 514 μὲν
1208 458 1347 503 αὐτοῦ
1382 463 1505 515 σῶμα
1546 457 1689 502 αὐτοῦ

416 531 553 587 ταύτῃ
583 526 945 582 ἀνεσταύρωσαν,
986 526 1068 583 τὴν
1097 529 1144 572 δὲ
1182 527 1380 585 κεφαλὴν
1407 527 1679 583 ταριχεύσαν-

416 616 510 651 τες,
560 594 798 652 ἀνήνεικαν
829 593 950 649 παρά
992 596 1174 653 βασιλέα
1212 601 1406 651 Δαρεῖον
1446 595 1490 646 ἐς
1526 599 1689 639 Σοῦσα.

387 670 608 721 3Δαρεῖος
647 663 693 707 δὲ
727 661 982 718 πυθόμενος
1020 668 1180 718 ταῦτα,
1218 665 1293 708 καὶ
1330 664 1746 719 ἐπαιτιησάμενος9ο

416 734 523 786 τούς
551 736 691 777 ταῦτα
718 729 1008 787 ποιήσαντας,
1050 732 1118 776 ὅτι
1138 749 1215 788 μιν
1246 730 1300 776 ού
1335 732 1502 786 ζώοντα
1532 731 1692 789 ἀνήγα-

415 819 497 859 γον
527 801 571 853 ἐς
601 799 708 852 ὄψιν
725 797 807 856 τήν
829 798 1019 852 ἑωυτοῦ,
1049 798 1131 857 τήν
1163 801 1360 858 κεφαλὴν
1388 800 1468 857 τὴν
1488 797 1692 844 Ἱστιαίου

417 868 667 920 λούσαντάς
695 883 739 911 τε
768 869 843 911 καὶ
871 869 1224 922 περιστείλαντας
1261 864 1311 912 εὖ
1339 868 1580 912 ἐνετείλατο
1611 867 1694 912 θά-

415 946 521 991 ψαι,
575 936 635 989 ὦς
673 935 838 991 ἀνδρὸς
880 935 1075 992 μεγάλως
1111 935 1260 994 ἑωυτῷ
1298 953 1343 980 τε
1381 937 1455 982 καὶ
1497 937 1695 995 Πέρσῃσι

419 1005 668 1062 εὐεργέτεω.
731 1006 794 1048 Τά
823 1004 902 1058 μὲν
929 1005 1030 1059 περὶ
1053 1004 1261 1048 Ἱστιαῖον
1291 1004 1410 1049 οὕτω
1441 1005 1545 1062 ἔσχε.
1704 1012 1749 1047 95

500 1074 551 1118 Ὃ
581 1076 628 1119 δὲ
664 1072 871 1124 ναυτικὸς
911 1072 1094 1128 στρατὸς
1129 1071 1153 1117 ὁ
1180 1074 1411 1128 Περσέων,
1449 1074 1696 1130 χειμερίσας

416 1143 515 1198 περὶ
546 1144 770 1199 Μίλητον,
791 1145 853 1199 τῷ
882 1142 1070 1198 δευτέρῳ
1092 1142 1177 1185 ἔτεϊ
1205 1139 1263 1193 ὦς
1292 1138 1529 1194 ἀνέπλωσε,
1562 1140 1696 1196 αἷρέει

420 1210 630 1262 εὐπετέως
660 1208 738 1261 τὰς
769 1208 936 1266 νήσους
964 1210 1040 1261 τοὶς
1068 1210 1180 1265 πρὸς
1209 1214 1261 1267 τῇ
1289 1207 1450 1267 ἠπείρῳ
1481 1208 1694 1264 κειμένας,

392 1281 539 1324 ΞΧίον
565 1278 642 1323 καὶ
671 1277 844 1334 Λέσβον
870 1278 944 1322 καὶ
978 1278 1178 1322 Τένεδον.
1221 1277 1335 1329 ὅκως
1367 1277 1414 1321 δὲ
1441 1275 1570 1332 λάβοι
1598 1275 1698 1319 τινὰ

419 1350 510 1391 τῶν
547 1346 718 1402 νήσων,
770 1345 830 1399 ὦς
869 1345 1055 1403 ἑκάστην
1106 1345 1326 1402 αἱρέοντες
1367 1346 1414 1388 οἱ
1459 1342 1697 1400 βάρβαροι,

389 1415 692 1471 Βέσαγήνευον
722 1413 828 1466 τούς
858 1413 1139 1471 ἀνθρώπους.
1188 1413 1485 1471 σαγηνεύουσι
1514 1412 1561 1457 δὲ
1590 1410 1720 1456 τόν-1

420 1484 468 1526 δε
497 1481 577 1525 τόν
605 1481 783 1537 τρόπον,
817 1481 931 1540 ἀνήρ
970 1481 1136 1538 ἀνδρός
1177 1481 1403 1539 ἁψάμενος
1439 1484 1516 1537 τῆς
1544 1479 1700 1538 χειρός,

421 1550 469 1594 ἐκ
497 1549 722 1609 θαλάσσης
751 1555 826 1608 τῆς
856 1554 1038 1609 βορηίης
1070 1553 1141 1596 ἐπὶ
1166 1551 1249 1612 ,τὴν
1286 1552 1439 1607 νοτίην
1484 1547 1700 1605 διήκουσι,

420 1618 495 1662 καὶ
534 1619 680 1662 ἔπειτα
712 1619 785 1663 διὰ
822 1620 966 1676 πάσης
1003 1624 1079 1676 τῆς
1120 1617 1260 1676 νήσου
1302 1618 1547 1674 διέρχονται
1576 1616 1701 1671 ἐκθη-

396 1686 635 1742 4ρεύοντες
671 1687 777 1739 τούς
816 1686 1100 1742 ἀνθρώπους.
1162 1689 1327 1741 Αἴρεον
1357 1685 1402 1731 δὲ
1432 1685 1505 1728 καὶ
1541 1683 1619 1736 τὰς
1654 1683 1702 1728 ἐν

421 1758 477 1811 τῇ
507 1753 672 1813 ἠπείρῳ
701 1755 858 1808 πόλιας
896 1756 976 1808 τὰς
1010 1754 1155 1808 Ἰάδας
1183 1754 1295 1799 κατὰ
1323 1753 1376 1797 τὰ
1406 1751 1540 1796 αὐτά·
1586 1753 1731 1809 πλὴνὸ

366 1931 479 1968 Conf.
507 1937 605 1969 nott.
627 1928 677 1968 ad
696 1929 761 1979 VI,
797 1932 850 1972 16
881 1928 929 1967 de
957 1926 1036 1970 αυ’-

364 1990 438 2027 τοῦ
458 1985 604 2042 ταύτης
626 1985 676 2025 ad
694 1988 843 2034 1‚128
860 1988 929 2035 ΠΙ,
953 1990 1037 2029 132

1092 1929 1286 1981 irrepsisse
1315 1927 1491 1976 videtur,
1538 1927 1598 1967 De
1621 1926 1761 1966 vocula

1093 1988 1138 2027 εὐ
1160 1987 1262 2026 conf.
1283 1992 1382 2024 nott.
1409 1984 1459 2023 ad
1485 1985 1552 2033 ΙΠ,
1581 1983 1635 2026 55
1657 1990 1695 2022 et
1713 1983 1762 2032 V,

367 2043 416 2081 de
437 2058 562 2086 cruce.
605 2046 664 2082 De
685 2056 782 2082 voce
811 2040 1036 2097 ταριχεύειν
1093 2047 1170 2085 27
1160 2073 1171 2092 ,
1201 2043 1249 2081 de
1269 2044 1387 2082 verbo
1402 2040 1668 2108 περιστέλλειν
1681 2039 1762 2078 dixi

366 2100 446 2139 vid.
476 2108 573 2139 nott.
596 2100 645 2139 ad
663 2102 712 2149 11,
744 2098 813 2141 85.

422 2153 647 2205 λούσαντάς
679 2171 720 2196 τε
752 2155 821 2197 καὶ
846 2156 1038 2208 περιστεί-

368 2215 515 2261 λαντας
545 2209 618 2264 εὐ]
659 2227 702 2253 ευ
744 2226 835 2250 cum
876 2220 1037 2251 recentt.

369 2269 458 2310 edd.
489 2269 578 2309 dedi
605 2282 675 2322 pro
706 2270 799 2307 olim
835 2271 943 2321 vulg.
972 2265 1039 2310 εύ-

369 2342 533 2379 πρεπως
556 2356 566 2376 ,
635 2324 740 2363 unde
786 2325 1040 2367 Valckenaer.

369 2385 423 2422 sic
462 2385 556 2421 olim
586 2383 744 2421 fortasse.
765 2384 949 2421 exstitisse
973 2388 1041 2421 su-

372 2442 563 2492 spicatur.
605 2440 948 2505 περιστείλαντας
982 2433 1040 2488 εὐ,

375 2493 592 2550 εὐπρεπῶς
633 2495 848 2536 ἐνετείλατο
889 2491 1042 2546 θάψαι,

375 2552 712 2607 quemadmodum
761 2554 894 2599 καλοῖς
937 2567 1046 2603 περι-

376 2612 571 2651 στείλαντι
600 2622 622 2648 e
642 2611 811 2649 Platonis
832 2610 973 2660 Hippia
994 2609 1047 2648 T.

376 2669 430 2705 111
451 2682 490 2720 p.
511 2670 590 2709 291
617 2667 659 2704 C.
681 2666 791 2704 affert
820 2665 926 2704 idem
954 2667 1048 2704 Val-

379 2724 495 2763 cken.
553 2725 620 2762 Tu
657 2724 752 2761 conf
781 2724 916 2762 Tzetz.
946 2722 1047 2761 Chil.

380 2783 445 2829 ΙΙΙ,
468 2780 562 2823 540.
623 2779 719 2817 Mihi
748 2781 885 2818 vocula
905 2775 1048 2832 εύπρε-

381 2840 467 2884 πῶς
499 2851 520 2874 e
557 2837 786 2888 glossemate
824 2838 865 2875 in
895 2844 1046 2875 textum

1093 2100 1144 2138 ad
1163 2102 1212 2150 ΙΙ,
1233 2102 1299 2149 90,
1321 2099 1371 2138 de
1389 2099 1507 2138 verbo
1527 2093 1703 2138 θάπτειν
1712 2096 1762 2136 ad

1092 2159 1139 2207 V,
1161 2160 1202 2199 8.
1259 2159 1318 2194 Ac
1338 2163 1441 2194 reete
1461 2154 1510 2193 ad
1537 2155 1708 2192 Platonis
1733 2155 1761 2192 l.

1094 2215 1121 2251 1.
1145 2214 1202 2264 [p.
1227 2213 1303 2254 151
1327 2211 1488 2261 Heind.]
1511 2225 1532 2248 e
1553 2211 1660 2249 Gisb.
1681 2211 1763 2249 Cu-

1094 2271 1177 2322 peri
1198 2270 1304 2308 Obss.
1324 2270 1372 2317 ΙΙ,
1406 2271 1433 2309 9
1462 2269 1614 2305 monuit
1644 2268 1763 2305 Hein-

1097 2326 1196 2364 dorf.
1245 2323 1511 2378 περιστέλλειν
1561 2325 1764 2376 pollingere

1098 2395 1256 2420 omnem
1266 2382 1479 2433 significare
1489 2395 1633 2430 curam,
1643 2393 1763 2434 quam

1098 2440 1343 2492 pollinctores
1374 2438 1623 2477 cadaveribus
1653 2437 1762 2476 adhi-

1099 2496 1212 2545 hent,
1252 2496 1428 2534 membra
1451 2496 1662 2543 collocare,
1685 2508 1765 2533 un-

1102 2566 1205 2604 gere,
1221 2566 1455 2605 componere
1474 2553 1627 2599 faciem,
1637 2552 1765 2590 fasciis

1104 2611 1327 2659 obvolvere,
1361 2617 1482 2649 vestes
1501 2611 1683 2662 pretiosas
1701 2609 1766 2647 in·-

1104 2666 1237 2705 duere.

1307 2724 1401 2775 cap.
1420 2723 1568 2760 XXXI.

1160 2777 1433 2834 ἐσαγήνευον]
1472 2781 1531 2818 De
1556 2777 1631 2816 hoc
1648 2778 1767 2816 verbo

1105 2837 1184 2876 dixi
1205 2838 1253 2876 ad
1273 2840 1339 2886 ΙΙΙ,
1356 2836 1450 2878 149.
1501 2837 1559 2874 De
1576 2834 1767 2887 frequenti
