1806 3181
246 764 358 851 ς166

117 831 151 868 lt·
163 836 228 855 cum
246 845 262 855 μ
271 837 336 863 par-

110 867 168 889 ans
185 871 259 898 prae
273 864 279 869 “
302 871 331 890 e-

122 900 172 924 tur

420 106 505 146 686

815 104 1277 143 HERODOTI

367 233 370 238 .
421 229 502 266 „w
541 209 734 262 ἀκούσας
772 209 874 255 οὔτε
910 210 1111 268 ἠνέσχετο
1148 210 1172 256 ὁ
1212 211 1439 268 Σύαγρος,
1497 211 1587 257 εἶπέ
1631 230 1677 258 τε

418 280 541 325 τάδε·
600 273 688 330 „³H
709 296 756 323 κε
786 278 874 336 μέγ’
906 280 1128 335 οἰμώξειεν
1153 279 1177 325 ὁ
1220 283 1464 338 Πελοπίδης
1503 280 1678 338 Ἀγαμέ-

420 352 582 404 „amiam
605 347 859 404 πυθόμενος
888 348 1168 403 Σπαρτιήτας
1195 349 1274 405 τὴν
1301 349 1537 406 ἡγεμονίην
1566 349 1677 394 ἀπα-

390 420 690 472 2,,ραιρῆσθαι
718 414 803 460 ὑπὸ
837 417 1035 468 Γέλωνός
1064 432 1109 460 τε
1136 417 1209 460 καὶ
1239 420 1572 473 Συρηκουσίων.
1606 416 1732 461 oia-40

419 485 499 537 „stoi
535 483 697 527 τούτου
735 484 817 539 μὲν
844 489 926 528 τοῦ
954 485 1091 540 λόγου
1122 483 1272 541 μηκέτι
1299 490 1525 542 μνησθῇς,
1564 485 1676 537 ὅκως
1794 483 1798 486 ’

392 552 533 608 3,,τὴν
561 550 795 609 ἡγεμονίην
824 570 892 597 τοι
909 552 1239 609 παραδώσομεν.
1266 551 1372 606 ἀλλ’,
1403 553 1537 609 εἰμὲν
1569 553 1676 609 βού-

1763 591 1792 619 ¹5*

417 625 538 674 ,,λεαι
567 621 771 676 βοηθέειν
799 625 852 679 τῇ
876 621 1061 671 Ἑλλάδι,
1091 623 1186 664 ἴσθι
1218 618 1452 677 ἀρξόμενος
1480 620 1567 664 ὑπὸ
1587 625 1677 665 Λα-

418 690 756 744 ,,κεδαιμονίων·
797 691 834 732 εἰ
873 688 908 734 δ’
940 687 1024 742 ἄρα
1054 687 1111 744 μή
1144 690 1331 740 δικαιοῖς
1359 688 1589 744 ἄρχεσθαι,
1619 689 1676 734 σύ

415 757 490 810 ,,δὲ
526 756 583 812 μὴ
623 757 875 813 βοηθέειν.“
934 756 1057 812 Πρὸς
1098 761 1234 800 ταῦτα
1263 755 1286 800 ὁ
1327 760 1493 810 Γέλων,
1533 758 1678 815 ἐπειδὴ
1734 757 1806 816 57Ἧ

361 1037 405 1082 (i.
427 1049 462 1074 e.
482 1048 523 1073 ea
544 1035 751 1082 conditione,
773 1032 842 1084 ut)
863 1032 913 1070 cf.
923 1038 1021 1070 nott.

359 1093 408 1131 ad
428 1094 509 1142 VII,
534 1093 629 1134 153.

573 1206 664 1258 Cap.
688 1204 821 1241 CLIX.

412 1304 530 1348 οὔτε
559 1301 743 1357 ἠνέσχετο
763 1327 820 1333 —
845 1300 929 1343 εἶπέ
946 1318 967 1342 τ
980 1304 1015 1352 ε]

348 1366 408 1402 De
428 1365 621 1416 particulis
638 1361 728 1402 οὔτε
741 1384 797 1390 --
813 1376 854 1400 τε
873 1359 950 1398 vid.
963 1361 1017 1396 al-

356 1423 432 1459 lata
465 1419 514 1457 ad
533 1421 596 1466 VI,
622 1423 659 1460 1.
712 1420 818 1464 Quae
846 1430 1018 1469 sequun-

356 1486 418 1516 tur
436 1478 552 1515 verba
572 1472 599 1528 ἦ
619 1490 662 1515 κε
693 1471 774 1528 μέγ’
810 1472 1018 1525 οἰμώξειεν

362 1534 386 1575 ὁ
411 1534 636 1583 Πελοπίδης
654 1528 908 1584 Ἀγαμέμνων
922 1531 1010 1580 (i.e.

360 1594 523 1640 ingentia
558 1588 714 1640 profecto
749 1588 904 1625 lamenta
945 1587 1016 1623 tol«

359 1649 444 1685 leret
462 1646 644 1696 Pelopides
662 1645 924 1694 Agamemnon)
957 1643 1017 1680 ef-

360 1705 448 1742 ficta
474 1710 561 1741 sunt
590 1702 638 1739 ad
672 1705 831 1739 Homer.
855 1701 900 1738 11.
933 1701 1014 1748 VH,

363 1760 442 1802 125
460 1789 470 1808 ,
503 1761 570 1797 ubi
589 1758 666 1797 vid.
685 1756 857 1796 Eustath.
878 1771 917 1808 p.
939 1759 1020 1797 670

361 1818 414 1858 57
435 1831 465 1856 s.
487 1817 567 1858 540
581 1823 674 1854 extr.
696 1817 782 1853 coll.
797 1816 842 1852 11.
862 1816 893 1851 Ι.
913 1813 1020 1855 255:

360 1867 390 1924 ἦ
416 1887 484 1912 κεν
513 1870 696 1924 γηθήσαι
719 1872 915 1924 Πρίαμος.
947 1870 1020 1908 Cr.

362 1930 527 1967 conferri
535 1931 616 1968 vult
628 1930 750 1967 Vales.
764 1928 813 1965 ad
825 1928 1021 1965 Amlnian.

359 1988 529 2024 Marcell.
558 1988 686 2033 ΧΧΧ,
711 1990 731 2026 1
755 1987 792 2032 ς.
813 1987 863 2025 21
898 1986 948 2022 T.
970 1985 1024 2020 111

360 2056 449 2094 pag·
471 2046 550 2084 319
571 2057 650 2095 seq.
671 2042 731 2080 ed.
759 2044 947 2092 Wagner.
983 2048 1020 2078 et

359 2100 440 2138 Erf.
453 2101 560 2136 ——In
579 2113 687 2152 seqq.
697 2100 834 2152 reliqui
846 2094 1020 2150 ἀπαραι-

361 2158 537 2207 ρῆσθαι,
581 2156 686 2207 quod
710 2158 750 2192 in
780 2156 951 2192 maxima
969 2155 1020 2191 li-

360 2213 519 2250 brorum
541 2212 786 2249 fluctuatione
816 2224 938 2248 uuum
958 2212 1020 2248 vi-

361 2268 522 2306 debatur
541 2270 783 2306 conveuiens.
840 2267 903 2304 Ad
929 2280 1020 2317 par-

359 2327 533 2377 ticipium
557 2327 676 2363 futuri
705 2320 922 2377 ἀρξόμενος
941 2323 1019 2361 vid.

360 2389 455 2421 nott.
479 2381 527 2419 acl
547 2384 591 2431 V,
613 2381 680 2423 35.

419 2439 455 2479 εἰ
481 2435 515 2478 δ’
546 2437 624 2491 ἄρα
653 2433 708 2490 μή
744 2437 913 2482 δικαιοῖς
930 2450 966 2474 κ.
983 2450 1017 2473 τ.

362 2496 414 2544 L]
446 2494 532 2533 Vid.
552 2503 646 2533 nott.
668 2494 715 2532 ad
734 2495 798 2541 IV,
822 2495 919 2539 126,
949 2492 1016 2528 ubi

362 2554 478 2589 etiam
499 2551 546 2589 de
565 2553 699 2590 vocula
720 2549 762 2591 δὲ
778 2553 818 2588 in
838 2548 1013 2601 apodosi:

364 2622 440 2660 qua
462 2608 508 2646 de
525 2623 564 2646 re
586 2609 648 2646 hic
660 2609 821 2646 conferri
839 2608 1016 2645 volumus

363 2666 533 2703 Werser.
571 2667 612 2703 in
639 2667 741 2703 Actt.
780 2663 890 2716 phill.
929 2664 1017 2700 Μο-

363 2735 469 2760 nacc.
499 2724 517 2759 I
539 2737 577 2775 p.
609 2724 674 2764 92.
720 2720 823 2760 Add.
852 2727 947 2760 nott.
969 2719 1016 2758 ad

420 825 512 880 ὥρα
550 824 934 882 ἀπεστραμμένους
970 825 1075 878 τούς
1121 825 1282 882 λόγους
1325 829 1407 870 τοῦ
1448 824 1734 883 Συάγρου,46
1767 823 1806 944 i

1772 676 1803 703 *⁶

1077 1031 1221 1070 Herod.
1240 1032 1288 1083 V,
1310 1030 1390 1077 40..
1435 1031 1547 1079 Quod
1564 1046 1655 1072 vero
1665 1045 1735 1085 pro

1078 1088 1268 1141 βοηθέειν
1302 1088 1415 1127 codd.
1447 1089 1604 1142 quidam
1637 1086 1738 1142 βοή·
1788 1078 1806 1119 9

1077 1150 1157 1193 θει,
1198 1146 1238 1182 id
1266 1147 1541 1183 correctionem
1575 1146 1735 1184 redolet.
1775 1136 1806 1179 ἦ

1078 1203 1188 1240 conf.
1210 1203 1393 1240 Herodot.
1413 1204 1443 1250 I,
1466 1205 1532 1243 63.
1555 1203 1620 1252 IV,
1643 1205 1736 1252 123,
1789 1243 1792 1247 ,

1071 1272 1121 1296 ne
1162 1260 1283 1310 plura.
1340 1260 1467 1296 Verba
1496 1259 1586 1298 ἴσθι
1614 1254 1735 1309 ἀρξό-

1074 1331 1190 1366 μενος
1205 1312 1289 1355 ὖπό
1297 1316 1632 1366 Λακεδαιμονίων
1644 1327 1735 1353 eum

1071 1373 1111 1408 iu
1142 1371 1305 1409 modum
1344 1372 1541 1410 reddenda
1587 1375 1736 1410 censuit
1770 1320 1806 1447 ὲ

1074 1428 1268 1466 Schaefer.
1291 1431 1332 1465 in
1357 1430 1504 1467 Melett.
1523 1431 1541 1466 I
1568 1443 1608 1480 p.
1637 1429 1677 1478 4,
1708 1442 1732 1467 a
1793 1463 1798 1474 ι

1075 1485 1145 1523 Cr.
1168 1488 1372 1523 excitatus:
1405 1488 1491 1523 scito
1521 1489 1555 1523 te
1573 1485 1653 1536 fore
1670 1486 1735 1525 sub

1072 1544 1226 1594 imperio,
1238 1542 1608 1581 Lacedaemoniorum.
1784 1539 1806 1569 Α

1290 1621 1382 1673 Cap.
1401 1622 1516 1659 CLX.

1131 1694 1480 1751 ἀπεστραμμένους
1529 1695 1626 1747 τούς
1665 1695 1735 1738 λό-
1794 1704 1806 1723 ¹

1075 1759 1194 1808 γους]
1248 1758 1482 1808 VVesseling.
1526 1757 1734 1808 suspicatus
1776 1740 1806 1811 ³⁴

1077 1821 1157 1850 erat
1177 1812 1356 1865 ἕπεστρ
1373 1811 1640 1865 αμμένους,
1671 1812 1734 1850 di·
1776 1805 1806 1868 ⁵⁴!

1077 1873 1135 1908 cta
1166 1883 1292 1921 aspera
1310 1871 1524 1921 intelligens
1544 1876 1581 1906 et
1601 1869 1735 1906 confe-

1075 1941 1161 1964 rens
1172 1928 1334 1964 similem
1342 1928 1472 1964 locum
1483 1925 1624 1964 Herod.
1634 1926 1735 1975 VIII,
1776 1903 1806 1941 n

1078 1986 1132 2024 62
1169 1984 1290 2033 (ubit
1329 1982 1452 2037 λέγων
1473 1985 1621 2035 μᾶλλον
1643 1981 1736 2023 ἐπε-
1775 2004 1788 2026 0

1078 2038 1333 2094 στραμμένα)
1378 2048 1415 2078 et
1439 2039 1654 2078 Philostrat.
1685 2039 1735 2077 V.
1788 2024 1806 2044 ⁴

1076 2096 1245 2149 Sophist.
1267 2099 1286 2134 I
1304 2111 1342 2149 p.
1357 2096 1438 2139 504
1458 2098 1587 2149 ibique
1607 2096 1730 2134 Olear.

1073 2156 1208 2206 Neque
1247 2161 1378 2191 tamen
1413 2154 1610 2204 vulgatam
1653 2152 1733 2188 im-
1766 2137 1802 2197 ἢ

1074 2218 1234 2258 mutem,
1257 2223 1354 2262 quae
1379 2209 1524 2247 indicat
1548 2219 1733 2246 sermonem

1075 2269 1312 2315 aversantem,
1373 2279 1449 2304 cum
1488 2264 1734 2314 indignatione
1789 2263 1799 2278 ⁵

1074 2326 1282 2374 respuentem
1319 2324 1532 2374 propositam
1562 2321 1733 2359 conditio·-
1777 2324 1806 2377 ’,ζ-ο

1073 2394 1163 2417 nem.
1191 2381 1285 2417 Mox
1304 2392 1372 2431 pro
1392 2375 1474 2419 τὸν
1507 2380 1731 2419 τελευταῖον
1771 2410 1787 2431 ,4

1073 2437 1240 2473 Koenius
1257 2437 1443 2473 maluerat
1462 2432 1516 2476 τό
1534 2436 1730 2475 τελευταῖ-·
1741 2438 1781 2479 .,.’
1795 2443 1806 2460 ⁴

1072 2508 1131 2533 ov.
1151 2493 1341 2545 Equidem
1361 2505 1429 2544 pro
1449 2490 1616 2547 ἐξέφηνε
1641 2483 1743 2527 cum¹
1762 2482 1794 2509 “⁰

1072 2557 1229 2589 recentt.
1245 2549 1332 2587 dedi
1343 2548 1524 2598 ἐξέφαινε
1536 2562 1556 2585 e
1569 2549 1728 2586 Floren-
1767 2562 1801 2609 ,ᾗ

1072 2608 1151 2644 tino
1173 2608 1345 2659 alioque3
1366 2604 1565 2643 Bekkerus
1579 2603 1729 2655 reliquit
1763 2611 1802 2635 ἐν

1072 2663 1253 2717 ἕξέφῃνε.
1274 2663 1336 2701 Ad
1356 2665 1477 2715 ipsam
1494 2663 1726 2701 locutionem

1074 2721 1175 2759 conf.
1197 2721 1242 2769 V,
1265 2724 1330 2763 36.
