1870 3249
368 229 1133 267 TERPSICHOREV.
1314 232 1395 272 149

95 338 349 392 Ξδαυρίοισι
381 338 408 394 ἡ
437 341 493 394 γῆ
511 337 684 392 καρπόν
707 337 871 381 οὐδένα
898 337 1118 382 ἀνεδίδου.
1163 339 1262 393 περὶ
1292 338 1392 382 vocri-
1450 348 1583 377 veterati
1606 350 1699 383 origo

1449 383 1612 419 Epidaurii
1636 384 1675 411 ad

124 422 197 462 της
229 406 293 447 ὠν
321 409 396 461 τῆς
428 409 664 462 συμφορῆς
702 407 747 449 οῖ
785 404 1060 461 Ἐπιδαύριοι
1089 405 1299 462 ἐχρέωντο
1342 406 1390 449 ἐν
1448 420 1566 444 terram
1579 417 1725 445 stenhu-

121 478 352 529 Δελφοῖσι·
402 473 428 529 ἡ
473 474 519 516 δὲ
566 475 717 530 Πυθίη
758 473 895 529 σφέας
933 471 1101 516 ἐκέλευε
1130 475 1302 530 Δαμίης
1341 491 1385 518 τε
1446 476 1528 518 413

1447 542 1478 567 te
1490 540 1656 568 levandam
1666 541 1725 568 Dar

118 541 190 586 καὶ
221 539 439 598 Αὐξησίης
468 539 697 597 ἅγάλματα
725 542 1020 598 ἱδρύσασθαι,
1052 543 1126 585 καί
1156 553 1236 596 σφι
1266 543 1386 597 ἱδρυ-
1446 574 1530 601 miae
1547 578 1578 602 et
1594 577 1691 602 Auxe-

60 748 282 796 collidebat,
314 747 575 786 consideretur
602 755 643 784 ut
654 760 723 785 ve—

59 813 119 844 tus
147 805 334 843 debitmn.
357 827 407 832 —-
453 805 498 840 In
519 818 626 856 seqq.
652 817 721 854 pro

57 863 217 913 τοιῆσδε
256 863 296 899 in
339 860 567 913 quibusdam
607 860 720 898 codd.

57 916 213 971 τοιήδε·
204 948 214 967 ,
246 920 313 971 qui
332 917 451 955 iidem
470 931 565 955 mox
585 917 721 958 ἐδίδου

55 989 124 1028 pro
147 972 353 1015 ανεδίδου.

113 1032 272 1085 Δαμίης
290 1046 331 1071 τε
351 1030 419 1071 καὶ
441 1026 645 1081 Αὐξησίης
677 1027 719 1068 ἆ-

54 1086 234 1142 γᾶλματα
271 1084 541 1141 ἱδρύσασθαι]
594 1088 721 1124 Perti-

55 1153 148 1183 uent
179 1145 256 1183 huc
306 1143 449 1182 scholia
485 1143 660 1181 Aristidis
698 1157 720 1180 a

54 1201 239 1240 Valcken.
274 1215 324 1239 ex
355 1208 462 1252 parte
497 1201 653 1251 vulgata
682 1207 719 1237 et

37 1260 201 1311 'plenius
218 1258 319 1296 edita
341 1258 608 1295 aFrommelio
628 1270 718 1308 pag.

54 1319 120 1357 73·
141 1319 223 1358 230
238 1316 323 1365 (ubi
341 1328 410 1366 pro
422 1315 582 1366 Δαμίης
597 1327 716 1366 prave

56 1374 236 1424 scriptum
255 1373 418 1423 Ταμίας,
449 1385 492 1408 ac
514 1372 544 1409 si
564 1370 635 1408 dea
657 1385 718 1408 es-

54 1435 110 1466 set
150 1429 399 1477 distributrix,
448 1428 716 1479 dispensatrix)

54 1486 140 1524 coll.
162 1487 310 1524 Zenob.
331 1487 396 1533 IV,
417 1488 471 1526 20
494 1492 531 1522 et
563 1486 717 1536 potissi-

51 1555 160 1580 mum
179 1545 344 1581 Pausan.
364 1544 411 1590 II,
434 1544 488 1583 30
510 1543 548 1588 §.
565 1542 590 1584 5
613 1549 650 1579 et
667 1543 717 1590 II,

52 1601 106 1640 32
127 1601 164 1646 ξ.
185 1604 224 1648 2,
254 1601 321 1637 ubi
333 1600 638 1637 Troezeniorum
655 1599 715 1635 af-

49 1656 169 1693 fertur
188 1657 304 1706 fama,
315 1657 494 1693 Damiam
506 1663 619 1708 atque
630 1657 715 1692 Au·-

49 1714 197 1751 xesiam
218 1715 384 1764 virgines
406 1727 426 1750 e
456 1713 567 1750 Creta
587 1714 716 1750 Troe—

52 1783 189 1806 zenem
219 1772 368 1807 venisse
400 1771 531 1822 ibique
552 1771 592 1806 in
611 1769 716 1806 sedi-

52 1827 156 1863 tione
176 1840 219 1863 ac
238 1828 408 1864 tumultu
437 1828 590 1877 periisse
616 1827 717 1877 lapi-

54 1881 229 1929 datione3
280 1882 384 1920 unde
413 1883 555 1920 festum
584 1883 717 1933 peragi

53 1939 323 1989 Λιθοβολίαν.
372 1940 498 1988 „Hinc
526 1938 718 1987 discimus,

54 1995 104 2032 ait
134 1995 362 2042 Valcken„
392 1996 462 2032 sub
492 1996 569 2033 istis
600 1996 714 2032 fuisse

52 2052 272 2089 nominibus
295 2052 448 2090 Cererem
469 2058 504 2088 et
529 2051 714 2101 Proserpi-

51 2121 132 2146 nam
163 2109 281 2146 cultas
301 2110 379 2146 sive
400 2107 555 2146 Matrem
584 2115 621 2145 et
642 2107 716 2146 Li-

49 2164 184 2202 beram:
211 2167 262 2220 τῇ
275 2164 414 2216 Μητρὶ
433 2163 500 2204 καὶ
519 2167 573 2219 τῇ
586 2160 712 2219 Κόρῃ,

48 2229 103 2259 est
123 2221 225 2273 apud
245 2221 388 2263 Herod.
411 2223 517 2269 VIII,
553 2221 620 2269 65,
642 2235 714 2258 cu-

50 2279 105 2315 ius
127 2277 220 2316 haec
240 2279 321 2329 ipsa
341 2279 506 2316 narratio
526 2277 631 2316 idem
650 2278 712 2316 fa·-

48 2336 119 2372 cile
177 2336 419 2387 persuasisset
477 2334 710 2384 attendenti3

48 2405 138 2428 nam
169 2405 290 2444 quum
325 2399 423 2429 terra
460 2393 589 2443 fruges
628 2405 710 2429 non

50 2447 156 2486 daret
175 2448 410 2499 Epidauriis,
440 2449 530 2486 iussi
548 2455 636 2486 sunt
649 2448 711 2486 di-

49 2507 188 2543 vinitus
212 2506 370 2543 istarum
398 2506 505 2557 signa
539 2507 709 2543 Dearum

50 2561 246 2610 dedicare,
281 2563 399 2599 veluti
429 2563 542 2601 θεῶν
562 2577 709 2612 καρπο-

49 2615 214 2670 φόρων,
248 2631 325 2671 qua
354 2619 606 2670 appellatione
626 2620 709 2656 Te·-

49 2683 182 2727 gestae
194 2677 371 2712 Cererem
380 2676 556 2713 colebant
566 2683 601 2712 et
609 2677 708 2713 Pro-

47 2734 257 2784 serpinam,
289 2738 382 2769 teste
412 2733 577 2769 Pausan.
606 2733 706 2779 VIII,

48 2790 100 2831 53
123 2791 161 2836 ξ.
183 2792 221 2830 3.
254 2787 390 2855 [Apud
411 2789 615 2839 Aeginetas
638 2789 706 2826 Ce-

50 2859 105 2883 res
126 2842 317 2898 θεσμοφο
323 2861 391 2898 ρος
402 2852 496 2884 teste
510 2847 588 2883 He:
591 2844 706 2883 odoto

1445 607 1524 642 siae,
1551 611 1691 645 (quarum

780 748 843 796 VI,
874 747 970 796 91.]
1030 745 1111 784 Sed
1139 759 1225 784 rem
1250 748 1365 798 plane
1388 749 1446 784 af-

778 804 906 841 firmat
926 805 1091 841 Pausan.
1115 805 1163 852 11,
1177 806 1230 844 30
1247 806 1284 849 §.
1306 804 1344 845 5.
1366 805 1447 841 Eo-

780 860 871 899 dem
898 862 973 898 ritu
1004 861 1158 897 Deabus
1188 862 1287 906 istis,
1327 861 1447 898 veluti

777 922 896 965 θεαῖς
926 914 1114 970 μεγάλαις
1143 918 1253 954 variis
1283 919 1324 953 in
1354 919 1445 955 locis

777 988 883 1013 sacra
903 974 1059 1012 fiebant.
1119 975 1247 1010 Cereri
1267 987 1346 1011 non
1367 973 1446 1011 dis-

779 1033 959 1070 convenit
977 1044 1122 1068 nomen
1143 1031 1321 1087 Δαμίηςε
1346 1044 1445 1083 quae

777 1088 1075 1139 Epidauriorum
1086 1081 1231 1138 populo
1251 1102 1305 1126 τω
1329 1084 1445 1156 δαμῳ

777 1146 856 1182 sive
878 1140 994 1198 δήμω
1013 1144 1143 1195 finges
1164 1142 1272 1181 daret
1292 1151 1328 1180 et
1349 1140 1443 1184 Αὕ-

776 1202 894 1253 ξησίη
915 1202 1154 1251 alimentaque
1178 1202 1282 1238 mitia
1300 1203 1413 1239 terris.
1419 1203 1442 1221 ‘⁶

776 1261 882 1296 Haec
930 1257 1232 1297 Valckenaer.
1283 1258 1442 1295 Festum

775 1329 932 1368 quoque
971 1315 1090 1352 citans
1132 1327 1162 1352 s.
1196 1328 1233 1351 v.
1272 1314 1444 1352 Dumium

776 1374 884 1424 [pag.
906 1372 961 1414 52
983 1369 1044 1409 ed.
1065 1370 1269 1419 Lindem]
1293 1378 1331 1408 et
1355 1372 1444 1408 Ma-

774 1431 879 1467 crob.
902 1429 984 1469 Sat.
1004 1430 1035 1476 I,
1058 1430 1121 1476 12,
1143 1427 1246 1464 unde
1256 1429 1443 1479 Magnam

773 1488 898 1523 Deam
911 1517 921 1535 ,
972 1498 1090 1537 quam
1130 1485 1298 1522 Romani
1336 1485 1443 1522 cole-

772 1544 887 1592 bant,
916 1542 1087 1580 Damz'am
1114 1541 1230 1580 fuisse
1264 1549 1442 1580 vocatam

773 1599 966 1648 discimus,
996 1600 1168 1650 itemque
1188 1598 1360 1637 Damium
1379 1611 1441 1636 sa—

772 1657 960 1696 cn’fioium
978 1657 1019 1693 in
1038 1657 1173 1692 Bonae
1187 1656 1292 1692 Deae
1312 1654 1442 1693 hono-

771 1728 854 1751 rem
894 1714 1069 1752 oblatum
1111 1711 1442 1763 Damz‘atricemque

772 1773 853 1809 eius
886 1770 980 1808 deae
1007 1768 1259 1807 sacerdotem.
1327 1768 1440 1806 Unde

773 1826 876 1894 apud
896 1827 1128 1864 Tarentinos
1152 1827 1291 1863 similia
1320 1839 1438 1874 sacra,

774 1886 806 1922 si
825 1883 996 1948 quidem
1012 1881 1107 1919 fides
1135 1880 1330 1933 Hesychio
1360 1883 1378 1918 1
1397 1896 1436 1933 p.

776 1943 878 1982 883:
933 1935 1111 1990 Δάμεια·
1166 1935 1283 1990 ἕορτη
1329 1954 1439 1989 παρα

781 1996 1064 2048 Ταραντίνους.
1086 1995 1216 2046 Atque
1235 1993 1339 2032 haud
1360 1996 1438 2033 scio

770 2066 820 2090 an
831 2052 969 2090 eodem
982 2053 1184 2103 respiciant
1195 2053 1436 2089 Damname-

769 2123 864 2147 neus
894 2109 1005 2146 Ideus
1033 2115 1071 2145 et
1097 2109 1325 2159 Proserpina
1358 2109 1437 2160 Cy-

770 2168 902 2204 zicena
912 2178 1011 2218 quae
1023 2171 1183 2203 vocatur
1193 2161 1331 2215 Δὸμνα
1346 2162 1436 2204 Σαί-

768 2238 890 2275 τειρα.
926 2223 1033 2268 Quae
1053 2235 1144 2260 cum
1158 2222 1211 2259 ita
1231 2223 1317 2269 sint,
1339 2221 1435 2259 mihi

768 2279 927 2333 quidem
946 2280 1014 2318 vix
1034 2277 1209 2327 dubium,
1238 2280 1333 2331 quin
1354 2283 1434 2318 Δα-

767 2337 862 2388 μίας
881 2349 1027 2373 nomeu
1049 2335 1098 2373 ad
1115 2336 1295 2374 Cererem
1313 2337 1434 2387 perti-

766 2401 855 2431 neat
867 2422 878 2441 ,
900 2407 1000 2446 quae
1020 2389 1213 2444 Δαμάτηρ
1230 2405 1253 2429 a
1269 2393 1433 2430 Doribus

765 2451 906 2502 passim
945 2456 1081 2488 vocata
1119 2450 1278 2501 aliisque
1318 2450 1434 2486 etiam

765 2507 950 2546 similibus
998 2505 1087 2543 ilinc
1138 2506 1434 2557 cognominibus

765 2571 899 2602 ornata
921 2570 997 2611 est,
1028 2563 1069 2599 in
1098 2563 1235 2614 quibus
1255 2563 1433 2599 omnibus

765 2621 827 2659 vel
849 2620 965 2658 dandi
987 2619 1184 2657 donandive
1213 2620 1319 2655 notio
1339 2618 1432 2655 sub—

764 2679 811 2715 sit
832 2678 892 2715 vel
913 2675 961 2714 ad
981 2677 1169 2727 populum
1189 2687 1346 2712 omnem
1368 2688 1431 2711 re-

764 2734 963 2785 spiciatur,
1001 2734 1052 2770 ita
1083 2739 1124 2768 ut
1157 2732 1269 2767 Ceres
1291 2732 1428 2767 Daunia

766 2792 924 2828 civitatis
946 2790 1050 2841 quasi
1084 2786 1328 2838 perhibeatur
1349 2788 1430 2833 dea,

766 2860 864 2898 «suae
886 2846 990 2883 omni
1014 2845 1156 2896 populo
1188 2845 1346 2881 salntem
1371 2844 1430 2880 af·-
