1789 3213
443 179 919 216 POLYMNIA.
977 179 1077 215 VII.

1307 179 1392 220 793

130 302 200 338 ,,τε
238 286 506 343 λεγομένοισι
534 286 750 342 πρότερον
778 287 826 331 ἐκ
855 286 1017 330 τούτου
1063 284 1418 342 σταθμώμενος,1

129 356 230 406 „aaz
259 359 319 414 τῷ
353 353 481 404 ἐόντι,
513 353 580 398 ὅτι
608 355 817 411 πολιήτης
845 355 926 410 μὲν
954 355 1137 411 πολιήτῃ
1169 349 1218 397 εὖ
1247 352 1391 409 πρήσ-

130 433 278 474 ,,σοντι
322 422 528 476 φθονέει,
567 423 640 465 καὶ
682 422 770 465 ἔστι
809 423 1025 478 δυσμενὴς
1051 426 1106 478 τῇ
1142 425 1264 477 σιγῇ·
1296 418 1392 463 οὐδ’

129 489 223 542 ,,ἆ“ν,
254 490 665 546 συμβουλευομένου
684 492 765 532 τοῦ
794 487 942 541 ἀστοῦ,
970 489 1177 545 πολιήτης
1198 487 1308 545 ἀνὴρ
1337 487 1391 530 τοὶ

128 558 312 611 „himma
342 560 385 601 οῖ
414 558 623 601 δοκέοντα
643 555 755 600 εἶναι
783 555 1047 608 υποθέοιτο,
1088 558 1124 599 εἰ
1154 557 1212 612 μή
1240 554 1391 609 πρόσω

99 624 311 682 4,,ἀρετῆς
333 625 514 682 ἀνήκοι·
546 625 724 669 σπάνιοι
754 624 788 668 δ’
813 626 893 668 εἰσὶ
924 642 967 668 οι
996 628 1208 668 τοιοῦτοι.
1243 627 1416 675 ξεῖνοςό

127 695 201 746 „6²0-
231 696 354 751 ξείνῳ
385 697 433 737 εὐ
465 693 710 774 πρήσσοντίὶ
735 693 823 736 εστι
858 692 1171 748 εὐμενέστατον
1199 692 1391 746 πάντων,

127 763 569 818 ,,συμβουλευομένου
601 777 645 804 τε
682 760 738 804 ἂν
779 759 1117 816 συμβουλεύσειε
1137 759 1190 802 τὰ
1219 759 1388 813 ἄριστα.

97 829 272 882 5,,οὕτω
304 825 366 873 ῶν
394 831 655 886 κακολογίης
684 829 782 884 πέρι
811 833 888 885 τῆς
908 829 952 879 ἐς
981 828 1268 883 Δημάρητον,
1301 827 1391 870 ἐόν·

126 913 227 948 ,,τος
254 898 349 953 ἐμοὶ
379 898 537 949 ξείνου,
562 897 737 952 ἔχεσθαί
768 913 865 940 τινα
893 900 972 939 τοῦ
1003 899 1168 939 λοιποῦ
1183 895 1388 938 κελεύω.“
1446 901 1527 939 617

0 962 61 1009 38
135 968 282 1008 Ταῦτα
313 966 433 1017 εἴπας
463 965 638 1023 Ξέρξης,
670 964 823 1022 διεξήιε
856 963 928 1008 διὰ
957 967 1046 1007 τῶν
1075 967 1270 1018 νεκρῶν·

67 1146 250 1196 bendum,
264 1156 417 1186 auctore
429 1150 573 1189 Iacobs.
591 1149 641 1188 ad
650 1150 730 1187 Ae-

65 1204 158 1241 nau.
179 1207 226 1242 N.
247 1206 297 1242 A.
321 1207 401 1252 vn,
426 1210 490 1247 10.

124 1256 209 1301 οὔδ’
253 1258 304 1302 ἂν
354 1260 728 1313 συμβουλευομένου

66 1319 140 1356 τοῦ
163 1313 316 1367 dama]
352 1316 435 1359 οὐδ’
465 1316 516 1358 ἂν
541 1326 645 1356 recte
662 1317 728 1356 dat

22 1406 25 1407 ⁷
66 1375 306 1412 Florentinus
318 1389 406 1413 cum
416 1377 495 1413 aliis
507 1383 620 1427 atque
633 1376 726 1413 Sto-

66 1430 183 1468 baeus
203 1430 298 1469 haec
320 1435 489 1470 excitans
502 1432 725 1481 XXXVIII,

67 1490 117 1528 61
144 1485 244 1539 (Vol.
266 1491 301 1525 II
320 1503 358 1540 p.
375 1492 428 1530 67
445 1489 603 1538 Gaisf.);
639 1502 729 1539 per-

65 1545 160 1580 tinet
198 1546 301 1581 enim
336 1542 388 1585 ἂν
428 1545 476 1583 ad
517 1547 729 1596 optativum

65 1598 298 1649 ὑποθέοιτο,
322 1602 368 1639 de
390 1616 465 1654 qua
490 1602 614 1639 forma
635 1602 730 1639 dixit

66 1656 249 1694 Matthiae
270 1661 336 1699 Gr.
359 1661 424 1695 Gr.
444 1671 532 1710 pag.
554 1658 650 1698 407.
671 1660 729 1694 De

65 1714 171 1751 verbi
205 1715 480 1764 significatione
518 1714 595 1752 vid.
630 1722 728 1752 nott.

67 1769 116 1807 ad
135 1771 180 1818 V,
203 1774 258 1812 92
285 1774 323 1818 ᾗ.
350 1776 388 1813 6.
447 1773 618 1809 Verbum
642 1785 729 1808 me-

66 1826 174 1863 dium
227 1824 572 1879 συμβουλεύεσθαι
620 1829 729 1878 attigi

67 1882 116 1920 ad
125 1884 206 1930 VII,
223 1886 303 1925 255
324 1886 420 1932 init„
438 1886 606 1921 activum
627 1897 729 1935 συμ-

66 1936 274 1991 βουλεύειν
295 1942 396 1978 valet
428 1942 609 1978 consilium
643 1941 729 1978 dare

67 1996 182 2034 alicui
199 2010 228 2033 s.
250 1999 436 2045 consulere,
448 2001 641 2049 prospicere
654 1998 730 2035 ali-

68 2055 138 2090 cui.
171 2054 271 2091 Hinc
292 2053 403 2092 huius
424 2056 497 2091 loci
517 2056 726 2091 sententia:

69 2108 117 2146 Si
136 2111 223 2146 civis
244 2113 349 2148 civem
366 2112 565 2149 consulats.
580 2112 730 2149 consilia

71 2165 236 2215 conferat.

125 2221 162 2260 εἰ
175 2219 230 2273 μή
249 2218 385 2273 πρόσω
406 2219 548 2273 οἷρετῆς
561 2218 727 2273 οἷνήκοι]

67 2279 93 2317 i.
113 2292 149 2314 e.
180 2280 253 2316 nisi
270 2280 420 2316 ulterius
440 2283 476 2317 in
497 2282 630 2316 virtute
642 2293 728 2330 pro-

67 2347 207 2383 gressus
227 2340 312 2373 esset
332 2350 362 2373 s.
383 2349 529 2386 magnos
542 2338 578 2373 in
597 2339 729 2374 virtute

61 2389 204 2440 fecisset
224 2406 443 2443 progressus.
491 2391 627 2429 Matth.
658 2395 725 2432 Gr.

69 2448 135 2485 Gr.
155 2460 244 2498 pag.
266 2450 346 2490 648
360 2451 564 2486 vernacule
579 2449 726 2487 reddit:

68 2516 104 2540 es
124 2506 204 2541 weit
220 2505 364 2553 bringen
388 2508 425 2543 in
452 2507 645 2555 Anseliung
666 2507 728 2544 der

72 2559 224 2609 Tugend
243 2561 269 2597 i.
281 2574 314 2598 e.
337 2564 374 2598 in
391 2563 452 2599 der
475 2562 637 2611 Tagend.
669 2564 728 2601 Cf.

68 2623 165 2653 nott.
193 2615 241 2653 ad
271 2618 353 2666 Vll,
385 2621 410 2658 9
432 2619 469 2664 ξ.
491 2622 530 2659 3.
562 2619 640 2667 VII,
665 2623 730 2660 13.

4 2705 14 2711 ι
71 2672 164 2714 134.
186 2676 254 2714 60.

126 2724 230 2768 οὕτω
263 2723 339 2769 οὖν
375 2730 614 2782 κακολογίης
639 2730 730 2783 πέρι

70 2784 294 2837 -ἕχεσθαί
314 2801 403 2825 τινα
417 2789 490 2825 τοῦ
507 2789 652 2826 λοιποῦ
664 2803 729 2828 κε-

785 1145 915 1199 λεύω]
946 1147 1083 1187 Matth.
1114 1151 1180 1187 Gr.
1203 1150 1269 1187 Gr.
1292 1150 1329 1194 ξ.
1365 1148 1446 1190 353

785 1207 851 1243 fin.
872 1221 912 1257 p.
934 1209 1014 1247 666
1037 1207 1123 1244 coll.
1150 1220 1189 1257 p.
1214 1205 1320 1246 1175
1350 1203 1446 1241 haec

785 1263 837 1299 ita
879 1265 1167 1313 interpretatur:
1229 1262 1346 1310 „IVas
1391 1262 1448 1299 (lie

789 1319 1063 1367 Sclemiihungen
1082 1318 1229 1368 betrifft,
1260 1332 1297 1354 so
1315 1319 1448 1367 gebiete

784 1376 855 1424 ich,
867 1376 941 1413 sich
955 1376 1058 1413 deren
1074 1390 1120 1413 za
1141 1376 1357 1412 enthalten.“
1387 1390 1447 1413 τι-

783 1430 835 1472 νοέ
857 1434 1070 1483 acceperim
1091 1445 1374 1482 unumquenque,
1397 1432 1447 1469 cf.

784 1489 920 1528 Matth.
944 1491 1010 1526 Gr.
1031 1491 1093 1526 Gr.
1116 1490 1152 1534 ξ.
1169 1491 1263 1529 487.
1285 1490 1324 1527 2.
1346 1489 1445 1524 Hinc

785 1548 919 1582 Latine
941 1547 1210 1596 expresserim:
1255 1545 1383 1594 Itaque
1415 1558 1443 1581 s.

785 1603 910 1639 dehinc
945 1602 1035 1652 quod
1061 1601 1109 1638 ad
1136 1603 1392 1638 criminationes
1409 1602 1447 1638 in

784 1659 1038 1706 Demaratum,
1095 1670 1368 1707 unamquemque
1400 1659 1448 1694 iis

784 1717 958 1753 abstinere
968 1717 1008 1752 in
1017 1717 1192 1765 posteram
1204 1715 1313 1751 iubeo.
1345 1715 1446 1751 Male

785 1774 824 1808 in
856 1771 1087 1824 quibusdam
1121 1770 1232 1809 codd.
1269 1770 1446 1822 περιέχε-

787 1833 883 1867 σθαι
902 1841 969 1879 pro
996 1827 1154 1879 ἔχεσθαι
1167 1857 1176 1874 ,
1209 1827 1312 1879 quod
1332 1829 1448 1864 absti-

783 1886 890 1923 nendi
897 1886 1053 1922 notione
1068 1885 1285 1922 invenimus
1302 1885 1364 1932 VI,
1378 1884 1444 1926 85.

917 1975 1008 2025 cap.
1032 1974 1314 2012 ccxxxvm.

843 2049 994 2104 διεξήϊε
1026 2050 1094 2093 διοέ
1118 2055 1198 2092 τῶν
1223 2053 1396 2104 νεκρῶν]
1417 2054 1442 2091 i.

785 2124 817 2146 e.
827 2123 889 2160 per
906 2114 1056 2147 mortuos
1076 2113 1220 2147 transiit
1238 2124 1268 2147 s.
1289 2113 1444 2146 mortuo-

784 2180 862 2204 rum
893 2167 1072 2204 cadavera
1105 2166 1360 2217 praetereundo
1385 2166 1444 2203 la-

785 2224 935 2269 strabat,
955 2230 998 2260 ut
1018 2224 1097 2260 fere
1123 2224 1154 2271 Ι,
1181 2225 1274 2264 199.
1333 2222 1443 2268 Quod

783 2282 955 2331 sequitur
977 2279 1043 2318 καὶ
1063 2280 1291 2327 Λεωνίδεω,
1307 2279 1345 2316 id
1366 2292 1445 2316 non

786 2336 834 2373 ad
863 2337 1182 2388 praepositionem
1215 2334 1280 2375 διοὶ
1303 2337 1446 2372 retule-

785 2395 858 2429 rim
878 2393 944 2430 sed
967 2393 1014 2430 ad
1035 2395 1148 2430 verba
1163 2407 1266 2444 seqq
1290 2392 1446 2431 ἐκέλευ-

786 2462 828 2489 σε
859 2446 1132 2500 τέποταμόντας
1165 2465 1237 2498 την
1262 2446 1446 2498 κεφαλην

787 2502 1091 2558 ἀνασταυρῶσαι
1120 2505 1299 2543 Leonidae
1331 2509 1447 2555 capite

785 2564 939 2611 absciso,
1007 2575 1132 2613 corpus
1200 2564 1297 2599 cruci
1337 2562 1448 2612 afligi

785 2623 901 2657 iussn.
958 2620 1134 2670 Namque
1159 2617 1207 2655 ad
1241 2614 1444 2656 α’νασταυ-

787 2678 915 2726 ρῶσιγι
961 2674 1166 2712 commode
1214 2675 1444 2724 subintellig.

787 2727 912 2770 αύτὸν
935 2733 959 2767 i.
981 2745 1014 2769 e.
1031 2729 1100 2770 τόν
1118 2731 1342 2780 Λεωνίδην.
1365 2732 1446 2766 Do-

786 2801 896 2824 mum
917 2794 1044 2824 autem
1068 2786 1261 2824 Leonidae
1283 2799 1363 2824 ossa
1384 2800 1446 2823 re-

1314 963 1387 1007 καὶ
1401 970 1556 1005 11Xerxis
1575 974 1669 1010 imp02
