1870 3249
41 654 107 699 42

576 192 882 230 ERATO.
941 192 1014 230 VI.
1347 193 1430 233 279

169 309 252 351 δεω
281 303 516 359 ἀνήγαγον,
547 301 720 358 ἐποίησε
749 301 887 344 κακόν
914 301 993 357 μὲν
1031 299 1162 345 οὐδὲν
1190 303 1428 356 Μητίοχον,

168 370 314 430 ἀγαθοὶ
343 370 390 414 δὲ
418 368 577 426 συχνά·
630 370 704 413 καὶ
733 368 817 425 γάρ
858 367 983 413 οἷκον
1011 369 1084 413 καὶ
1104 372 1255 425 κτῆσιν
1276 369 1428 421 ἔδωκε,

164 441 238 486 καὶ
269 439 462 494 Περσίδα
483 442 682 494 γυναῖκα,
712 437 760 482 ἐκ
787 440 863 493 τῆς
885 440 929 481 οἱ
956 437 1085 482 τέκνα
1113 436 1292 494 ἐγένετο,
1318 436 1370 481 τοὶ
1389 437 1484 488 ές45

165 506 338 562 Πέρσας
381 506 673 561 κεκοσμέαται.
752 504 998 562 Μιλτιάδης
1047 506 1095 550 δὲ
1156 505 1199 558 ἐξ
1244 504 1427 563 Ἴμβρου

161 573 411 619 ἀπικνέεται
440 573 483 625 ές
510 573 586 624 τὰς
609 572 810 630 Ἀθήνας.

238 642 328 685 Καὶ
355 640 465 685 κατα
495 640 543 685 τὸ
576 641 669 693 ἔτος
695 646 827 686 τοῦτο
857 642 905 686 ἐκ
933 645 1023 686 τῶν
1057 641 1264 697 Περσέων
1293 639 1426 686 οὐδὲν
1483 646 1759 717 ffigd‘iffi'gffioggj

163 709 232 754 ἐπὶ
269 708 403 752 πλέον
439 707 607 764 ἐγένετο
644 709 814 753 τούτων
863 710 907 761 ἐς
945 714 1088 761 νεῖκος
1125 710 1265 765 φέρον
1290 710 1425 763 Ἴωσι,
1482 719 1563 777 {223⁷
1583 716 1758 776 ffi‘ilgi‘fsffij

161 776 272 822 ἄλλα
299 776 401 821 τάδε
439 777 518 833 μὲν
553 776 742 834 χρήσιμα
782 777 921 834 κάρτα
959 782 1072 821 τοῖσι
1099 776 1219 821 Ἴωσι
1257 778 1424 834 ἐγένετο
1483 769 1740 843 flfitussssdissffifs

159 844 322 889 τούτου
359 848 441 888 τοῦ
483 844 609 896 ἔτεος.
662 845 956 903 Ἀρταφέρνης
994 843 1018 889 ὁ
1048 847 1258 900 Σαρδίων
1290 825 1758 911 ὕπαρ-ὄοξέῗξίῗίῑὲἕιξέῑῗζῇἶ

158 929 248 969 χος,
278 913 661 970 μεταπεμψάμενος
690 912 902 970 ἀγγέλους
931 915 977 958 ἐκ
1005 917 1094 958 τῶν
1115 916 1292 968 πολίων,
1326 926 1427 957 συν·
1483 894 1723 947 nemre’da'ctae.

158 981 299 1037 θήκας
322 982 445 1037 σφίσι
465 979 636 1025 αὐτοῖσι
656 982 762 1034 τούς
776 982 930 1033 Ἴωνας
947 981 1164 1038 ἠνάγκασε
1184 982 1425 1033 ποιέεσθαι,

158 1049 232 1092 ἵνα
261 1051 475 1095 δοσίδικοι
506 1048 619 1102 εἶεν,
646 1050 720 1094 καὶ
747 1049 805 1107 μὴ
826 1048 1042 1108 ἀλλήλους
1071 1050 1248 1108 φέροιέν
1275 1066 1320 1094 τε
1349 1049 1423 1093 καὶ

86 1222 233 1275 ”Ιωσι]
255 1225 342 1268 Vid,
363 1225 426 1274 IV,
452 1228 530 1267 137
553 1232 590 1263 et
611 1224 659 1263 de
677 1226 760 1276 ipsa

98 1281 283 1334 loquendi
302 1283 467 1320 formula
492 1289 589 1320 nott.
616 1282 665 1320 ad
688 1284 758 1328 IV,

36 1366 42 1370 ι
101 1341 198 1380 132.
220 1340 282 1388 VI,
303 1339 371 1380 40.

155 1395 317 1447 ἐποίησε
331 1419 381 1424 -
394 1392 516 1435 κακὸν
538 1394 610 1446 μὲν
639 1391 759 1435 ου’δὲν

97 1452 338 1503 Μητίοχον]
361 1454 418 1488 De
432 1454 538 1488 Darii
556 1454 654 1503 regis
674 1454 759 1490 miti

95 1510 225 1546 auimo
266 1516 303 1546 et
349 1510 528 1546 clementi
565 1511 758 1547 monitum

96 1572 152 1602 est
173 1565 222 1602 ad
246 1567 309 1613 VI,
341 1568 407 1606 30.
433 1589 484 1594 —
515 1567 560 1602 In
584 1566 661 1603 fine
690 1579 757 1604 ca-

95 1623 181 1674 pitis
203 1623 319 1660 verba
349 1619 399 1660 τοὶ
428 1621 468 1668 ἐς
507 1621 667 1673 Πέρσας
690 1637 758 1662 κε-

94 1677 307 1730 κοσμέαται
334 1679 483 1716 valent:
537 1681 602 1729 qui
634 1679 755 1718 Persis

93 1740 328 1783 accensentur,
344 1740 631 1773 annumerantur.
652 1739 754 1773 Nam

94 1797 270 1842 κοσμεῖν,
305 1799 347 1829 ut
368 1793 466 1828 bene
485 1800 643 1830 annotat
661 1794 755 1830 Val-

95 1847 208 1887 cken.
229 1849 336 1885 idem
352 1848 431 1885 fere
453 1848 558 1901 quod
577 1845 752 1899 τάσσειν,

96 1911 138 1942 ut
155 1906 221 1954 111,
243 1907 311 1946 91.

309 1994 401 2046 cap.
421 1995 542 2034 XLII.

151 2068 270 2113 οὐδὲν
287 2071 350 2113 ἐπὶ
360 2071 480 2113 πλέον
496 2071 645 2125 ἐγένετο
655 2069 749 2113 τού-

91 2131 197 2178 των]
227 2131 252 2166 i.
275 2143 307 2168 e.
338 2130 430 2167 m'ln'l
455 2131 606 2180 amplius
635 2144 748 2168 susce-

85 2189 187 2237 ptum
201 2190 264 2224 est.
296 2185 358 2225 ἐπὶ
372 2185 493 2226 πλέον
505 2189 587 2223 iure
602 2189 748 2238 reposi-

89 2249 173 2280 tum
197 2256 218 2279 e
238 2243 406 2281 Florent.
458 2244 536 2280 AJii
547 2243 746 2292 ἐπίπλεον,

90 2300 153 2336 alii
173 2298 228 2338 ἔτι
255 2298 377 2339 πλέον
393 2329 403 2347 ,
424 2299 693 2352 quodSchaeF.
711 2309 749 2338 et

88 2354 224 2393 Matth.
260 2358 510 2397 retinuerunt.
575 2356 746 2395 Bekker.

88 2414 182 2449 item
203 2411 257 2451 ἔτι
283 2412 403 2452 πλέον
423 2413 538 2450 dedit.
567 2415 624 2450 De
637 2415 748 2452 locu—

87 2470 191 2506 tione
201 2470 281 2518 ipsa
292 2468 368 2508 vid.
379 2471 426 2516 11,
441 2473 490 2509 17
500 2471 587 2519 LV,
600 2470 666 2512 51.
677 2473 747 2519 IX,

88 2525 155 2565 41.
181 2513 273 2565 107.
293 2528 384 2565 121.
403 2527 578 2564 Perizon.
599 2526 648 2565 ad
667 2529 748 2566 Ae-

88 2583 180 2618 lian.
210 2581 256 2617 V.
286 2583 335 2618 H.
354 2583 385 2627 Ι,
407 2584 475 2622 30.
508 2583 677 2622 Werfer.
706 2587 748 2622 iu

88 2640 189 2676 Actt.
210 2636 316 2688 phill.
336 2640 508 2678 Monacc.
524 2641 542 2675 I
554 2652 640 2690 pag.
652 2641 748 2683 258,

93 2716 143 2723 —
164 2696 240 2732 Pro
250 2693 420 2734 τουτέων
435 2696 572 2732 reiiuxi
582 2693 746 2737 τούτων.

145 2750 185 2797 ές
203 2754 334 2797 νεῖκος
353 2750 478 2801 φέρον
490 2748 638 2800 ”Ιωσι]
668 2755 695 2791 i.
711 2769 746 2794 e.

89 2807 138 2846 ad
162 2809 389 2857 iuimicitias,
417 2808 468 2846 ad
491 2808 616 2847 bellum
629 2815 747 2862 perta·-

815 1239 909 1264 nens.
945 1227 1200 1277 Opponuntur
1220 1225 1324 1262 enim
1344 1225 1385 1261 in
1402 1224 1479 1261 fine

816 1296 898 1334 cap.
920 1280 968 1322 τοὶ
991 1283 1185 1336 εἰρηναῖα.
1247 1283 1371 1327 Quare
1392 1282 1479 1319 vul-

815 1347 904 1389 gata
923 1340 1036 1377 lectio
1057 1342 1217 1377 minime
1226 1338 1477 1376 sollicitanda.

814 1398 880 1433 Tu
910 1396 1011 1434 conf.
1039 1399 1069 1444 1,
1094 1400 1185 1438 120.
1216 1398 1282 1443 ΙΙΙ,
1306 1398 1399 1436 133·
1430 1396 1476 1443 V,

815 1455 869 1493 92
883 1454 919 1498 §.
933 1456 960 1493 2
980 1460 1016 1490 et
1029 1453 1076 1490 de
1096 1466 1190 1491 voce
1210 1457 1355 1499 νεῖκος,
1378 1465 1477 1503 quae

814 1511 1019 1547 Homerico
1049 1523 1157 1547 more
1188 1510 1237 1547 ad
1266 1509 1391 1546 bellum
1411 1522 1475 1544 re-

812 1567 944 1615 fertur,
965 1568 1048 1614 VII,
1069 1567 1161 1608 158.
1183 1566 1278 1607 225.
1311 1567 1373 1601 Ex
1392 1566 1474 1616 ipso

812 1626 983 1661 Homero
1014 1624 1192 1675 exempla
1225 1622 1370 1660 dabunt
1397 1623 1476 1659 Le-

812 1694 913 1718 xica.

865 1732 1133 1790 Ἀρταφέρνης
1148 1759 1200 1764 -
1215 1734 1239 1776 ό
1265 1731 1471 1788 ὕπαρχος]

811 1794 921 1832 Conf.
942 1795 988 1842 V,
1017 1794 1071 1835 25
1091 1795 1220 1845 ibique
1240 1799 1338 1830 nott.
1378 1794 1474 1828 Mox

811 1851 947 1900 optimi
968 1851 1110 1901 quique
1131 1850 1174 1890 ἐκ
1197 1852 1277 1888 τῶν
1294 1848 1446 1888 πολίων
1458 1864 1471 1897 ,-

810 1908 875 1944 alii
895 1906 1053 1958 quidam
1074 1905 1118 1946 ἐκ
1148 1908 1229 1944 τῶν
1256 1905 1470 1955 πολεμίων,

810 1963 1033 2000 confusione
1048 1960 1152 1998 haud
1182 1960 1285 2006 rara,
1318 1960 1366 1997 de
1396 1973 1471 2012 qua

806 2019 949 2056 confer.
978 2020 1211 2068 Wesseiing.
1240 2017 1288 2054 ad
1309 2017 1469 2057 Diodor.

805 2076 908 2123 XIV,
931 2076 998 2116 50.
1017 2076 1177 2114 Dorvffl.
1199 2073 1248 2111 ad
1264 2073 1404 2112 Chai—it.
1426 2088 1467 2126 p.

806 2134 887 2172 630
907 2133 1010 2182 Lips.

862 2187 1073 2235 δοσίδικοι]
1088 2189 1170 2224 Hoc
1185 2188 1361 2225 revocavi
1376 2200 1468 2223 cum

805 2243 987 2295 Schwgh.
1003 2251 1039 2281 et
1050 2245 1166 2283 Gaisf.
1197 2246 1260 2281 Ex
1270 2257 1348 2281 uno
1362 2245 1466 2281 Sau-

804 2302 912 2339 crofti
933 2301 1064 2339 codice
1085 2302 1242 2338 allatum
1263 2301 1467 2340 δωσίδικοι

803 2360 845 2395 in
868 2357 1077 2406 Schaeferi,
1094 2357 1231 2396 Matth.
1247 2365 1284 2394 et
1295 2356 1470 2394 Bekker.

805 2415 1013 2452 editionem
1049 2416 1218 2466 irrepsit,
1262 2415 1467 2465 probatum

805 2471 948 2510 Suidae
968 2473 1018 2510 T.
1040 2473 1058 2508 I
1077 2485 1114 2522 p.
1127 2471 1207 2511 625
1228 2473 1466 2508 auctoritate.

803 2530 857 2565 At
876 2527 978 2580 apud
997 2529 1133 2580 Polyb.
1154 2528 1218 2576 IV,
1239 2526 1278 2575 4,
1304 2531 1328 2568 3
1350 2526 1463 2566 codd.

803 2586 845 2623 in
855 2586 1017 2623 lectione
1028 2585 1223 2624 δοσίδικοι
1236 2585 1463 2635 conspirant,

804 2649 988 2680 monente
999 2640 1235 2692 Schweigh„
1247 2642 1314 2692 qui
1325 2640 1364 2677 h.
1376 2641 1402 2676 l.
1413 2641 1463 2676 ita

803 2700 1093 2749 iuterpretatur,
1122 2702 1163 2735 ut
1189 2710 1289 2734 suam
1319 2709 1463 2733 causam

804 2756 918 2794 iudici
935 2757 1173 2805 permitterent
1192 2753 1462 2790 diz'mlicandam

805 2826 835 2851 s.
867 2816 906 2849 ut
935 2812 1064 2850 iudicis
1095 2810 1230 2849 iudicio
1256 2822 1292 2847 se
1315 2812 1461 2861 permit-
