1870 3249
396 202 1052 242 TERPSICHORE.
1111 200 1155 236 V.
1363 199 1420 238 43

1479 302 1557 331 Naxi
1575 310 1610 329 ac
1634 300 1689 328 Mi}
1695 300 1735 328 eti

104 1066 168 1112 VI,
197 1066 275 1105 92:
318 1059 593 1114 α’πενόστησαν
620 1061 763 1103 ὀπίσω.

104 1122 323 1169 V11‚162:
371 1116 496 1160 ὀπίσω
521 1115 764 1159 ἀπαλλασσό-

105 1192 237 1244 μενοι,
282 1178 369 1214 οοΠ.
404 1179 482 1218 163
523 1176 590 1214 fin.
637 1173 764 1217 ὀπίσω

39 1267 45 1272 ,
106 1230 289 1287 ἐπάγειν.

293 1313 386 1365 Cap.
398 1313 577 1350 XXVIII.

168 1399 285 1443 Μετοῖ
313 1401 356 1443 δὲ
379 1399 430 1444 ου’
456 1400 600 1444 πολλὸν
619 1399 766 1454 χρόνον

107 1456 243 1507 ἄνεσις
260 1462 396 1500 κακῶν
418 1454 490 1512 ἦν]
524 1463 628 1497 Haec
648 1461 765 1497 verba

107 1517 224 1567 vulgo
264 1519 378 1568 capiti
415 1518 656 1555 antecedenti
693 1530 766 1553 an-

106 1586 209 1610 nexa
232 1572 322 1611 hinc
343 1575 510 1612 seiunxit
529 1572 764 1624 Schweigh.,

108 1642 226 1683 quem
259 1631 376 1668 Gaisf.
406 1639 443 1668 et
472 1631 608 1669 Matth.
646 1632 767 1668 secuti

108 1694 218 1735 sunt,
264 1701 354 1725 cum
390 1689 472 1740 ipsa
510 1690 564 1726 sic
601 1689 768 1740 postulet

108 1746 306 1792 sententia,
326 1751 369 1782 ut
384 1759 474 1782 cum
495 1759 578 1797 cap.
601 1746 769 1783 XXVIII

108 1801 232 1838 verbis
259 1803 552 1853 coniungantur.
583 1800 718 1849 ἄνεσις
747 1816 768 1838 e

110 1858 328 1895 coniectura
339 1859 451 1896 fluxit
471 1859 574 1897 docti
596 1860 696 1896 Galli
709 1860 768 1895 De

110 1913 149 1950 la
173 1915 290 1950 Barre
321 1915 469 1963 (Mem.
490 1915 538 1953 de
556 1914 704 1953 l'Acad.
726 1914 765 1951 d.

111 1970 284 2021 Inscript.
322 1973 398 2007 XII
427 1985 516 2022 pag.
550 1974 629 2013 180
656 1971 769 2022 seq.),

112 2026 271 2077 probata
290 2027 444 2064 Reiskio
465 2042 508 2065 ac
528 2027 770 2065 Valckenae—

112 2084 182 2119 rio.
239 2084 481 2122 Florentinus
515 2086 612 2122 liber
659 2084 771 2121 offert

113 2136 254 2188 ι’ίνεος,
292 2142 428 2193 reliqui
467 2155 600 2179 omnes
631 2138 771 2187 ἅνεως.

111 2197 248 2234 Portus
301 2199 509 2249 suspicatus
547 2204 627 2235 erat
673 2195 771 2238 ἄνευ

114 2267 265 2292 κακων.

169 2307 199 2360 ἦ
231 2305 368 2358 Ναξος
413 2311 649 2366 εὐδαιμονίῃ
690 2326 771 2350 των

113 2361 251 2435 νήσων
270 2366 494 2420 προέφερε]
528 2368 591 2406 Ad
610 2369 773 2405 verbum

115 2419 464 2474 εὕδαιμονίηοοιιΐ.
479 2427 525 2473 V,
537 2426 663 2477 gibiq.
676 2433 771 2462 nott.

115 2479 286 2516 Verbum
305 2480 522 2532 προφέρειν
544 2482 681 2520 eodem
691 2495 774 2520 emt-

115 2536 242 2583 nendi,
270 2537 464 2577 excellendi
481 2553 594 2577 sensu
612 2541 678 2587 III,
696 2541 774 2607 106

116 2592 333 2645 eademque
343 2596 542 2644 structura,
564 2600 640 2648 qua
660 2593 776 2647 προέ-

115 2663 213 2701 χειν,
235 2649 281 2686 de
303 2650 378 2701 quit
396 2651 475 2690 dixi
495 2652 544 2690 ad
563 2655 593 2701 Ι,
619 2656 653 2694 l.
713 2650 774 2689 Ad

116 2706 348 2744 locutionem
362 2704 462 2760 αὕτη
475 2731 528 2739 -
541 2709 692 2759 ἑωυτῆς
701 2703 774 2758 μα’-

117 2765 229 2803 λιστα
262 2764 364 2801 conf.
403 2767 433 2813 1,
465 2768 557 2808 193.
586 2768 666 2808 203
699 2766 775 2803 ibi-

120 2832 195 2872 que
213 2827 310 2858 nott.

821 1075 887 1109 ve,
908 1062 964 1098 uti
984 1060 1156 1098 Thomas
1177 1063 1230 1098 M.
1255 1062 1359 1112 [pag.
1378 1062 1480 1109 758]

824 1125 861 1155 et
880 1119 1039 1155 Triclin.
1064 1117 1112 1154 ad
1134 1117 1316 1168 Sophocl.
1338 1119 1478 1155 Electr.

825 1177 905 1216 685
936 1170 1207 1224 καλλώπισμα.
1253 1176 1351 1212 Tale
1373 1175 1482 1212 Stra-

821 1233 930 1269 bonis
960 1233 999 1268 X
1027 1245 1064 1282 p.
1096 1232 1179 1272 450
1211 1231 1253 1268 C.
1274 1246 1302 1269 s.
1326 1234 1402 1273 691
1436 1234 1482 1269 B.

822 1296 860 1326 et
874 1290 931 1325 XI
950 1303 988 1339 p.
1011 1290 1091 1329 516
1111 1290 1159 1324 D.
1180 1302 1209 1325 s.
1231 1291 1327 1330 786.
1372 1290 1483 1325 Talia

820 1345 1038 1393 Plutarchi,
1080 1345 1269 1393 Aristidis,
1317 1347 1484 1397 Appiani

823 1410 938 1455 atque
960 1404 1134 1447 allorum,
1156 1415 1254 1454 quae
1271 1403 1484 1440 exscribere

820 1473 900 1497 non
912 1461 1061 1497 vacat.“
1082 1458 1150 1495 We
1162 1474 1178 1495 s
1190 1474 1206 1496 s
1220 1459 1257 1496 el
1271 1462 1360 1508 ing.
1375 1459 1485 1497 Idem

821 1517 1054 1554 vocabulum
1071 1520 1278 1566 praetextus
1296 1517 1486 1567 significa-

820 1575 926 1611 tione
946 1574 1164 1611 notavimus
1186 1573 1234 1610 ad
1248 1575 1312 1621 IV,
1336 1576 1426 1614 167
1430 1596 1486 1601 —

822 1633 868 1668 Iu
897 1645 977 1683 seq.
1014 1629 1169 1668 verba'
1153 1645 1218 1670 επι
1248 1627 1323 1670 δύο
1347 1629 1484 1682 γενεὰς

825 1682 987 1740 οἷνδρῶν
1023 1687 1174 1724 valent:
1216 1701 1282 1737 per
1313 1688 1403 1725 duas
1426 1688 1486 1725 ko-

824 1747 955 1782 minum
973 1748 1107 1781 aetates
1125 1757 1154 1781 s.
1178 1757 1328 1793 ge11era3
1346 1744 1392 1781 de
1409 1758 1484 1796 quo

824 1815 897 1839 usu
925 1802 1213 1853 praepositionis
1240 1801 1305 1840 ἐπὶ
1323 1803 1364 1837 in
1383 1809 1486 1838 tem-

825 1860 926 1909 poris
956 1859 1168 1895 continuati
1197 1860 1353 1895 notione
1378 1859 1487 1909 plura

825 1915 991 1952 attulisse
1010 1913 1122 1951 video
1133 1913 1299 1951 Fischer.
1312 1914 1361 1951 ad
1371 1916 1487 1951 wel-

825 1972 894 2008 ler.
938 1972 993 2007 III
1021 1983 1110 2021 pag.
1138 1970 1233 2012 244.
1319 1972 1489 2009 Verbum

826 2031 960 2067 νοσεῖν
989 2026 1036 2064 de
1053 2028 1285 2075 civitatibus,
1307 2042 1405 2081 quae
1426 2031 1489 2066 in-

827 2086 969 2122 testinis
987 2084 1161 2121 laborant
1188 2087 1319 2133 malis,
1351 2087 1489 2124 factio-

827 2142 939 2178 nibus
951 2170 962 2189 ,
983 2140 1230 2179 seditionibus
1241 2172 1251 2189 ,
1267 2141 1488 2180 adhibitum

825 2199 1097 2236 illustravimus
1118 2197 1167 2235 ad
1185 2199 1381 2237 Plutarchi
1392 2200 1488 2237 Phi-

826 2256 995 2306 lopoem.
1015 2268 1103 2307 pag.
1125 2255 1163 2296 5.
1186 2259 1224 2297 6.
1255 2253 1367 2296 στάσι
1400 2272 1488 2295 cum

829 2311 1048 2362 Schweigh.
1084 2320 1122 2349 et
1150 2314 1265 2351 Gaisf.
1287 2328 1308 2351 e
1329 2316 1489 2352 Floren-

828 2370 909 2406 tino
929 2371 1057 2421 recepi
1090 2382 1159 2420 pro
1189 2366 1348 2420 στάσει,
1383 2371 1486 2425 quod

829 2424 1013 2462 Matthiae
1033 2427 1200 2465 retinuit.

886 2478 1232 2533 κατήρτισαν]
1274 2485 1330 2521 Ita
1361 2485 1486 2535 plures

831 2539 929 2576 libri.
986 2540 1062 2576 Alii
1083 2541 1388 2593 κατηρτίσαντο,
1412 2555 1487 2593 quo

830 2597 947 2633 verbo
969 2595 1097 2634 medio
1119 2596 1180 2635 hic
1201 2599 1359 2634 minime
1380 2611 1487 2649 opus,

830 2653 897 2690 ubi
919 2652 966 2690 de
988 2666 1033 2690 eo
1048 2683 1057 2700 ,
1089 2655 1154 2706 qui
1173 2654 1266 2691 duas
1283 2661 1406 2705 partes
1427 2669 1489 2692 se-

831 2722 920 2747 cum
950 2710 1114 2747 rixantes
1143 2711 1341 2758 conciliat,
1362 2724 1487 2749 sermo

831 2773 899 2804 est.
939 2767 1050 2804 Conf.
1070 2767 1115 2813 V,
1136 2770 1202 2808 29.
1226 2770 1318 2808 106.
1347 2769 1487 2806 Euseb.

832 2821 933 2874 apud
965 2823 1074 2864 Stob.
1102 2825 1131 2870 1,
1153 2823 1207 2864 85
1235 2837 1266 2861 ε.
1286 2838 1325 2875 p.
1346 2828 1412 2873 20,
1435 2826 1488 2866 50

41 323 106 370 28
248 312 374 359 Μετὰ
409 312 477 364 δε,
520 311 574 356 οὐ
606 310 770 354 πολλὸν
807 308 968 366 χρόνον
1007 309 1148 359 ἄνεσις
1177 311 1323 351 κακῶν
1352 324 1419 362 ην,
1478 337 1647 375 motem,
1652 343 1685 362 re

162 383 235 428 καὶ
262 380 414 437 ἤρχετο
444 398 493 424 το
528 379 730 434 δεύτερον
770 379 816 424 ἐκ
849 378 1002 430 Νάξου
1038 393 1081 420 τε
1111 377 1185 419 καὶ
1214 376 1418 431 Μιλήτου
1475 368 1753 431 [fflffi'gefig‘feffissg]

132 451 272 494 ΞἼωσι
300 451 501 504 γίνεσθαι
529 447 654 491 κακά.
694 451 828 490 τοῦτο
860 447 939 502 μὲν
967 445 1077 501 γὰρ,
1119 444 1146 501 ἡ
1177 442 1324 496 Νάξος
1350 442 1421 487 εύ-
1432 435 1751 499 85{}ffl1¹;⁹·a{,¹2¹t‘fif¹}g

159 519 365 574 δαιμονίῃ
395 521 483 560 τῶν
512 515 659 572 νήσων
687 513 921 570 προέφερε
952 517 1083 556 τοῦτο
1115 512 1174 564 δε,
1203 511 1314 555 κατὰ
1341 512 1418 556 τόν
1476 502 1752 567 ᾖξ’Ῑζῖζῑρῗξάιί-ῗξα-

159 585 297 629 αὐτὸν
337 583 499 641 χρόνον
527 583 555 641 ἡ
586 585 781 639 Μίλητος
824 580 934 638 αὐτή
962 597 1007 624 τε
1039 580 1202 637 ἑωυτῆς
1240 580 1422 636 μάλιστα
1479 574 1519 634 ξς
1538 571 1753 646 ffffsffficaffiffi’

158 653 213 709 δή
246 653 343 697 τότε
373 651 622 709 ἀκμάσασα,
652 651 725 694 καὶ
756 651 809 707 δὴ
838 651 912 694 καὶ
938 653 1014 705 τῆς
1039 647 1200 704 Ἰωνίης
1228 643 1284 704 ἦν
1313 648 1422 703 πρό-
1480 639 1726 710 ἒξξξῐῖἓηζξζὲῗε

161 733 323 778 σχημα·
373 722 618 775 κατύπερθε
657 721 702 763 δὲ
728 718 899 763 τούτων
937 718 1005 762 ἐπὶ
1046 716 1126 761 δύο
1167 718 1318 772 γενεάς
1348 717 1418 760 ἄν·
1477 714 1558 756 385

160 791 281 842 δρῶν
304 790 528 845 νοσήσασα
557 789 599 840 ἐς
627 787 680 832 τὰ
708 787 894 844 μάλιστα
925 786 1069 836 στάσι,
1113 786 1235 841 μέχρι
1267 781 1321 829 οὗ
1350 802 1425 843 μιν

133 857 332 912 amimea
361 857 636 913 κατήρτισαν.
685 855 872 907 τούτους
898 854 980 910 γὰρ
1011 857 1352 910 καταρτιστῆρας
1380 853 1482 898 ἐκ9ο

103 1009 168 1056 VI,
189 1010 266 1048 83:
313 1002 587 1057 οἷνακτώμενοι
624 1003 760 1047 ὀπίσω.
878 1000 1103 1055 πρόσχημα]
1135 1004 1413 1052 „Ornamentum
1432 1006 1484 1041 si-
