1815 3181
287 948 349 991 12

85 1022 141 1050 per
153 1013 272 1049 aliquot
290 1012 353 1039 dies

84 1047 123 1074 ad
135 1054 263 1083 pugnam
281 1050 357 1073 stre—

84 1089 142 1108 nue
157 1089 226 1109 sese
241 1088 295 1107 exe
298 1088 326 1107 r

84 1121 170 1143 cent:
190 1123 257 1142 mox
273 1114 356 1142 labo-

412 234 497 275 240

820 229 1277 268 HERODOTI

386 350 566 400 3,,τῃσι·
596 342 680 384 νῦν
700 336 763 382 ὦν
791 336 942 395 ὑμέες,
970 336 998 394 ἢ
1027 337 1107 394 μὲν
1134 336 1354 395 βούλησθε
1381 341 1676 394 ταλαιπωρίας

415 410 715 462 ,,ἐνδέκεσθαι,
750 405 799 450 τό
835 410 1100 462 παραχρῆμα
1126 407 1206 462 μὲν
1234 406 1370 458 πόνος
1405 405 1513 461 ὑμῖν
1542 408 1676 458 ἔσται,

416 474 531 529 ,οἶοί
558 491 602 519 τε
632 474 677 518 δὲ
707 474 869 525 ἔσεσθε,
896 472 1271 530 ὑπερβαλλόμενοι
1297 475 1404 527 τούς
1433 476 1673 528 ἐναντίους,
1686 482 1733 517 35

415 543 554 596 „sivan
581 542 830 596 ἐλεύθεροι·
869 543 905 586 εἰ
929 541 981 586 ’δὲ
1010 544 1200 601 μαλακίῃ
1229 560 1274 588 τε
1305 543 1381 588 καὶ
1413 542 1560 600 ἀταξίῃ
1590 545 1679 587 δια-

416 610 672 668 ,,χρήσεσθ·ε,
716 608 925 666 οὐδεμίαν
941 609 1104 665 ’ὑμέων
1134 610 1219 667 ἔχω,
1245 611 1398 655 ἐλπίδα
1425 611 1492 666 μὴ,
1514 608 1571 654 οὐ
1595 610 1679 654 δώ-

415 689 533 730 ,,σειν
561 675 700 732 ὑμέας
731 678 856 732 δίκην
885 682 945 734 τῷ
975 679 1142 734 βασιλέϊ
1160 683 1235 735 τῆς
1266 677 1536 729 ἀποστάσιος.
1577 673 1676 720 ἀλλ’

387 746 541 801 4,,ἐμοί
569 760 613 787 τε
653 745 877 794 πείθεσθε,
918 747 991 789 καὶ
1021 745 1116 800 ἐμοὶ
1144 745 1279 801 ὑμέας
1320 745 1482 797 αὐτοὺς
1511 744 1681 799 ἐπιτρέ-

414 820 569 866 ,,ψατε·
601 813 674 856 καὶ
699 811 806 868 ὑμῖν
834 813 930 868 ἐγώ,
960 818 1079 857 θεῶν
1106 812 1158 856 τοὶ
1176 815 1263 856 Ξῗσα
1291 812 1528 868 νεμόντων,
1573 810 1734 857 ὑπο-4ο

412 882 620 936 »δέκομαι
648 880 676 936 ἢ
716 879 770 924 ου’
804 882 1026 937 συμμίξειν
1050 880 1149 932 τοὺς
1178 882 1425 937 πολεμίους,
1463 880 1493 938 ἢ
1524 881 1679 936 συμμί-

408 961 637 1004 ,,σγοντας,
667 948 830 992 πολλὸν
860 947 1223 993 έλασσῶσεσθαι.“
1281 953 1434 993 Ταῦτα
1461 947 1674 992 ἀκούσαν-

413 1033 480 1068 τες
519 1018 562 1060 οἱ
587 1014 734 1068 Ἴωνες
772 1016 1048 1071 ἐπιτρέπουσι
1089 1016 1227 1073 σφέας
1273 1015 1437 1068 αὐτοὺς
1474 1019 1536 1073 τῷ
1576 1019 1678 1058 Λιο·

413 1085 552 1141 νυσίῳ
569 1099 578 1109 ·
608 1083 635 1128 ὁ
663 1083 731 1136 δὲ,
767 1082 944 1142 ἀνάγων
971 1084 1172 1130 ἑκάστοτε
1202 1084 1270 1129 ἐπὶ
1299 1085 1429 1140 κέρας
1453 1083 1531 1136 τοὶς
1561 1084 1677 1137 νέας,

358 1255 461 1300 εἶναι
499 1256 742 1310 ἐλευθέροισι
778 1255 806 1309 ἢ
837 1255 1015 1300 δούλοισι
1065 1260 1301 1311 praebebunt,
1335 1260 1457 1296 neutri
1479 1259 1584 1308 parti
1603 1255 1734 1307 faven-

357 1316 434 1357 vid.
455 1315 590 1352 Matth.
607 1317 673 1352 Gr.
695 1316 761 1352 Gr.
780 1329 868 1367 pag.
895 1316 1014 1365 1053,

358 1386 475 1426 quem
501 1371 669 1410 eundem
693 1385 783 1423 pag.
811 1374 893 1414 872
921 1386 1021 1411 con—.

346 1430 428 1468 'su1.
450 1428 499 1466 ad
512 1430 627 1467 verba
646 1429 714 1468 καὶ
735 1426 924 1468 τούτοισι.

415 1486 682 1538 ταλαιπωρίας
755 1484 1017 1536 ἐνδέκεσθαι]

360 1543 587 1591 „Sententia
617 1541 708 1578 dicti
734 1543 821 1579 satis
852 1549 907 1579 est
926 1556 1018 1594 per-

358 1601 510 1650 spicua:
540 1599 716 1636 molestias
741 1601 774 1635 si
801 1599 917 1636 velitis
935 1601 1017 1637 sub-

358 1657 431 1703 ire,
462 1655 579 1692 labore
605 1655 699 1692 vobis
729 1655 925 1692 libertatem
943 1670 1015 1707 pa-

358 1713 486 1750 rabitis
496 1725 510 1756 ‚·
547 1718 590 1749 ut
616 1713 761 1762 optima
794 1714 949 1763 quaevis
979 1719 1018 1751 et

357 1767 627 1806 iucundissima
655 1781 735 1805 non
755 1769 829 1805 nisi
846 1770 1017 1819 primum

357 1826 512 1874 impensa
529 1837 632 1875 opera
642 1827 854 1876 comparari
871 1827 1015 1864 solent:

358 1881 457 1918 labor
485 1883 589 1917 enim
610 1881 856 1932 voluptasque,
906 1883 1016 1920 dissi-

358 1938 507 1976 millima
533 1940 689 1985 natura,
734 1941 900 1975 societate
927 1953 1017 1990 qua-

360 1994 440 2031 dam
461 1997 554 2031 inter
572 2007 606 2031 se
636 1995 803 2031 naturali
831 1999 915 2032 sunt
933 1998 1016 2034 iun-

360 2054 439 2097 cta,
459 2058 500 2087 ut
520 2063 608 2087 vere
627 2051 754 2088 scribit
767 2053 897 2089 Livius
917 2054 961 2099 V,
974 2055 1014 2093 2.

369 2106 399 2142 V
406 2120 429 2144 a
442 2106 454 2142 l
465 2120 482 2143 c
490 2106 511 2143 k
519 2119 535 2143 e
544 2120 579 2143 n.
590 2107 705 2144 citans
714 2109 852 2145 similes
863 2116 1016 2146 senten-

358 2163 427 2199 tias
448 2176 468 2198 e
488 2161 668 2213 Xenoph.
681 2164 820 2215 Cyrop.
839 2166 869 2212 I,
891 2165 929 2211 5,
948 2169 1013 2206 12.

358 2220 516 2269 Dionys.
529 2220 649 2258 Hanc.
667 2221 716 2256 T.
736 2222 770 2256 11
787 2235 826 2272 p.
847 2224 940 2270 317,
960 2226 1013 2263 23

362 2282 398 2312 et
419 2275 513 2312 Geli.
535 2273 581 2313 N.
602 2276 650 2313 A.
670 2275 772 2324 XVI,
798 2281 833 2317 1.
862 2279 939 2315 Nos
965 2278 1015 2315 ad

359 2331 628 2382 particularum
660 2345 814 2384 quoque
842 2336 1016 2372 usumin

359 2387 416 2425 lus
435 2386 578 2424 attendi
597 2389 786 2426 volumus.
833 2393 932 2427 Nam
952 2393 1018 2443 qui

360 2445 398 2480 iu
419 2445 535 2495 priori
555 2446 734 2482 orationis
754 2454 858 2496 parte
868 2449 1016 2499 scripsit

360 2496 413 2549 ἢν
442 2516 469 2551 μ
482 2497 559 2547 ὲν,
588 2501 618 2536 is
637 2501 679 2538 in
699 2502 816 2538 altero
837 2506 961 2553 posuit
981 2504 1017 2544 εἰ

362 2554 417 2595 δ’
399 2571 429 2595 ε.
486 2557 544 2592 De
572 2569 649 2607 quo
678 2559 828 2595 monuit
846 2561 1014 2599 werfer.

362 2614 401 2649 in
417 2611 655 2663 Actt.phil1.
687 2615 904 2652 Monacc.1
928 2629 1014 2667 pag,

364 2671 457 2709 102.
485 2691 541 2695 —
571 2671 645 2707 Pro
678 2666 871 2721 ουδεμίην
890 2675 1019 2724 scripsi

362 2720 563 2774 ουόεμίαν.

417 2783 530 2819 θεων
550 2796 597 2819 τα
619 2780 684 2820 ἰ’σα
702 2777 958 2832 νεμόντων]“
948 2796 972 2820 1.
986 2796 1016 2822 e.

361 2836 415 2874 dii
444 2839 600 2888 uimque
633 2839 877 2890 pugnantibus
905 2851 1020 2888 aequa

1072 1321 1134 1364 tes,
1158 1317 1272 1367 plane
1290 1322 1333 1351 ut
1351 1316 1403 1352 VI
1407 1343 1421 1360 ,
1436 1317 1526 1362 109,
1548 1315 1614 1350 ubi
1623 1315 1732 1360 Miot,

1074 1374 1204 1410 Gallus
1213 1373 1412 1422 interpres,
1425 1369 1611 1408 reddidit:
1633 1373 1667 1408 si
1679 1369 1730 1407 les

1075 1430 1182 1467 diem:
1201 1432 1329 1466 restent
1349 1432 1500 1465 neutres.
1530 1428 1606 1464 Pro
1625 1426 1735 1466 ἐλασ-

1077 1483 1300 1533 σώσεσθαι,
1323 1484 1429 1537 quod
1448 1496 1563 1521 sensu
1582 1484 1734 1535 passivo

1074 1541 1341 1593 accipiendum
1363 1540 1468 1593 (vid.
1486 1548 1584 1578 nott.
1618 1539 1667 1578 ad
1685 1540 1732 1589 V,

1073 1601 1158 1649 35),
1169 1598 1376 1646 Mediceus,
1389 1599 1629 1635 Florentinus
1644 1609 1735 1634 cum

1072 1657 1173 1692 aliis:
1206 1651 1588 1705 ἐλασσωθήσεσθαι,
1629 1652 1734 1706 quod

1072 1726 1093 1748 e
1112 1713 1337 1763 glossemate
1366 1718 1495 1748 ortum
1511 1710 1676 1749 videtur.

1303 1813 1394 1864 cap.
1416 1813 1502 1851 ΧΠ.

1129 1875 1293 1932 ἀνάγων
1319 1877 1502 1920 ἕκαστοτε
1529 1876 1595 1919 ἔπι
1613 1875 1734 1931 κέρας

1071 1933 1143 1984 τοὶς
1161 1936 1304 1986 νέας]
1293 1950 1317 1974 1.
1335 1951 1368 1977 e.
1386 1951 1629 2001 αναγωντας
1639 1934 1734 1983 νέας

1073 1989 1262 2043 αλλήλαις
1301 1988 1628 2040 οἷκολουθούσας,
1690 1998 1734 2030 ut

1072 2051 1171 2087 bene
1192 2052 1350 2101 exponit
1369 2048 1553 2088 Valcken.
1583 2047 1734 2085 Eadem

1071 2108 1212 2144 locutio
1245 2107 1308 2154 VI,
1343 2106 1393 2147 14
1431 2113 1469 2143 et
1496 2106 1733 2158 frequentius

1071 2163 1175 2215 apud
1205 2161 1478 2213 Thucydidem
1508 2162 1574 2212 (v.
1605 2175 1638 2200 c.
1667 2162 1733 2209 VI,

1071 2223 1138 2261 32.
1162 2219 1229 2260 50.
1257 2220 1358 2266 VIII,
1383 2218 1486 2269 104)
1531 2225 1568 2255 et
1596 2219 1734 2255 Xeno-

1070 2276 1258 2328 phontem
1278 2274 1381 2325 (vid.
1398 2275 1529 2313 Lexic.
1546 2272 1731 2326 Xenoph.

1072 2334 1122 2371 T.
1151 2333 1186 2368 H
1215 2344 1305 2382 pag.
1331 2331 1446 2381 732),
1482 2332 1549 2368 ubi
1581 2344 1732 2382 semper

1072 2388 1139 2429 ἐπὶ
1168 2386 1304 2440 κέρως.
1372 2389 1431 2424 De
1458 2387 1623 2425 formula
1665 2385 1732 2426 ἐπὶ

1072 2443 1197 2496 κέρως
1214 2458 1244 2482 s.
1266 2442 1382 2494 κέρας
1401 2441 1512 2496 ι’ίγειν
1534 2440 1604 2492 τοῖς
1629 2444 1731 2491 ναῦς

1072 2515 1101 2540 S.
1123 2499 1254 2540 πλέειν
1272 2499 1493 2551 Schweigh.
1512 2507 1662 2552 praeter
1671 2512 1728 2548 ea,

1073 2570 1171 2610 quae
1191 2556 1240 2594 ad
1258 2556 1401 2595 Athen.
1423 2559 1516 2594 XIII
1534 2571 1573 2608 p.
1592 2557 1671 2598 568
1681 2557 1730 2595 Ε.

1073 2613 1177 2651 dedit
1206 2612 1255 2650 ad
1284 2612 1323 2653 h.
1343 2614 1369 2652 l.
1400 2612 1496 2651 haec
1515 2613 1730 2650 annotavit:

1075 2672 1208 2719 „Quae
1246 2671 1426 2707 continua
1466 2671 1583 2720 longa
1621 2669 1731 2717 serie,

1075 2728 1145 2764 alia
1171 2730 1252 2776 post
1281 2727 1416 2774 aliam,
1446 2725 1631 2764 incedunt
1658 2737 1731 2762 na-

1075 2797 1157 2830 ves3
1187 2781 1344 2819 eaedem
1359 2783 1434 2820 levi
1451 2783 1550 2820 facta
1569 2794 1732 2820 conver-

1074 2841 1178 2877 sione
1199 2838 1460 2890 eodemlongo
1481 2838 1614 2877 ordine
1630 2843 1731 2876 stant
