1834 3258
414 212 890 249 POLYMNlA.
950 211 1051 248 VII.

1288 211 1373 250 583

114 338 205 379 φον
231 322 276 366 οἱ
301 320 639 379 γραμματισταί·
672 319 752 371 ἕως
782 319 823 372 ἐξ
854 318 1043 374 ἐσχάτων
1072 318 1115 369 ἐς
1138 317 1293 374 ἔσχατα
1322 318 1374 362 ἆ-

85 392 264 436 8πίκετο
292 391 366 434 καὶ
394 394 471 447 τῆς
498 391 635 433 ἵππου
662 388 736 431 καὶ
764 391 846 431 τοῦ
875 391 1022 441 πεζοῦ.

1080 385 1139 437 ὥς
1158 388 1205 431 δὲ
1234 387 1372 431 ταῦτά

114 461 159 504 οἱ
187 459 428 516 ἐπεποίητο,
460 462 550 503 τῶν
578 460 690 501 νεών
719 455 1116 501 κατελκυσθεισέων
1145 456 1188 506 ές
1209 453 1372 498 ocima·

113 538 217 582 σαν,
265 527 459 572 ἐνθαῦτα
499 524 522 570 ὁ
563 526 725 581 Ξέρξης
755 524 960 582 μετεκβὰς
1000 525 1046 568 ἐκ
1074 530 1154 568 τοῦ
1183 522 1373 579 ἅρματος

107 595 152 647 ἐς
179 595 258 640 νέα
269 597 506 652 Σιδωνίην,
544 596 652 648 ἵζετο
669 593 755 638 ὑπὸ
776 597 915 651 σκηνῇ
934 594 1110 650 χρυσέῃ·
1143 592 1216 636 καὶ
1244 592 1429 646 παρέ-65

107 667 208 708 πλεε
253 663 374 719 παρὰ
420 662 496 714 τὰς
544 661 723 718 πρώρας
769 665 859 705 τῶν
898 665 1024 714 νεῶν,
1056 662 1300 716 ἐπειρωτῶν
1328 675 1373 702 τε

109 729 289 784 ἑκάστας
319 731 481 789 ὁμοίως
511 731 583 775 καὶ
613 729 690 773 τὸν
718 729 861 783 πεζὸν,
891 730 965 773 καὶ
994 727 1372 785 ἀπογραφόμενος-

107 798 185 851 τάς
213 800 258 844 δὲ
285 800 385 852 νέας
414 803 458 844 οἱ
485 799 700 855 ναύαρχοι
737 797 1026 855 ἀναγαγόντες
1057 798 1166 841 ὅσον
1203 813 1248 841 τε
1287 796 1375 840 τέσ-

108 878 213 924 σερα
254 869 424 923 πλέθρα
464 867 549 913 ἀπὸ
587 871 668 911 τοῦ
705 868 933 923 αἰγιαλοῦ,
975 864 1270 921 ἀνεκώχευον,
1300 864 1375 915 τὰς
1434 857 1515 898 550

106 935 288 991 πρώρας
327 937 370 989 ἐς
409 941 491 994 γῆν
529 936 764 992 τρέψαντες
794 934 952 985 πάντες
981 932 1259 990 μετωπηδὸν,
1302 932 1374 976 καὶ

101 1004 400 1058 ἐξοπλίσαντες
428 1004 531 1056 τοὺς
555 1002 760 1059 ἐπιβάτας
791 1001 848 1054 ὥς
878 1003 920 1054 ἐς
949 1002 1153 1058 πόλεμον.
1185 999 1208 1045 ὁ
1241 999 1277 1044 δ’
1312 1001 1431 1044 ἐτ’-70

108 1074 182 1131 τός
215 1077 304 1117 τῶν
332 1072 543 1128 πρωρέων
570 1072 712 1115 πλέων
742 1071 910 1127 ἐθηεῖτο
943 1071 1018 1114 καὶ
1048 1074 1128 1113 τοῦ
1158 1071 1373 1125 αἰγιαλοῦ.

185 1139 261 1192 Ὡς
291 1141 337 1184 δὲ
366 1141 438 1183 καὶ
468 1138 628 1191 ταύτας
663 1140 929 1191 διεξέπλωσε,
961 1139 1034 1182 καὶ
1063 1139 1182 1194 ἐξέβη
1213 1138 1259 1181 ἐκ
1295 1141 1370 1193 τῆς

44 1248 51 1253 ,
103 1207 220 1261 νεός,
260 1208 555 1266 μετεπέμψατο
586 1207 854 1265 Δημάρητον
893 1206 970 1251 τὸν
998 1206 1269 1262 Ἀρίστωνος,
1300 1218 1371 1249 συ

48 1404 197 1443 rodotei
221 1406 403 1454 V11‚99
439 1406 505 1446 96.
535 1403 588 1445 44
621 1406 706 1446 coll,

48 1463 147 1510 vm,
179 1464 254 1502 67:
286 1474 384 1514 quae
415 1463 539 1499 attulit
572 1464 708 1512 Heng-

47 1519 238 1569 stenberg.
258 1520 315 1555 De
344 1520 382 1555 T
383 1532 517 1570 ymon
542 1520 648 1557 rebb.
669 1534 707 1570 p.

47 1575 114 1617 65.
135 1548 223 1623 66,D
231 1576 299 1612 ubi
326 1575 403 1613 vid.
423 1576 546 1626 plura.
587 1578 710 1612 Nam-

47 1645 124 1684 que
143 1631 233 1669 iude
253 1646 408 1684 quoque
427 1635 639 1684 perspicere
660 1634 710 1669 li-

46 1696 127 1738 cet,
149 1703 217 1726 our
235 1689 275 1725 iu
295 1690 434 1726 Xerxis
456 1691 615 1727 concilio
637 1703 708 1726 an-

45 1752 83 1784 te
110 1759 283 1797 pugnam
311 1747 561 1784 Salaminiam
599 1748 709 1784 iusti-

46 1809 129 1840 tuto
149 1804 319 1854 primum
331 1804 460 1841 locum
471 1811 632 1855 occupet
645 1804 709 1841 Si-

47 1858 252 1897 doniorum
275 1874 364 1908 rexz,
394 1868 478 1897 tum
499 1862 709 1912 Tyriorum

47 1929 136 1964 rex,
169 1917 269 1965 VIII,
292 1919 360 1957 67.
413 1917 524 1958 Conf.
545 1919 708 1954 Heeren.

47 1971 178 2010 Ideen.
199 1974 228 2022 I,
251 1977 278 2014 2
297 1987 336 2024 p.
356 1976 424 2014 20.

103 2027 251 2081 ὁμοίως
279 2029 346 2069 καὶ
373 2028 445 2070 τὸν
465 2025 607 2078 πεζὸν]
629 2029 711 2066 Vo-

47 2087 176 2124 culam
197 2085 249 2134 ὥς
270 2093 357 2124 ante
377 2085 444 2126 καὶ
464 2087 565 2123 male
579 2099 600 2122 a
621 2087 711 2138 qui-

45 2142 209 2181 busdam
237 2144 420 2181 insertam
453 2157 543 2181 cum
563 2141 711 2180 Sohae—

45 2200 126 2238 fero
159 2207 197 2238 et
217 2201 333 2239 Gaisf.
356 2201 477 2240 omisi.
535 2202 586 2237 Et
606 2200 709 2237 conf.

44 2270 199 2310 quoque
218 2256 354 2296 Matth.
367 2259 433 2295 Gr.
450 2259 517 2295 Gr.
537 2256 710 2308 p.1258.

46 2314 159 2359 Quod
177 2316 349 2367 sequitur
373 2309 711 2367 ἀπογραφόμενος

46 2370 167 2408 valet:
198 2372 346 2421 singula
364 2385 389 2410 a
409 2373 533 2410 scribis
542 2371 713 2409 adnotari

46 2430 80 2464 et
95 2428 134 2464 in
146 2427 289 2466 tabulas
308 2428 434 2479 ‘refer-ri
450 2430 596 2475 iubens,-
615 2428 710 2466 scri-

45 2483 116 2521 bae
130 2481 468 2536 deinceps'singula
476 2486 592 2523 literis
601 2498 709 2522 man-

47 2538 189 2578 dabant
207 2554 238 2579 s.
263 2537 510 2594 ἀπέγραφον.
555 2543 631 2580 Ubi
641 2556 708 2579 ne-

45 2598 193 2634 minem
212 2598 344 2635 latebit
372 2597 572 2636 discrimen
601 2600 709 2638 verbi

48 2653 168 2692 medii
188 2653 255 2705 (de
276 2667 353 2707 quo
373 2655 474 2692 conf·
493 2654 708 2695 Matth.Gr.

50 2709 118 2748 Gr.
137 2713 175 2756 §.
196 2710 279 2752 492
299 2711 352 2761 c.)
381 2718 418 2749 et
439 2712 563 2750 aeth-i·
609 2711 711 2751 Add.

50 2766 182 2804 Lexic.
201 2766 383 2818 Xenoph.
402 2770 423 2805 Ι
441 2781 529 2819 pag.
550 2770 711 2809 326.—

50 2823 100 2861 Et
118 2823 168 2862 cf.
186 2825 276 2864 Her.
297 2825 398 2874 VIII,
423 2824 516 2866 135.
549 2826 606 2861 De
623 2837 712 2863 ver-

764 1407 813 1443 bo
843 1400 891 1443 οἷν
884 1399 1110 1455 ἀκωχεύειν
1141 1402 1243 1441 conf,
1264 1407 1360 1438 nott.
1382 1399 1430 1437 ad

764 1464 828 1510 ῪΙ,
854 1464 946 1501 116-

823 1513 1083 1568 μετωπηδόν]
1116 1516 1230 1552 Hoc
1220 1528 1259 1550 ln
1272 1514 1430 1550 natium

767 1575 961 1612 ordinibus
979 1571 1132 1626 quando
1150 1573 1300 1609 obversas
1317 1584 1355 1608 ιη
1367 1570 1431 1607 lao-

766 1636 850 1670 stem
881 1634 998 1682 proris
1027 1629 1240 1681 procedunt
1278 1635 1342 1664 aut
1371 1641 1430 1664 ae-

766 1693 875 1740 qmta
897 1695 995 1726 stant
1013 1700 1087 1724 acce
1108 1685 1183 1724 (1101
1192 1691 1300 1722 notat
1311 1685 1368 1721 W
1371 1697 1430 1720 es—

764 1747 883 1795 selin‘D
874 1747 957 1790 ius,
979 1744 1140 1782 afferens
1163 1741 1293 1780 Schol.
1315 1739 1431 1777 Thu-

765 1802 978 1854 c-3did.11‚
1021 1803 1074 1841 90
1115 1807 1152 1836 et
1183 1801 1345 1848 Procop.
1382 1798 1429 1833 Β

765 1858 888 1898 Vand.
909 1861 958 1906 ΙΙ,
984 1860 1033 1897 17
1050 1886 1059 1904 ,
1092 1858 1160 1893 ubi
1189 1855 1235 1892 de
1255 1854 1428 1905 plaustris

765 1915 866 1953 hosti
885 1915 1047 1965 aequatis
1063 1913 1245 1964 frontibus
1274 1911 1429 1947 obiectis

767 1971 904 2009 eadem
923 1983 1000 2009 vox
1021 1970 1195 2007 occurrit.
1228 1966 1429 2017 Schweig-

766 2029 938 2067 haeuser.
959 2029 1000 2064 iu
1025 2028 1120 2066 Lex.
1142 2024 1286 2063 Herod.
1308 2036 1429 2074 expo—

766 2088 823 2123 nit
852 2083 1041 2132 continua,
1104 2086 1259 2135 aequata
1281 2081 1429 2132 fronte3

765 2141 978 2181 Larcherus
1001 2141 1134 2178 vertit:
1167 2142 1264 2188 „Les
1293 2151 1429 2190 proues

766 2199 984 2238 tournoesf‘
1051 2196 1168 2249 Apud
1225 2193 1431 2247 Thucydi-

767 2257 857 2295 dem
885 2258 1021 2307 Poppo
1049 2255 1231 2305 Prolegg.
1260 2254 1290 2301 I,
1327 2256 1352 2293 2
1420 2279 1429 2289 .

766 2318 820 2356 62
839 2315 1108 2364 iuterpretatur
1126 2307 1430 2359 adversissronti-

767 2373 830 2410 bus
849 2385 877 2408 S.
900 2371 1058 2408 adversis
1069 2371 1209 2420 proris,
1231 2366 1429 2404 Goellerus

766 2428 816 2466 ad
825 2429 873 2477 Π,
886 2431 963 2469 9οε
985 2428 1118 2464 iunctis
1129 2424 1333 2478 frontibus:
1354 2423 1431 2460 eine

765 2485 1003 2536 geschlossene
1018 2482 1148 2521 Fronte
1173 2480 1327 2520 bildend.
1381 2480 1431 2515 Et

764 2543 861 2581 haec
898 2541 1159 2592 interpretatio
1194 2551 1285 2576 sane
1317 2548 1430 2586 prae-

764 2608 863 2638 stare
902 2598 1066 2637 videtur.
1094 2620 1151 2625 —
1206 2593 1269 2632 Ad
1295 2604 1429 2630 vocem

764 2653 955 2709 ἐπιβάτας
975 2655 1078 2692 conf.
1097 2659 1194 2691 nott.
1206 2650 1254 2688 ad
1269 2650 1350 2696 Vll,
1363 2650 1430 2688 96.

1017 2744 1110 2793 Cap.
1132 2742 1191 2779 CI.

828 2821 1100 2876 μετεπέμψατο
1158 2812 1428 2870 Δημάρητον]

1429 1132 1546 1165 Quod
1515 1130 1546 1157 sa
1549 1133 1597 1157 cto
1617 1138 1681 1157 ser-

1428 1174 1476 1192 mo
1481 1173 1581 1192 neem
1585 1164 1706 1191 umne-

1429 1207 1514 1226 mara
1497 1203 1545 1225 aot
1568 1198 1609 1232 [6
1627 1198 1668 1224 70.

1431 1233 1551 1260 confert
1570 1233 1607 1260 de
1628 1231 1705 1259 Per-
