1789 3213
434 206 1067 246 POLYMNIA.VII.
1298 205 1382 246 767

128 318 235 362 νέω·
267 316 449 374 ἐτιμήθη
479 316 625 370 μέντοι
655 315 743 360 ὑπὸ
772 314 1130 371 Λακεδαιμονίων
1157 311 1287 356 οὐδὲν
1307 306 1384 368 ἧσ-

130 398 222 430 σον.
271 385 493 465 Ἐπιάλτης
523 384 600 440 μὲν
629 383 744 428 οὕτω
775 382 960 439 ’ὕστερον
986 381 1155 427 τούτων
1181 380 1383 424 ἀπέθανε.
1397 384 1440 420 65

0 452 64 498 14
119 454 240 497 ’Ἐστι
277 452 323 496 δὲ
366 452 509 506 ἕτερος
549 452 780 508 λεγόμενος
821 450 962 507 λόγος,
993 449 1052 501 ὥς
1077 449 1256 505 Ὀνήτης
1284 463 1328 490 τε
1358 446 1381 491 ὁ
1439 457 1509 518 Ailia
1505 456 1565 517 ede
1549 463 1632 517 elffim
1617 455 1678 483 odi-

133 518 412 577 Φαναγόρεω,
441 517 550 575 ἀνὴρ
580 519 847 573 Καρύστιος,
877 520 951 562 καὶ
980 515 1265 573 Κορυδαλλὸς
1291 513 1381 558 ’-Αν
1437 495 1521 551 mitae
1511 524 1694 586 blestatg⁰⁷

127 587 352 643 τικυρεύς,
390 587 471 631 εἰσὶ
510 604 553 630 οι
590 589 784 637 εἴπαντες
821 584 932 639 πρὸς
982 584 1160 641 βασιλέα
1197 584 1382 635 τούτους
1437 591 1509 619 fidei

126 654 230 706 τούς
270 655 455 711 λόγους,
503 655 578 698 καὶ
615 653 977 710 περιηγησάμενοι
1013 652 1062 696 τὸ
1103 669 1237 708 ουρος
1269 657 1381 696 τοῖσι

98 723 349 780 ΞΠέρσῃσι·
388 723 593 777 ου’δαμῶς
621 723 717 777 ἐμοί
748 738 795 778 γε
824 721 983 772 πιστός.
1040 725 1172 764 τοῦτο
1192 738 1271 776 μεν
1298 720 1381 775 γὰρ
1394 728 1437 760 70

128 792 237 848 τῷδε
265 788 344 846 χρὴ
374 790 732 846 σταθμώσασθαι,
762 789 828 834 ὅτι
857 792 901 834 οἵ
929 794 1016 833 τῶν
1038 787 1252 845 Ἑλλήνων
1281 791 1379 830 Πυ-
1437 789 1516 828 606

129 856 311 912 λαγόροι
356 850 626 914 ἐπεκήρυξαν
669 855 752 901 οὐκ
781 856 850 900 ἐπὶ
882 856 1038 914 Ὀνήτῃ
1068 872 1112 900 τε
1140 856 1214 900 καὶ
1245 859 1387 910 Κορυ-

131 930 277 986 δαλλῷ
317 925 554 982 ἀργύριον,
614 923 701 969 ἀλλ’
735 924 804 968 ἐπὶ
833 925 1034 982 Ἐπιάλτῃ
1063 928 1124 983 τῷ
1158 924 1386 979 Τρηχινίῳ,

128 994 301 1046 πάντως
327 1011 410 1038 κου
438 994 486 1037 τὸ
517 991 828 1048 ἀτρεκέστατον
857 993 1125 1049 πυθόμενοι·
1165 995 1296 1035 τοῦτο
1328 991 1388 1041 δὲ,

129 1062 351 1118 φεύγοντα
373 1062 450 1105 τὸν
473 1061 704 1118 Ἐπιάλτην
723 1060 889 1117 ταύτην
917 1060 997 1116 τὴν
1026 1061 1167 1116 αἰτίην
1195 1061 1389 1114 οἴδαμεν.

100 1131 259 1187 3εἰδείη
289 1129 367 1186 μὲν
393 1128 480 1186 γὰρ
513 1129 579 1184 ἂν,
608 1130 683 1173 καὶ
705 1127 791 1173 ἐών
811 1130 870 1185 μὴ
891 1128 1100 1185 Μηλιεύς,
1129 1126 1293 1183 ταύτην
1307 1125 1387 1182 τὴν
1400 1130 1442 1166 75

75 1309 295 1348 additurum
325 1309 505 1349 hocloco
533 1310 731 1350 indicave-

73 1374 143 1406 rat.
201 1367 304 1404 Conf
317 1375 410 1406 nott.
434 1370 465 1417 Ι,
487 1372 568 1411 106
589 1377 626 1407 01
644 1371 731 1407 Iae-

48 1418 155 1475 ‘gen
181 1424 345 1474 Disputt.
369 1424 537 1462 Herodd.
566 1439 654 1477 pag.
680 1429 732 1466 12

72 1493 167 1532 seq„
203 1482 269 1533 qui
289 1495 378 1518 cum
396 1480 629 1520 Dahlmann.
652 1484 733 1519 He-

73 1536 157 1574 rod.
177 1550 262 1588 pag.
283 1537 353 1579 48.
378 1541 471 1579 137.
493 1541 588 1579 217.
608 1541 734 1576 Hero-

75 1593 156 1631 doti
175 1607 281 1645 opus,
304 1595 445 1645 quippe
475 1594 579 1646 quod
600 1609 620 1632 e
639 1597 733 1632 scri-

74 1650 192 1701 ptoris
222 1651 378 1687 consil10
420 1652 575 1689 ulterius
606 1659 733 1689 teten-

76 1706 185 1756 derit,
216 1705 265 1743 ad
293 1707 411 1743 finem
430 1721 551 1760 usque
579 1709 733 1746 absolu-

76 1770 160 1800 tum
179 1764 293 1801 fuisse
312 1771 440 1814 negat.
460 1786 517 1792 ——
554 1766 599 1801 In
626 1779 733 1817 seqq.

78 1819 168 1857 dedi
187 1814 312 1871 ἧσσον
332 1834 401 1871 pro
421 1820 548 1869 ε’σσον,
587 1820 635 1858 de
642 1834 734 1889 quo

77 1875 156 1914 vid.
175 1883 270 1915 nott.
293 1876 341 1914 ad
368 1878 414 1926 V,
433 1880 488 1918 72
518 1884 555 1915 et
582 1874 735 1919 τούτων

78 1946 148 1985 pro
164 1932 348 1973 τουτέων.

256 2055 350 2107 cap.
372 2055 539 2095 ccxlv.

133 2128 340 2186 λεγόμενος
358 2131 491 2187 λόγος]
514 2136 656 2174 Similis
675 2136 736 2174 lo—

78 2191 179 2227 cutio
208 2192 271 2239 lv,
296 2195 359 2236 12,
378 2193 444 2229 ubi
463 2192 541 2230 vid.
580 2195 639 2230 De
662 2192 737 2231 Ca-

77 2250 174 2298 rysto
189 2248 289 2286 conf.
310 2249 373 2296 VI,
403 2251 471 2289 99.
503 2250 737 2302 Κορυδαλη

78 2300 156 2350 λός
175 2317 243 2354 pro
267 2303 517 2356 Κορυδαλός,
541 2306 645 2373 quod
673 2320 737 2343 re-

79 2359 192 2396 tinuit
222 2359 443 2410 Bekkerus‚
480 2364 610 2415 scripsi
648 2377 739 2400 cum

80 2422 238 2454 receutt.
260 2416 346 2456 edd.
377 2419 548 2472 itemque
576 2419 739 2472 βασιλέα

80 2484 150 2524 pro
172 2472 356 2524 βασιλῆα.
414 2476 458 2512 111
490 2490 597 2529 seqq.
618 2478 736 2515 verbo

80 2532 356 2580 περιηγεῖσθαι
365 2530 524 2582 ducendi,
536 2537 739 2571 monstran-

83 2585 125 2622 di
141 2586 296 2622 notione
307 2585 453 2625 dativus
472 2603 655 2639 personae
665 2590 737 2628 ad-

82 2640 205 2678 ditur:
235 2641 282 2678 de
302 2655 378 2694 quo
408 2643 485 2683 vid.
501 2645 664 2684 Fischer.
688 2646 738 2684 ad

82 2699 244 2735 Weller.
263 2699 328 2746 ΙΙΙ,
341 2712 375 2736 a.
387 2713 475 2751 pag.
497 2703 575 2742 371
594 2709 738 2742 etnott.

84 2753 132 2792 ad
152 2754 294 2792 Herod.
314 2757 377 2805 IV,
401 2757 494 2798 125.
514 2758 594 2805 VII,
615 2759 713 2800 215.

138 2812 239 2865 τῷδε
285 2809 358 2864 χρὴ
399 2810 738 2865 σταθμώσασθαι]

788 1312 937 1350 Similia
956 1312 1096 1348 excitat
1123 1311 1356 1360 WVesseling.
1377 1312 1443 1360 111,

789 1370 854 1410 15.
874 1369 955 1416 VII,
979 1371 1059 1409 237
1082 1368 1167 1408 coll.
1190 1368 1298 1405 Stob.
1319 1367 1446 1405 Serm.

787 1426 964 1473 XXVIII,
1001 1427 1050 1465 18
1072 1438 1112 1475 p-
1145 1427 1237 1466 197.
1272 1422 1347 1476 (Τ.
1368 1426 1385 1460 I
1405 1439 1446 1475 p.

789 1482 871 1523 442
901 1481 1036 1530 Gaisf.)
1094 1482 1160 1518 Tu
1189 1480 1277 1518 add.
1301 1481 1445 1520 Herod.

788 1538 1190 1586 11‚2.V11‚10§.2
1216 1540 1280 1577 11.
1300 1538 1364 1585 IV,
1381 1538 1448 1578 58

788 1617 844 1622 —
863 1596 957 1631 Mox
980 1595 1021 1629 in
1052 1593 1192 1630 Aldina
1222 1567 1378 1646 aliisqu⁷e
1409 1593 1451 1633 οἱ

792 1647 1048 1702 Πυλαγόραιτ
1066 1663 1163 1702 quae
1173 1650 1296 1687 forma
1308 1663 1448 1702 quam-

788 1708 844 1746 vis
875 1705 980 1744 haud
1008 1707 1158 1744 insolita
1188 1708 1256 1753 sit,
1287 1707 1447 1757 p1aetuli

790 1771 920 1801 tamen
941 1777 1029 1800 cum
1039 1764 1192 1815 reliquis
1209 1762 1296 1800 edd.
1311 1766 1446 1802 Πυλα-

789 1817 898 1874 γόροι
917 1821 1120 1857 meliorum
1140 1819 1252 1857 codd.
1281 1820 1447 1856 auctori-

789 1884 866 1914 tate
894 1877 1090 1913 firmatum
1120 1884 1157 1914 et
1185 1877 1269 1913 loco
1292 1877 1447 1927 gemino

789 1934 872 1982 VII,
902 1936 995 1981 213,
1037 1934 1105 1970 ubi
1142 1931 1388 1985 Πυλαγόρων
1425 1946 1447 1970 a

789 2004 885 2029 voce
906 1985 1145 2044 Πυλαγόροι,
1165 2003 1244 2027 11011
1262 1991 1448 2041 Πυλαγο-

792 2062 834 2100 ρε
818 2045 894 2086 ἔων
915 2060 935 2083 a
956 2060 1051 2084 voce
1078 2043 1320 2098 Πυλαγόραι.
1361 2045 1448 2083 vid.

791 2117 890 2156 quae
929 2105 1018 2141 citat
1057 2103 1098 2142 C.
1138 2105 1200 2142 Fr.
1238 2105 1450 2140 Hermann.

792 2159 947 2198 Griech.
993 2158 1268 2198 Staatsalterth.
1319 2161 1356 2205 ξ.
1399 2158 1450 2199 14

791 2224 873 2254 1101.
916 2216 956 2258 5.
1014 2217 1115 2254 Sunt
1151 2224 1280 2253 autem
1310 2216 1351 2255 οἵ
1370 2218 1450 2254 τῶν

789 2269 989 2325 Ἑλλήνων
1020 2268 1254 2325 Πυλαγόροι
1286 2286 1365 2310 11011
1389 2273 1452 2308 alii

793 2338 907 2383 atque
936 2329 1266 2381 Amphictyones,
1305 2337 1348 2366 111
1368 2329 1450 2373 VII,

793 2389 891 2428 213.
946 2387 1033 2425 Vid.
1055 2387 1307 2424 Tittmann.l.
1321 2387 1345 2422 Ι.
1366 2398 1450 2435 cap.

792 2444 827 2482 V
856 2445 893 2490 §.
918 2446 943 2485 6
973 2458 1009 2495 p.
1033 2445 1111 2484 119
1133 2450 1213 2482 not.
1237 2445 1257 2482 1
1282 2443 1365 2480 coll.
1386 2442 1449 2488 IV,

793 2499 820 2541 4
839 2514 879 2551 Ρ.
900 2503 966 2542 83.
988 2500 1056 2541 85.
1083 2520 1140 2528 —
1172 2499 1342 2537 Verbum
1372 2498 1452 2538 ἑπι-

793 2553 1002 2608 κηρύττειν
1024 2556 1129 2608 attigi
1145 2555 1193 2593 ad
1212 2557 1292 2604 VII,
1314 2558 1410 2597 213.

847 2644 917 2686 καὶ
946 2642 1024 2684 ἐών
1054 2642 1110 2696 μή
1139 2643 1342 2695 Μηλιεΰς]
1375 2646 1398 2682 i.
1420 2658 1453 2682 e.

794 2704 1017 2753 quantumvis
1045 2715 1115 2739 uon
1139 2707 1226 2739 esset
1254 2701 1452 2749 Μείίεηείε,

793 2760 859 2796 ubi
876 2760 1098 2796 observante
1113 2758 1374 2806 Valckenaer.,
1387 2759 1453 2810 qui

794 2816 884 2853 citat
911 2814 1056 2857 Herod.
1084 2815 1148 2864 IV,
1178 2813 1271 2856 144.
1299 2816 1363 2864 VI,
1383 2817 1451 2863 66,
