1870 3249
403 200 1073 242 TERPSICHORE.-
1120 201 1166 237 V.

1365 204 1420 243 77

160 330 255 369 ,,ται
280 309 497 367 Ἀρμένιοι
517 312 620 362 οἵδε,
651 310 724 354 καὶ
752 304 876 353 οὗτοι
905 308 1048 360 ἐόντες
1075 309 1418 366 πολυπρόβατοι·

160 380 415 436 ,,Ἀρμενίων
465 379 531 429 δὲ,
577 378 822 434 Ματιηνοὶ,
877 377 1023 434 χώρην
1070 376 1195 434 τήνδε
1239 378 1418 433 ἔχοντες.

106 457 144 492 11
159 450 293 505 ἔχεται
336 447 382 490 δὲ
411 445 581 489 τούτων
610 451 665 503 γῆ
703 445 780 502 ἥδε
809 448 980 502 Κισσίη.

1042 445 1089 488 ἐν
1124 449 1178 502 τῇ
1216 445 1269 501 δή
1298 445 1419 500 παρὰ

158 514 384 572 ,,ποταμὸν
424 514 550 557 τόνδε
587 514 801 570 Χοάσπην
842 513 1018 568 κείμενα
1056 513 1143 556 ἐστι
1182 512 1233 557 τά
1262 517 1474 557 Σοῦσαῦο

157 587 348 639 ,,ταῦτα,
390 581 500 625 ἔνθα
529 582 734 638 βασιλεύς
770 599 813 626 τε
853 582 984 637 μέγας
1014 583 1184 624 δίαιταν
1213 581 1415 630 ποιέεται,

157 654 259 707 ,,καὶ
306 654 394 694 τῶν
443 650 674 707 χρημάτων
724 652 767 694 οἱ
809 650 1029 705 θησαυροὶ
1078 649 1272 692 ἐνθαῦτά
1322 651 1415 693 εἰσι.

103 719 380 773 12,,Ἑλόντες
427 720 472 764 δὲ
508 719 672 775 ταύτην
710 717 790 774 τὴν
835 717 986 770 πόλιν,
1033 717 1297 773 θαρσέοντες
1335 717 1417 774 ἤδη

157 949 375 1006 Ἀρμένιοι]
395 950 452 988 Cf.
465 949 649 1002 Stephan.
662 952 758 1003 Byz.

103 1025 133 1048 s.
163 1024 202 1048 v.
230 1007 415 1061 Ἀρμενία
440 1022 478 1059 p.
510 1010 590 1048 169
621 1015 657 1045 et
676 1010 760 1044 Eu-

104 1065 216 1104 stath.
245 1068 286 1103 in
315 1068 474 1117 Dionys.
497 1064 577 1105 694
592 1094 601 1111 ,
634 1066 702 1102 ubi
723 1072 760 1102 et

103 1123 143 1161 h.
164 1125 191 1161 l.
213 1130 250 1160 et
271 1124 431 1160 alterum
451 1122 519 1159 VII
532 1151 541 1168 ,
562 1124 614 1161 73
646 1123 760 1158 simul

104 1181 281 1232 respexit.
317 1181 383 1216 Tu
409 1178 487 1216 vid.
507 1185 603 1215 nott.
625 1179 674 1215 ad
693 1181 758 1225 III,

104 1239 157 1278 93
188 1236 275 1274 add.
305 1238 438 1273 Ritter.
473 1234 678 1272 Erdkund.
723 1237 760 1272 Π

103 1306 192 1344 pag.
225 1297 329 1341 780,
374 1293 441 1345 qui
484 1299 585 1329 recte
613 1300 759 1340 monet,

104 1351 305 1387 Armenios
325 1348 564 1386 Herodotum
589 1363 669 1386 non
688 1351 761 1386 nisi

106 1414 271 1458 pastores
301 1408 539 1457 cognovisse,
562 1420 656 1458 quos
677 1408 760 1443 Xe—

106 1462 264 1514 nophon
283 1464 324 1499 in
353 1465 443 1501 vicis
479 1462 692 1500 habitantes
724 1470 761 1500 et

107 1519 211 1557 aliud
230 1522 329 1559 vitae
348 1533 469 1570 genus
484 1525 686 1557 tractantes
697 1521 760 1556 in-

105 1579 224 1615 venit.
277 1577 350 1622 Qui
368 1577 487 1614 iidem
505 1574 761 1628 πολυπρόβα-

104 1648 166 1674 τοι
186 1633 385 1682 dicuntur,
416 1633 520 1686 quod
552 1635 583 1671 si
610 1636 693 1686 quis
714 1633 763 1671 ad

106 1703 264 1728 omnem
291 1704 374 1727 rem
402 1692 621 1742 pecuariam
648 1704 691 1727 ac
712 1692 765 1728 si·-

105 1749 267 1798 gillatim
287 1747 335 1784 ad
346 1761 475 1799 equos,
498 1749 633 1800 quibus
654 1760 766 1798 egre—

104 1806 178 1854 giis
208 1806 314 1841 omni
340 1804 419 1840 fere
446 1812 619 1855 tempore
640 1805 764 1841 abun-

110 1860 212 1897 davit
241 1861 445 1907 Armenia,
493 1868 586 1897 teste
627 1861 764 1897 eodem

107 1917 259 1954 Rittero
273 1917 298 1953 l.
319 1917 344 1952 1.
364 1918 400 1952 II
419 1929 506 1967 pag.
519 1917 614 1964 759,
634 1918 765 1954 referri

108 1974 223 2020 velit,
250 1985 383 2009 vereor
411 1980 453 2009 ut
483 1975 654 2009 assentiri
673 1986 764 2023 pos-

109 2030 203 2076 sim,
246 2042 336 2065 cum
368 2028 583 2066 Herodotus
615 2036 764 2067 tantum

111 2085 159 2122 de
169 2082 380 2137 προβάτων
393 2098 544 2136 genere,
557 2099 631 2137 quo
647 2099 764 2138 equos

108 2155 200 2179 sane
238 2143 304 2179 vix
343 2140 616 2192 comprehendi
656 2157 765 2193 posse

110 2199 345 2251 existimem,
377 2200 559 2249 cogitasse
578 2198 764 2237 videatur.

108 2257 166 2292 De
188 2254 365 2292 Matiem's
394 2254 560 2292 diximus
581 2255 628 2292 ad
648 2258 677 2304 I,
698 2260 723 2297 7
727 2261 764 2305 2,

110 2311 159 2349 (le
182 2312 305 2350 Cissiis
325 2313 389 2359 III,
413 2314 462 2351 91
488 2313 573 2349 coll.
595 2313 675 2359 VII,
698 2316 765 2354 61.

110 2369 217 2415 Quae
254 2381 347 2406 mox
380 2375 508 2405 noster
536 2367 672 2406 habet:
715 2373 768 2422 γῆ

111 2421 186 2477 ἥδε
214 2426 384 2474 Κισσίη,
412 2426 453 2461 in
481 2426 525 2461 iis
551 2439 766 2476 pronomen

114 2481 454 2519 demonstrativum
469 2483 521 2518 ita
539 2484 703 2533 ponitur,
726 2490 769 2520 ut

94 2539 293 2576 .articulus
332 2551 412 2574 nou
450 2538 670 2577 adiiciatur:
720 2540 768 2576 de

114 2608 192 2647 quo
229 2596 421 2632 monuisse
451 2595 563 2633 video
608 2598 768 2646 Kriiger.

115 2651 164 2688 ad
192 2650 442 2702 Xenophont.
477 2653 601 2690 Anab.
631 2654 712 2701 VII,
742 2657 768 2694 2

117 2709 155 2754 ξ.
177 2711 229 2749 29
264 2707 356 2758 (ubi
383 2721 431 2744 ex
449 2706 488 2745 h.
510 2709 535 2745 l.
557 2710 683 2746 minus
704 2723 768 2746 ac-

117 2772 245 2802 curate
274 2766 361 2802 citat
389 2761 462 2815 ἤδε
502 2761 669 2814 Κύπρος
702 2779 770 2817 pro

114 2816 189 2873 ἥδε
207 2822 391 2872 Κισσίη),
425 2828 462 2858 et
481 2821 529 2858 ad
550 2823 578 2870 I,
600 2825 626 2863 2
647 2824 685 2868 ᾗ.
704 2826 773 2864 20.

816 949 919 989 Add.
955 951 1068 989 Held.
1091 950 1139 988 ad
1171 949 1365 988 Plutarch.
1394 951 1475 986 Ae-

815 1010 897 1045 mil.
919 1010 1026 1046 Paul.
1048 1012 1102 1049 22
1122 1021 1209 1059 pag.
1228 1010 1308 1049 228
1328 1021 1469 1059 seq.—

815 1068 892 1102 Pro
927 1064 1118 1104 Χοασπέα
1147 1079 1167 1100 e
1196 1063 1308 1102 codd.
1330 1065 1475 1101 restitui

817 1117 1038 1172 Χοάσπην,
1077 1121 1181 1173 quod
1209 1121 1316 1157 idem
1350 1122 1394 1168 V,
1422 1121 1476 1161 52

817 1192 949 1216 omnes
966 1185 1154 1231 quantum
1173 1180 1251 1215 scio
1264 1174 1351 1214 libri
1362 1190 1476 1228 prae-

816 1237 928 1273 bent:
973 1236 1020 1273 de
1051 1237 1132 1286 ipso
1163 1235 1279 1274 ssuvio
1310 1234 1477 1271 diximus

818 1293 867 1330 ad
886 1295 915 1339 I,
940 1295 1032 1333 188.
1262 1292 1269 1298 ”

872 1346 919 1388 τοὶ
940 1352 1079 1388 Σοῦσα
1096 1350 1239 1397 ταῦτα]
1269 1348 1368 1385 Satis
1381 1360 1476 1384 con—

817 1413 889 1443 stat
921 1407 1026 1443 Susis
1056 1413 1205 1456 partem
1242 1407 1334 1441 anni
1366 1418 1477 1442 com-

817 1465 961 1500 morari
991 1464 1119 1500 soiitos
1139 1464 1251 1500 fuisse
1271 1464 1477 1499 Persarum

816 1532 945 1571 reges:
989 1519 1037 1557 de
1069 1533 1145 1571 quo
1165 1527 1342 1558 veterum
1370 1520 1479 1556 testi-

817 1579 949 1614 monia
989 1577 1146 1628 praebet
1186 1578 1354 1613 Brisson.
1419 1577 1480 1612 De

819 1648 900 1685 reg.
935 1635 1040 1671 Pers.
1068 1635 1228 1684 princip.
1266 1635 1296 1680 I,
1325 1635 1394 1674 67.
1424 1633 1479 1673 68

821 1692 908 1728 coll.
928 1692 958 1738 I,
982 1694 1061 1732 182
1082 1690 1129 1727 de
1145 1692 1246 1741 gazis
1267 1690 1319 1726 ibi
1341 1702 1480 1726 recon-

824 1747 928 1795 ditis,
979 1747 1026 1784 de
1068 1748 1204 1799 quibus
1245 1747 1479 1795 VVesseling.

822 1805 986 1842 conferri
1016 1805 1121 1840 iubet
1148 1804 1326 1841 strabon.
1347 1803 1420 1839 XV
1440 1816 1480 1852 p.

820 1863 901 1901 728
922 1874 951 1897 s.
976 1860 1083 1901 1059
1110 1861 1158 1896 A.
1196 1861 1262 1896 Tu
1284 1858 1361 1896 vid.
1382 1865 1480 1895 nott.

821 1917 870 1953 ad
888 1918 952 1964 III,
970 1919 1023 1955 70
1044 1928 1132 1965 pag.
1153 1918 1244 1955 127.
1278 1914 1344 1952 Cr.
1366 1928 1480 1966 prae-

818 1980 922 2009 terea
943 1971 990 2008 de
1011 1972 1137 2019 Susis,
1170 1970 1217 2008 de
1244 1972 1381 2023 quibus
1409 1985 1480 2009 ve-

821 2036 949 2066 terum
961 2029 1301 2079 scriptorumlocos
1317 2041 1480 2079 conges-

821 2088 868 2123 sit
883 2086 1051 2122 Brisson.
1081 2086 1139 2121 De
1155 2098 1235 2135 reg.
1256 2086 1481 2136 Pers.prin-

823 2144 897 2193 cip.
922 2154 1010 2193 pag.
1032 2143 1186 2194 SSSeq.,
1215 2142 1380 2179 conferri
1398 2143 1482 2180 vult

821 2198 965 2236 Athen.
986 2199 1073 2245 XII,
1100 2212 1139 2249 p.
1160 2199 1242 2240 513
1263 2200 1306 2236 F.
1337 2213 1376 2250 p.
1397 2197 1480 2239 409

824 2254 1205 2306 Schweigh.Daniel.
1218 2256 1317 2303 VIII,
1339 2259 1379 2297 2.
1399 2257 1480 2292 Ne-

822 2313 926 2350 hem.
942 2315 972 2360 I,
995 2315 1014 2352 1
1041 2312 1136 2361 (ubi
1156 2311 1384 2363 Scltuschan)
1403 2314 1484 2349 Bo-

824 2370 942 2408 chart.
976 2370 1118 2419 Geogr.
1151 2382 1245 2406 sacr.
1276 2371 1323 2418 II,
1364 2371 1415 2409 14
1443 2383 1483 2420 p.

822 2426 919 2468 451.
948 2427 1138 2462 Mannert.
1168 2427 1309 2476 Geogr.
1328 2426 1374 2473 V,
1396 2429 1422 2466 2
1442 2440 1482 2476 p.

824 2483 907 2523 484
938 2490 975 2519 et
996 2483 1182 2533 imprimis
1211 2482 1360 2520 Hoeck.
1393 2483 1480 2523 vet.

824 2539 928 2576 Med.
957 2546 993 2575 et
1020 2541 1125 2576 Pers.
1155 2541 1371 2576 Monumm.
1392 2551 1482 2589 pag.

825 2598 890 2637 98.
905 2595 972 2643 94,
983 2598 1047 2647 qui
1062 2598 1102 2632 in
1116 2598 1287 2633 orientali
1300 2596 1481 2646 Choaspis

824 2652 907 2704 rip&
926 2654 1037 2689 sitam
1058 2654 1257 2689 arbitratur
1283 2652 1382 2689 hanc
1413 2665 1481 2688 ur—

826 2711 929 2747 bem.
986 2711 1031 2746 In
1049 2723 1155 2761 seqq.
1177 2709 1224 2746 ad
1243 2710 1358 2746 verba
1380 2707 1481 2748 ἔνθα

826 2787 882 2795 -
900 2762 1081 2805 ἐνθαῦτά
1112 2766 1187 2804 εἰσι
1216 2766 1316 2803 conf.
1345 2764 1482 2803 Matth.

828 2823 895 2860 Gr.
917 2824 984 2860 Gr.
1005 2835 1092 2874 pag.
1114 2824 1210 2863 881.
