1851 3181
449 228 534 269 528

422 339 445 377 4
454 333 655 392 ,,ἆγαθόν
694 331 933 375 σπεύδεται.

856 221 1318 260 HERODOTI

997 333 1144 375 Τῶνδε
1183 331 1230 375 δὲ
1259 331 1402 374 εἵνεκα
1428 331 1715 388 προαγορεύω
1726 340 1770 376 95

452 401 731 458 ,,οἷντέχεσθαι
759 403 840 443 τοῦ
875 399 1068 454 πολέμου
1090 399 1394 454 ἐντεταμένως·
1425 397 1484 451 ὥς
1512 399 1597 454 γάρ
1629 400 1712 456 ἐγώ

452 468 783 524 ,,πυνθάνομαι,
829 465 889 511 ἐπ’
933 466 1097 522 ἄνδρας
1127 467 1454 522 στρατευόμεθα
1494 466 1718 524 ἀγαθούς·

452 542 565 590 »τῶν
592 535 647 592 ἢν
675 534 972 593 κρατήσωμεν,
1004 534 1059 578 οὐ
1089 533 1149 591 μή
1178 553 1242 587 τις
1266 536 1370 592 ἡμῖν
1393 535 1520 587 ἄλλος
1538 536 1719 591 στρατός

421 604 655 660 5,,οέντιστῇ
686 619 784 647 κοτε
816 601 1074 657 ἀνθρώπων.
1106 606 1192 645 νῦν
1213 604 1258 646 δὲ
1283 605 1575 659 διαβαίνωμεν
1596 604 1718 648 ἐπευ-

451 674 656 729 ,,ξάμενοι
682 676 797 715 τοῖσι
836 677 1002 727 θεοῖσι,
1046 673 1090 715 οἳ
1121 673 1316 727 Περσίδα
1344 676 1427 728 γῆν
1457 671 1720 728 λελόγχασι.“

452 861 529 898 νῦν
551 857 593 898 δὲ
614 857 881 909 διαβαίνωμεν
892 853 1059 903 ἐπευξά-

395 931 508 968 μενοι
526 920 629 955 τοῖσι
646 915 796 962 θεοῖσι]
813 915 947 949 Darius
959 926 1058 964 quo-

395 987 470 1024 que
492 975 531 1009 in
560 974 758 1023 Europam
778 969 1057 1020 transgrediens

395 1030 478 1068 Iovz·
503 1029 700 1067 diabaterz'o
729 1041 834 1064 aram
865 1027 1058 1063 constituit

394 1093 488 1123 teste
509 1086 632 1123 Ctesia
660 1087 701 1122 in
728 1085 890 1121 Persicc.
923 1085 959 1129 ξ.
993 1086 1058 1124 17.

395 1144 470 1179 Ubi
490 1156 569 1179 non
602 1144 708 1179 aliter
743 1148 856 1193 atque
878 1139 952 1177 hoc
971 1141 1056 1176 loco

395 1199 612 1236 Herodoteo
643 1197 891 1248 cogitandum
928 1196 975 1233 de
1012 1197 1057 1233 iis

395 1258 530 1304 sacris,
572 1269 669 1307 quae
700 1255 853 1291 Graecis
873 1254 1057 1290 solemnia

395 1314 512 1363 vulgo
533 1313 768 1350 vocabantur
796 1307 842 1349 τοὶ
867 1305 1055 1360 διαβατή-

397 1385 463 1421 ρια
480 1370 560 1406 scil.
583 1365 692 1420 ἱεροὶ,
733 1368 886 1404 felicem
921 1367 1056 1418 quibus

396 1427 596 1463 transitum
620 1438 640 1461 a
663 1424 730 1461 diis
756 1425 865 1461 nobis
885 1424 1059 1474 praeberi

398 1483 588 1530 volumus,
601 1495 673 1518 nec
694 1482 781 1531 ipsis
802 1482 924 1517 Persis
954 1481 1060 1516 inso-

395 1540 473 1587 lita,
495 1552 589 1591 quos
600 1551 753 1591 aquam7
764 1538 898 1575 fluvios
920 1538 1058 1573 eximie

395 1597 554 1634 coluisse
581 1595 801 1647 „iisdemque
835 1594 1059 1631 sacrificasse

395 1654 589 1693 novimus.
665 1651 751 1690 Vid.
792 1650 937 1688 Herod„
976 1651 1057 1697 Vll,

399 1712 491 1750 113.
519 1708 611 1749 114.
667 1706 848 1744 Kleuker.
879 1706 1056 1758 Append.

395 1765 445 1802 ad
478 1765 706 1802 Zendavest.
733 1766 787 1800 III
817 1777 904 1816 pag.
935 1762 988 1805 24
1021 1770 1058 1801 et

394 1835 493 1875 quae
523 1822 570 1859 de
605 1823 676 1858 illis
706 1823 818 1858 sacris
852 1823 892 1857 in
926 1821 1057 1857 flumi—

392 1892 488 1916 num
517 1880 676 1915 transitu
703 1878 785 1914 fieri
813 1879 928 1915 solitis
949 1878 1057 1914 attuli

393 1935 442 1973 ad
464 1936 609 1973 Ctesiae
629 1936 809 1985 fragmm.
831 1947 918 1986 pag.
935 1933 1027 1975 147.

452 1993 491 2031 οἳ
521 1993 701 2045 Περσίδα
729 1994 806 2044 γῆν
837 1989 1059 2043 λελόγχασι]

395 2049 420 2085 i.
443 2062 475 2085 e.
510 2049 584 2090 Qui
611 2049 802 2086 Persarum
835 2052 965 2085 terram
988 2061 1061 2084 sor-

396 2107 458 2141 titi
480 2109 573 2142 sunt.
632 2106 758 2155 Vulgo
787 2104 871 2152 τοὶ,
911 2103 1017 2155 quod
1038 2117 1059 2140 e

397 2162 617 2198 Florentino
650 2162 807 2213 aliisque
837 2160 949 2198 codd.
971 2174 1061 2197 cum

398 2218 528 2255 Struv.
552 2219 665 2268 Spec.
688 2219 838 2262 Quaest.
863 2217 1005 2254 Herod.
1029 2219 1059 2264 Ι,

397 2287 482 2325 pag.
518 2276 567 2313 10
597 2275 744 2309 mutavi
771 2275 808 2309 iu
840 2273 889 2312 οἵ.
949 2273 1060 2318 Quod

398 2344 487 2367 vero
524 2329 640 2366 iidem
669 2331 753 2366 libri
788 2329 930 2366 liabent
955 2328 1060 2380 Πέρ-

397 2398 480 2434 σας,
502 2387 697 2437 vulgatam
718 2388 921 2423 lectionem
953 2389 1060 2436 Περ-

397 2444 488 2483 σίδα
520 2446 596 2494 γῆν
636 2456 684 2479 ex
723 2444 1059 2493 interpretamento

400 2507 524 2537 ortam
537 2513 616 2536 esse
637 2501 846 2549 suspicatur
859 2497 1061 2547 Schweig-

397 2556 615 2593 liaeuserus.
673 2557 724 2592 At
763 2555 941 2608 equidem
973 2556 1058 2592 vul-

397 2621 485 2664 gata
506 2614 616 2650 lectio
648 2611 749 2649 haud
777 2613 853 2650 scio
886 2625 933 2648 an
974 2624 1059 2647 ma-

398 2671 455 2720 gis
477 2670 677 2707 conveniat
698 2670 814 2706 verbo
835 2665 1058 2720 λαγχάνειν,

398 2734 519 2763 terrae
575 2727 794 2762 nominibus
834 2726 1059 2776 plerumque

398 2783 527 2820 iuncto
542 2784 653 2820 simili
663 2783 935 2833 significatione
946 2789 1060 2833 atque

398 2839 501 2890 apud
521 2838 792 2892 Thucydidem
813 2840 860 2888 ΙΙ,
883 2837 936 2880 74
959 2837 1058 2889 ἔχειν

1117 863 1154 893 et
1176 855 1279 907 apud
1297 857 1466 900 Latinos,
1487 855 1611 904 colere,
1644 854 1780 904 habere,

1113 920 1271 950 notante
1290 912 1580 960 Valckenaerio‚
1611 913 1677 964 qui
1698 913 1781 948 He-

1114 969 1298 1007 rodotum
1326 971 1366 1006 in
1399 970 1536 1006 talibus
1566 969 1616 1005 ait
1644 975 1782 1020 poeta-

1114 1040 1201 1063 rum
1228 1040 1336 1063 more
1364 1040 1442 1063 esse
1470 1027 1656 1075 locutum,
1689 1025 1780 1066 coll.

1114 1082 1313 1120 Theocrit.
1333 1084 1435 1130 XVI,
1457 1085 1524 1124 88.
1547 1083 1629 1131 VH,
1655 1085 1749 1123 103.

1114 1142 1291 1192 Namque
1338 1142 1474 1176 Noster
1520 1138 1582 1176 hic
1623 1144 1778 1190 quoque

1114 1198 1350 1233 Graecorum
1368 1209 1476 1232 more
1485 1196 1707 1248 loquentem
1718 1195 1780 1231 fa-

1113 1255 1164 1290 cit
1200 1255 1373 1290 Xerxem
1405 1266 1470 1300 ea,
1501 1265 1599 1304 quae
1631 1264 1653 1288 a
1680 1253 1779 1288 Per-

1113 1323 1243 1347 sarum
1263 1311 1443 1347 institutis
1474 1310 1597 1345 aliena
1617 1307 1779 1346 videan-

1113 1373 1196 1413 tur3
1229 1368 1356 1418 qualia
1375 1364 1479 1402 haud
1499 1378 1621 1416 pauca
1641 1377 1779 1402 occur-

1115 1430 1204 1459 runt
1242 1425 1283 1459 in
1313 1421 1495 1474 Aeschyli
1525 1423 1655 1459 fabula
1675 1422 1779 1459 cele-

1114 1480 1301 1527 berrima,
1345 1493 1442 1531 quae
1472 1480 1674 1517 Persarum
1702 1491 1779 1516 no-

1114 1538 1221 1573 mine
1249 1537 1486 1584 inscribitur,
1529 1543 1642 1589 atque
1675 1534 1779 1587 apud

1114 1595 1242 1644 ipsum
1270 1593 1524 1641 Herodotum,
1553 1600 1597 1629 ut
1622 1593 1779 1630 monui-

1115 1663 1202 1687 mus
1224 1649 1272 1686 ad
1290 1651 1371 1698 VII,
1397 1652 1447 1690 10
1480 1650 1518 1694 ξ.
1548 1648 1587 1688 4.
1609 1650 1647 1691 5.
1707 1648 1781 1695 Qui

1116 1708 1221 1743 enim
1249 1705 1302 1743 dji
1327 1707 1505 1743 tutelares
1525 1707 1692 1757 aliquam
1716 1719 1781 1742 re—

1114 1765 1271 1814 gi0nem
1290 1764 1493 1814 praecipue
1520 1764 1619 1799 tueri
1637 1769 1782 1813 putan-

1113 1827 1188 1868 tur,
1211 1832 1307 1871 quae
1330 1821 1418 1870 ipsis
1439 1821 1545 1871 quasi
1563 1826 1663 1856 sorte
1684 1820 1781 1856 obti-

1114 1878 1169 1927 git
1199 1878 1240 1912 in
1269 1878 1374 1913 varia
1393 1878 1585 1913 variarum
1604 1878 1781 1926 gentium

1117 1947 1162 1971 ac
1192 1934 1388 1970 civitatum
1419 1932 1681 1970 distributione
1701 1933 1781 1970 sive

1116 1992 1311 2028 sortitione
1338 1991 1437 2026 inter
1466 1989 1557 2026 deos
1584 1989 1703 2038 fact-21,
1752 1990 1782 2025 ii

1118 2046 1297 2084 dicuntur
1327 2054 1469 2084 terram
1489 2043 1698 2098 λαγχάνειν
1716 2046 1781 2082 in-

1118 2103 1243 2156 deque
1264 2116 1350 2140 eam
1372 2102 1484 2154 ἕχειν,
1506 2105 1532 2140 i.
1543 2116 1577 2140 e.
1597 2110 1727 2140 tenere
1737 2103 1780 2138 in

1116 2161 1350 2211 possessione
1362 2167 1476 2211 atque
1494 2159 1584 2196 inde
1595 2160 1693 2196 tueri
1711 2159 1781 2196 fir·-

1116 2230 1224 2253 mam
1244 2229 1287 2253 ac
1307 2217 1494 2253 stabilem.
1543 2216 1619 2264 Sic,
1642 2217 1715 2252 alia
1736 2222 1781 2252 ut

1114 2280 1286 2320 taceam,
1329 2273 1426 2309 Plat.
1455 2273 1495 2307 in
1523 2273 1628 2309 Tim.
1658 2286 1695 2323 p.
1725 2275 1779 2313 23

1113 2331 1162 2366 E.
1182 2342 1269 2380 pag.
1294 2330 1343 2370 15
1364 2327 1491 2365 Bekk.
1514 2328 1561 2365 de
1582 2330 1779 2379 Minerva:

1115 2382 1144 2436 ἢ
1164 2383 1238 2436 τήν
1257 2399 1296 2424 τε
1321 2383 1513 2436 ὑμετέραν
1526 2387 1620 2432 (scil.
1642 2382 1779 2434 πόλιν)

1115 2441 1183 2480 καὶ
1214 2437 1325 2492 τήνδ’
1354 2441 1476 2491 ἔλαχε.
1534 2444 1643 2479 Hanc
1663 2442 1780 2493 igitur

1115 2500 1350 2535 Graecorum
1378 2499 1600 2549 opinionem
1630 2498 1678 2535 de
1708 2496 1778 2535 diis

1115 2556 1336 2592 tutelaribus
1378 2556 1546 2607 aliquam
1579 2556 1778 2606 regionem

1114 2613 1250 2649 sortitis
1272 2612 1319 2649 ad
1340 2613 1471 2648 Persas
1493 2609 1779 2663 quodammodo

1114 2670 1334 2705 translatam
1346 2669 1547 2717 existimes,
1569 2667 1671 2720 apud
1683 2679 1778 2720 quos

1116 2727 1181 2777 qui
1203 2733 1386 2762 vocantur
1397 2724 1691 2775 AmscliaapanclS,
1712 2736 1778 2760 eos

1116 2781 1219 2819 haud
1259 2780 1503 2819 incommode
1551 2780 1626 2818 huc
1664 2781 1778 2818 traxit

1116 2837 1296 2876 Kleuker.
1326 2837 1366 2874 iu
1395 2837 1573 2889 Append.
1604 2835 1652 2874 ad
1672 2838 1778 2874 Zeu·
