1870 3249
334 210 1099 276 TERPSI=CHORE.V.
1306 240 1362 281 97

98 341 328 399 γράμματα
365 341 413 385 ἐν
449 346 512 402 τῷ
550 345 631 402 ἱρῷ
674 348 755 388 τοῦ
793 342 1067 398 ’Λπόλλωνος
1110 351 1190 391 τοῦ
1227 346 1362 406 Ἰσμη-
1419 361 1569 397 Apollinis
1584 363 1679 391 Isme-

1418 398 1472 432 nii,
1493 405 1621 433 quorum
1632 400 1696 433 epi-

99 412 198 453 νίου
217 409 263 453 ἐν
290 409 459 468 Θήβῃσι
486 414 585 468 τῇσι
605 415 814 456 Βοιωτῶν
843 413 910 457 ἐπὶ
932 416 1108 470 τρίποσί
1137 427 1224 459 τισι
1246 415 1361 472 {yne—
1417 431 1696 465 grammataliteris

43 569 145 608 hunc
165 584 244 608 esse
263 570 455 622 tripodem
475 579 590 624 atque
618 574 700 609 He-

41 626 239 665 rodoteum
248 629 330 665 vult
351 629 508 666 Siebelis
531 629 578 666 ad
594 630 700 666 Pau-

39 696 118 720 san.
150 684 176 721 l.
204 685 230 721 l.
251 698 340 735 pag.
370 686 437 727 35.
495 687 553 722 De
582 687 698 724 literis

38 739 177 791 tripodi
211 742 406 793 insculptis
446 741 544 779 nihil
583 743 699 795 quid-

38 806 154 848 quam
174 806 451 836 commemorat
479 801 698 848 Pausanias,

37 865 131 905 quas
166 854 383 892 Herodotus
410 869 451 893 se
480 856 617 893 vidisse
639 864 695 893 te-

35 916 176 958 statur,
210 924 392 963 quasque,
428 913 474 949 ab
498 912 694 950 Herodoto

35 979 131 1003 mox
150 968 298 1015 allatas,
327 981 348 1005 a
380 968 513 1006 dextra
534 969 582 1007 ad
612 971 695 1006 lae—

35 1036 124 1060 vam
164 1026 386 1074 processisse
426 1039 496 1076 pro
537 1028 693 1078 antiquo

32 1092 152 1128 more,
165 1079 268 1118 haud
287 1082 388 1118 male
407 1084 478 1118 viri
499 1082 600 1120 docti
628 1097 695 1120 su-

32 1137 236 1187 spicantur.
315 1139 398 1183 Quo
435 1141 562 1176 minus
605 1153 696 1177 cum

33 1193 77 1230 F.
106 1194 154 1231 A.
186 1194 303 1231 Wolf
325 1196 504 1246 Prolegg.
533 1195 582 1233 ad
610 1198 694 1233 Ho-

33 1262 128 1287 mer.
164 1263 252 1301 pag.
277 1252 358 1291 LV.
379 1252 575 1301 faciamus,
615 1254 694 1290 mi-

34 1313 158 1354 rante,
199 1307 303 1359 quod
341 1308 557 1347 Herodotus
597 1308 691 1348 haec

34 1363 308 1413 epigrammata
336 1365 386 1402 ad
419 1366 555 1403 Cadmi
586 1374 694 1404 aeta-

33 1425 113 1455 tem
138 1421 313 1471 proxime
336 1421 506 1472 retrudat
536 1430 574 1460 et
606 1425 690 1461 Ho-

32 1487 139 1512 mero
174 1477 293 1515 tribus
320 1486 530 1530 quatuorve
557 1482 691 1518 seculis

32 1533 234 1570 constituat
252 1536 398 1585 priora3
423 1537 552 1588 itaque
564 1539 691 1575 Hero-

32 1586 167 1626 dotum
199 1592 395 1630 contendit
415 1605 436 1629 a
454 1600 689 1631 monstrato-

32 1645 135 1683 ribus
154 1647 207 1683 sic
229 1646 409 1685 edoctum
427 1650 542 1687 fuisse
564 1658 601 1688 et
622 1664 689 1688 ac-

29 1709 138 1753 cepta
166 1716 237 1753 pro
266 1717 375 1742 more
393 1707 586 1756 retulisse,
617 1707 688 1745 de-

27 1765 183 1809 ceptum
200 1761 378 1799 inusitata
396 1763 593 1801 literarum
606 1765 688 1802 for-

26 1826 92 1851 ma
120 1828 192 1853 nec
218 1818 374 1868 ingenio
404 1821 492 1857 satis
529 1822 686 1858 subacto

27 1871 267 1910 instructum.
332 1876 436 1926 Ipsos
467 1890 598 1914 versus
638 1877 687 1915 ad

27 1928 222 1965 Homerici
247 1931 273 1966 i.
305 1943 339 1967 e.
370 1933 537 1970 cultioris
565 1935 687 1970 Ionici

26 1986 210 2022 sermonis
218 1986 471 2024 imitationem
478 1988 597 2026 factos
607 2003 686 2027 esse

26 2041 119 2088 vult,
142 2042 188 2078 ab
208 2043 300 2090 ista,
323 2056 420 2095 quae
441 2045 594 2094 feratur,
616 2060 686 2083 ve-

27 2102 165 2134 tustate
184 2098 405 2149 longissime
426 2100 686 2140 abhorrentes.

25 2152 237 2204 Tripodes,
280 2168 446 2207 quorum
476 2159 555 2195 iam
584 2158 688 2210 apud

23 2210 239 2248 Homerum
249 2212 427 2265 frequens
436 2216 582 2252 mentio
596 2229 688 2267 par-

24 2267 96 2303 tim
115 2266 165 2304 ad
195 2269 470 2319 supellectilem
503 2271 687 2310 domesti-

24 2335 110 2360 cam
119 2326 371 2375 pertinebant,
388 2329 512 2366 varios
533 2328 582 2366 ad
597 2343 686 2367 usus

23 2378 201 2428 adhibiti,
251 2384 391 2433 partim
437 2384 486 2422 ad
523 2399 685 2423 munera

22 2444 161 2487 sponte
178 2439 310 2476 amicis
331 2441 456 2478 oblata
476 2442 555 2480 sive
569 2456 685 2493 prae—

21 2494 101 2529 mia
120 2494 160 2530 in
180 2497 451 2535 certaminibus
473 2497 554 2535 dari
574 2500 685 2537 solita

20 2549 239 2588 victoribus.
299 2552 372 2598 Qui
395 2553 513 2592 iidem
533 2569 623 2592 cum
642 2557 682 2593 in

21 2618 126 2644 sacra
151 2608 340 2658 Apollinis
369 2612 599 2662 supellectili]
622 2626 684 2650 es-

21 2669 125 2711 sent,
156 2665 321 2703 crebrius
352 2667 399 2703 ab
421 2669 682 2720 antiquissimo

21 2717 113 2755 inde
132 2726 327 2772 tempore,
358 2726 582 2773 praesertim
610 2738 681 2762 an-

8 2784 12 2786 ’
21 2779 177 2826 tequam
186 2779 388 2816 simulacra
398 2779 573 2818 dedicare
585 2794 680 2818 con-

22 2840 210 2881 suessent,
240 2835 281 2871 in
310 2837 461 2888 templis
490 2838 679 2890 Apollinis

77 2887 299 2929 Hssnono'r.
328 2894 397 2930 111.

1422 465 1564 492 Cadmeis
1589 466 1697 500 [prout

1418 498 1574 526 Herodoto
1596 499 1695 530 visum

1420 535 1481 569 est]
1502 534 1628 571 scripta.

756 585 826 624 pro
886 573 1053 612 donariis
1119 577 1419 616 collocabantur.

757 631 929 676 Quorum
949 630 1039 669 hinc
1061 645 1246 671 numerus
1265 641 1420 686 tempo-

754 700 842 724 rum
875 687 1054 742 decursu,
1091 697 1134 726 ut
1153 690 1217 739 fit,
1246 693 1419 730 maxime

754 745 892 792 crevit3
922 745 1027 782 unde
1045 746 1191 783 factum
1203 777 1212 795 ,
1233 755 1276 785 ut
1295 750 1418 785 Isme-

753 802 807 837 nii
827 802 1016 852 Apollinis
1035 804 1238 854 templum,
1268 806 1308 841 iu
1340 819 1418 857 quo

751 864 831 894 tam
850 859 963 895 multi
978 861 1225 897 servabantur
1236 862 1417 913 tripodes,

751 913 940 952 Pindarus
993 924 1147 966 xjocaret
1166 914 1179 921 “
1194 916 1418 956 thesaurum

750 971 946 1022 tripodum
957 985 1173 1021 aureorum,
1183 974 1335 1026 Pythio.
1346 977 1417 1024 XI,

750 1028 834 1065 init.
892 1028 978 1066 vid.
1001 1029 1214 1080 Spanhem.
1246 1031 1295 1068 ad
1325 1032 1416 1069 Cal-

750 1084 906 1122 limach.
935 1087 976 1121 in
996 1087 1080 1122 Del.
1113 1088 1165 1126 89
1194 1101 1233 1137 p.
1262 1088 1342 1129 451
1365 1090 1413 1126 Ε.

752 1148 790 1178 et
818 1142 1059 1193 potissimum
1081 1141 1283 1180 Thiersch.
1304 1146 1414 1196 Epo-

751 1196 850 1235 chen
883 1198 920 1236 d.
950 1198 1042 1236 bild.
1063 1200 1199 1248 Kunst‚
1221 1213 1310 1252 pag.
1335 1200 1414 1243 147

750 1254 811 1292 ed.
834 1256 895 1295 alt.
919 1254 1057 1307 (quem
1079 1255 1144 1294 Cr.
1166 1259 1288 1309 citat.)
1309 1257 1415 1296 Add.

750 1311 792 1349 C.
815 1313 861 1349 O.
884 1313 1034 1350 muller.
1053 1313 1095 1348 in
1114 1314 1257 1365 Bottig.
1277 1315 1415 1352 Ama]—

747 1367 837 1406 thea
856 1370 874 1424 l
899 1383 937 1420 p.
963 1371 1041 1410 123
1063 1382 1170 1422 seqq.
1203 1373 1283 1412 129
1304 1385 1414 1424 seqq.

804 1423 849 1465 ἒν
879 1428 933 1479 τῷ
959 1424 1032 1477 ἱρῷ
1060 1430 1133 1465 τοῦ
1165 1421 1416 1476 ’Λπόλλωνος

745 1483 822 1521 τοῦ
871 1478 1071 1533 Ἰσμηνίου
1125 1481 1167 1522 ἐν
1220 1480 1412 1540 Θήβῃσι]

745 1538 935 1589 Apollinis
965 1539 1123 1576 Ismenii
1149 1541 1342 1592 templum
1363 1541 1414 1579 ad

746 1593 922 1632 dextram
977 1594 1205 1633 Thebarum
1259 1605 1414 1649 portam

742 1652 817 1689 fuit
836 1654 1138 1700 exstructum‚in
1159 1654 1270 1703 colle,
1294 1668 1413 1707 quem

742 1710 1032 1759 praeterlabitur
1045 1711 1234 1748 Ismenius
1253 1713 1412 1750 rivulus.

743 1765 830 1803 Vid.
851 1767 1017 1803 Pausan.
1047 1767 1126 1814 IX,
1159 1769 1211 1806 10
1233 1769 1269 1814 ὅ.
1290 1771 1331 1809 2.
1367 1769 1412 1806 C.

744 1822 790 1859 Ο.
809 1823 960 1860 Miiller.
983 1821 1216 1860 Orchomen.
1244 1838 1284 1875 p.
1317 1823 1412 1865 148.

742 1876 824 1919 487
855 1879 940 1915 coll.
969 1878 1155 1915 Herodot.
1185 1880 1215 1926 I,
1236 1880 1313 1926 52,
1344 1881 1412 1917 ubi

743 1933 915 1970 eiusdem
935 1933 1037 1971 aedis
1067 1935 1224 1973 mentio.
1285 1936 1411 1981 Quem

742 1989 962 2040 Apollinem
986 1992 1196 2030 Ismenium
1214 2004 1236 2028 a
1261 1992 1408 2031 Cadmo

743 2045 1079 2099 Phoenicibusque
1133 2049 1294 2085 allatum
1340 2051 1408 2088 vix

744 2104 862 2140 alium
894 2117 973 2141 esse
1012 2102 1168 2141 credam
1198 2104 1315 2142 deum
1345 2114 1406 2144 at-

744 2173 820 2212 que
851 2161 1045 2197 Punicum
1064 2174 1212 2198 numen
1231 2163 1402 2201 Esmun:

744 2228 821 2269 quo
853 2216 1010 2269 quidem
1045 2218 1281 2256 salutiferam
1317 2221 1406 2258 solis

743 2274 823 2311 vim
845 2273 1053 2311 duodecim
1072 2276 1169 2312 coeli
1188 2277 1296 2327 signa
1314 2291 1405 2328 per-

741 2331 905 2368 meantis
925 2329 1147 2368 indicabaut
1168 2339 1204 2369 et
1215 2334 1404 2372 colebant.

740 2386 828 2424 Vid.
850 2388 1027 2441 Creuzer.
1050 2389 1227 2439 Symbol.
1247 2391 1285 2426 H
1312 2402 1404 2441 pag.

745 2444 823 2485 159
843 2457 924 2496 seq.
968 2445 1052 2489 Quo
1074 2444 1212 2482 eodem
1231 2454 1402 2497 spectare

739 2499 890 2537 videtur
917 2499 1307 2552 Daphnephoriorum
1342 2504 1403 2540 fe-

740 2563 854 2600 stum,
886 2570 992 2594 nono
1013 2571 1169 2610 quoque
1189 2572 1290 2597 anno
1311 2558 1401 2597 huic

739 2614 914 2664 Apollini
934 2615 1117 2651 celebrari
1136 2617 1306 2664 solitum,
1329 2630 1401 2652 an·-

738 2671 995 2722 tiquissimum
1033 2671 1129 2709 illud
1168 2673 1327 2725 quidem
1358 2673 1400 2709 iu

736 2725 926 2764 honorem
946 2728 1046 2776 solis,
1066 2736 1109 2765 ut
1123 2736 1257 2766 monet
1277 2729 1399 2765 Creu-

736 2797 813 2820 zer.
834 2784 902 2820 1.1.
923 2797 1012 2834 pag.
1039 2787 1139 2832 1613
1160 2798 1250 2822 nam
1265 2784 1314 2822 ad
1333 2797 1398 2823 so-

735 2840 813 2876 lare
851 2853 998 2877 numen
1039 2841 1197 2894 eiusque
1235 2843 1314 2879 vim
1352 2854 1397 2879 ac

1088 2899 1115 2937 7
