1815 3181
410 149 494 189 106

409 256 456 299 δὲ
493 255 678 306 τούτους
726 256 836 299 κατὰ
882 257 1111 304 θάλασσαν
1158 263 1359 307 πλοίοισι.

808 151 1270 191 HERODOTI

1428 264 1452 309 ὁ
1501 267 1581 322 μὲν
1617 263 1755 324 δὴῖο’

408 326 614 383 προσχών
642 326 684 377 ἐς
707 324 934 382 Φάληρον,
963 327 1044 383 τὴν
1073 329 1281 386 στρατιήν
1310 332 1520 389 α’πέβησε·
1562 335 1670 379 οἶδὲ

406 396 762 448 Πεισιστρατίδαι
789 395 1203 452 προπυνθανόμενοι
1231 403 1388 452 ταῦτα,
1419 400 1669 446 ἐπεκαλέον-

403 480 454 508 το
500 465 560 507 ἐκ·
591 463 828 518 Θεσσαλίης
867 463 1142 521 ἐπικουρίην·
1191 466 1418 525 ἐπεποίητο
1462 468 1549 525 γάρ
1586 482 1668 526 σφι

372 532 622 587 4συμμαχίη
662 529 775 584 πρὸς
815 531 993 584 αὐτούς.

1060 535 1274 578 Θεσσαλοὶ
1312 535 1358 578 δέ
1396 548 1474 592 σφι
1513 539 1664 592 δεομέ-

400 611 517 642 νοισι
549 597 827 654 ἀπέπεμψαν,
869 605 1000 658 κοινῇ
1038 601 1191 658 γνώμῃ
1220 601 1480 658 χρεώμενοι,
1522 607 1665 661 χιλίην

398 682 442 709 τε
477 669 635 718 ἵππον,
673 667 855 711 καὶτὸν
892 668 1071 724 βασιλέα
1110 670 1190 713 τόν
1227 669 1447 726 ,σφέτερον
1486 673 1720 730 Κινέην,75

399 733 541 789 ἄνδρα
571 739 807 779 Κονιαῖον·
843 735 948 787 τούς
976 737 1067 781 ἐπεί
1105 754 1150 781 τε
1179 738 1306 794 ἔσχον
1335 740 1588 797 συμμάχους
1619 743 1664 786 οἱ

368 806 770 859 5Πεισιστρατίδαι,
811 805 1074 862 ἐμηχανέατο
1113 805 1272 850 τοιοίδε.
1318 810 1537 863 κείραντες
1573 814 1664 854 τῶν

336 981 479 1019 confer.
501 981 548 1018 G.
569 982 781 1016 Hermann.
801 977 850 1016 ad
867 979 995 1030 Viger.

335 1053 374 1089 p.
404 1040 508 1085 722,
537 1045 574 1075 et
614 1037 681 1089 qui
709 1037 819 1087 plura
850 1035 996 1074 dabunt

333 1097 539 1145 Bergman.
568 1101 606 1130 et
628 1093 809 1130 Benseler
832 1092 881 1130 ad
910 1095 994 1130 Iso-

333 1159 425 1189 crat.
452 1153 644 1201 Areopag.
673 1162 758 1200 pag.
783 1148 875 1189 149.
900 1151 992 1192 150.

334 1231 384 1237 ——-
416 1210 511 1245 Mox
551 1208 696 1244 restitui
743 1203 928 1257 προσχεόν
969 1220 991 1244 a

331 1264 537 1303 Schaefero
565 1266 607 1301 in
634 1279 697 1313 πρ
712 1278 731 1301 o
745 1260 878 1312 ςσχών
899 1276 990 1306 ωας

329 1329 473 1367 tatumz,
503 1320 551 1358 de
581 1334 655 1373 quo
675 1319 754 1358 vid.
773 1327 870 1357 nott.
891 1319 939 1357 ad
957 1322 988 1369 I,

329 1381 369 1419 2.
390 1378 492 1416 Add.
514 1379 579 1417 VI.
611 1381 678 1420 33.

384 1468 515 1520 χιλίην
541 1483 583 1508 τε
612 1467 766 1516 ἵππον]
816 1465 986 1504 Thessa—

325 1525 382 1562 los
411 1539 503 1577 prae
535 1526 666 1562 ceteris
687 1525 838 1561 Graecis
874 1525 985 1576 equi-

325 1589 408 1619 tatu
444 1583 664 1619 excelluisse
701 1583 788 1618 satis
827 1587 984 1628 constat,

324 1639 406 1690 ipso
435 1646 530 1676 teste
558 1637 752 1675 Herodoto
785 1638 867 1685 VII,
893 1639 984 1677 196.

324 1693 536 1733 Larcherus
558 1697 696 1733 excitat
708 1693 905 1731 Theocrit.
925 1692 982 1732 Id.

323 1753 463 1799 XVIII,
494 1755 547 1793 50
568 1760 604 1789 et
626 1750 756 1790 Schol.
778 1750 826 1787 ad
847 1749 984 1787 Theo-

321 1810 403 1847 crit.
434 1810 546 1856 XIV,
578 1807 645 1850 48.
689 1807 810 1855 Suid„
847 1808 899 1848 T.
929 1808 983 1843 ΙΠ

319 1880 357 1917 p.
388 1865 482 1906 529.
539 1866 656 1902 Plura
682 1864 787 1901 dabit
807 1865 981 1901 Voemel.

319 1922 370 1960 ad
394 1921 642 1961 Demosthen.
678 1920 843 1972 Philipp.
878 1922 915 1956 H
944 1922 979 1966 ξ.

322 1977 373 2018 14
399 1993 436 2029 p.
468 1982 517 2019 21
550 1993 652 2031 seq.,
682 1979 749 2016 ubi
769 1977 852 2026 yid.
882 1991 980 2030 quae

318 2036 494 2072 citantur.
562 2037 655 2073 Mox
695 2049 764 2086 pro
804 2036 976 2086 βασιλῆα

319 2090 409 2129 dedi
428 2091 601 2143 βασιλέα.

374 2190 503 2245 ἄνδρα
516 2194 738 2242 Κονιαῖον]
778 2197 897 2235 Virum
910 2197 975 2235 Co-

316 2253 395 2299 nio,
433 2250 536 2303 quod
570 2250 762 2302 Phrygiae
791 2261 845 2290 est
865 2255 976 2304 oppi-

316 2307 411 2344 dum
428 2315 523 2345 teste
543 2309 666 2344 Plinio
679 2310 725 2347 H.
736 2312 782 2347 N.
795 2311 975 2360 XXXVI,

312 2364 405 2414 (32)
437 2363 491 2405 40
520 2371 633 2416 atque
653 2365 817 2405 Hierocl.
839 2369 876 2403 in
899 2368 977 2419 Sy-

314 2420 424 2459 necd.
456 2435 494 2472 p.
522 2424 623 2469 166,
654 2424 850 2471 oriundum,
886 2437 973 2460 cum

313 2477 504 2515 Larchero
517 2476 576 2514 hic
597 2479 807 2530 intelligere
828 2482 972 2529 malim,

315 2547 404 2572 cum
434 2536 539 2571 nulla
564 2533 675 2572 huius
709 2537 873 2573 nominis
894 2539 971 2574 sive

314 2593 417 2642 regio
437 2593 514 2629 sive
534 2593 621 2629 urbs
642 2606 709 2643 per
720 2592 970 2640 Thessaliam,

315 2656 501 2699 quantum
522 2648 698 2700 equidem
727 2651 826 2696 scio,
858 2664 970 2702 repe-

313 2705 442 2754 riatur,
459 2706 549 2757 quin
573 2718 657 2742 eam
676 2707 796 2757 ipsam
816 2707 864 2743 ob
877 2720 970 2744 cau-

313 2773 415 2809 sam,
473 2761 576 2814 quod
617 2764 814 2814 peregrina
853 2765 967 2815 stirpe

1052 989 1163 1020 natus
1192 983 1307 1020 fuerit
1327 982 1601 1021 Thessalorum
1634 997 1715 1033 rex,

1050 1037 1147 1077 haec
1178 1040 1314 1077 verba:
1358 1037 1488 1091 ἄνδρα
1521 1042 1717 1080 Κονιαῖον

1049 1096 1197 1134 adiecta
1225 1110 1304 1134 esse
1332 1099 1558 1134 existimem.
1594 1099 1715 1135 Wes-

1047 1154 1227 1205 selingius
1247 1155 1478 1205 cogitaverat
1499 1153 1546 1190 de
1566 1155 1665 1192 Gono
1683 1167 1712 1192 s.

1047 1211 1171 1248 Gonno
1210 1211 1251 1246 in
1280 1209 1531 1257 Perrhaebia,
1573 1223 1713 1262 quam—

1047 1280 1164 1319 quam
1176 1267 1344 1304 diversae
1363 1269 1570 1318 scripturae
1593 1274 1629 1304 et
1651 1266 1712 1303 di-

1045 1325 1143 1361 versi
1174 1325 1340 1361 nominis
1369 1325 1520 1375 gentilis
1558 1331 1595 1360 et
1630 1324 1711 1375 ipse

1042 1379 1149 1418 haud
1175 1383 1393 1419 immemor.
1458 1382 1558 1417 Nam
1589 1381 1710 1417 Grae-

1044 1439 1096 1475 cis
1126 1439 1387 1490 scriptoribus,
1430 1437 1612 1475 Straboni
1651 1438 1709 1474 IX

1041 1508 1080 1545 p.
1098 1494 1179 1535 440
1199 1509 1229 1532 s.
1250 1509 1287 1546 p.
1303 1496 1439 1537 6723.
1469 1495 1705 1543 Ptolemaeo,

1042 1551 1228 1602 Stephan.
1258 1554 1354 1604 Byz.
1386 1551 1449 1602 (p.
1469 1551 1579 1601 276)
1611 1552 1705 1599 aliis,

1039 1607 1156 1645 modo
1198 1606 1346 1656 Γόννος
1385 1607 1548 1653 dicitur,
1587 1607 1706 1645 modo

1043 1668 1080 1703 Γ
1075 1662 1204 1713 όννοι,
1244 1665 1348 1702 unde
1368 1665 1487 1703 Gonni
1514 1663 1617 1714 apud
1635 1665 1705 1701 Li-

1039 1723 1147 1759 vium
1177 1724 1359 1768 XXXVI,
1393 1724 1457 1761 10.
1486 1722 1606 1768 XLII,
1628 1719 1702 1768 543

1040 1792 1139 1831 quae
1151 1780 1280 1816 civitas
1290 1769 1348 1816 aff
1348 1779 1593 1828 septemtrion
1599 1777 1699 1813 alem

1038 1837 1158 1872 Penei
1189 1837 1312 1887 ripam
1340 1836 1433 1882 sita,
1463 1834 1530 1870 ubi
1549 1834 1701 1884 Tempe

1035 1894 1224 1943 incipiunt
1241 1906 1284 1929 eo
1304 1894 1407 1936 loco,
1429 1891 1490 1927 cui
1508 1903 1613 1926 nunc
1626 1903 1700 1926 no-

1036 1963 1126 1986 men
1145 1951 1289 2001 Goniga
1299 1963 1327 1986 s.
1341 1948 1498 1987 Gonusa.
1527 1945 1700 1984 Wachs-

1035 2005 1185 2043 muthio
1206 2007 1355 2043 Hellen.
1373 2001 1651 2043 Alterthumsk.
1667 2003 1697 2050 l,

1036 2066 1053 2102 1
1087 2077 1174 2114 pag.
1205 2065 1296 2109 129,
1327 2061 1558 2113 probabilius
1587 2058 1697 2096 vide-

1030 2126 1092 2155 tur
1119 2122 1246 2170 legere
1271 2121 1487 2163 Γονναῖον,
1510 2129 1626 2168 quam
1648 2115 1696 2152 de

1030 2174 1221 2228 Phrygiae
1243 2173 1382 2226 oppido
1404 2175 1582 2224 cogitare.

1089 2231 1345 2282 ἕμηχοινέατο]
1378 2232 1460 2267 Ηοο
1474 2235 1692 2281 suspectum

1031 2289 1180 2326 videtur
1198 2287 1400 2334 Matthiae,
1432 2300 1507 2339 quo
1538 2291 1692 2322 auctore

1032 2346 1239 2397 legendiun
1290 2345 1351 2382 vel
1401 2339 1690 2395 ἐμεμηχανέατο

1032 2402 1108 2450 (de
1135 2416 1210 2454 quo
1232 2401 1605 2453 plusquamperfecto
1639 2398 1686 2436 cf.

1031 2461 1202 2496 Οτι-«1111111.
1235 2460 1299 2496 Gr.
1329 2460 1365 2504 ξ.
1399 2458 1494 2499 505.
1523 2457 1592 2507 IV)
1625 2456 1686 2491 vel

1030 2513 1306 2566 ε’μηχανωάτο,
1337 2522 1378 2552 ut
1410 2510 1624 2563 ε’ττειρῶατο
1653 2513 1683 2559 l,

1027 2576 1092 2612 68.
1115 2575 1180 2612 76.
1238 2572 1417 2617 Quamvis
1435 2573 1541 2609 enim
1560 2572 1684 2606 Hero-

1027 2628 1116 2665 doto
1145 2630 1433 2681 frequententur
1460 2625 1682 2678 ἐβουλὲατο,

1027 2680 1228 2733 ἀπικέατο,
1250 2684 1442 2737 ἕγινέατο,
1462 2685 1533 2720 alia
1554 2685 1680 2720 istius-

1025 2763 1151 2812 modi,
1181 2765 1220 2801 in
1240 2766 1376 2817 quibus
1400 2775 1468 2814 pro
1496 2755 1679 2812 o—fiffipo-
