1815 3181
108 397 181 424 Post
200 397 300 424 reditu

108 431 250 458 Miletum
268 430 381 456 frustra

107 468 246 497 tentato,
268 472 333 490 cum

107 497 280 524 triremibus
307 497 382 523 Les-

106 531 162 558 biis
186 530 363 565 Byzantium

107 565 199 599 petit,
224 572 381 599 navesque

106 607 124 624 e
138 597 235 624 Ponto
254 599 378 625 venien-

106 635 152 659 tes
162 631 324 667 intercipit.

96 1465 218 1492 Interea
243 1465 311 1493 dum

96 1500 170 1527 Per
174 1500 365 1536 ammaum.
423 1479 491 1522 ἐπὶ
521 1479 567 1522 δὲ
595 1482 797 1537 Μίλητον
837 1478 975 1536 αὐτὴν
1015 1478 1218 1529 ναυτικὸς
1256 1477 1414 1530 πολλὸς
1453 1479 1526 1522 καὶ
1562 1479 1688 1532 πεζὸς

395 1541 485 1604 Ξῆν
515 1547 700 1602 στρατός
720 1546 1028 1603 προσδόκιμος.
1059 1546 1377 1630 συστραφέντες
1393 1545 1476 1602 γὰρ
1497 1548 1542 1590 οἷ
1559 1559 1687 1602 στρα-

96 1643 155 1669 que
187 1635 365 1670 adgrediun
420 1616 544 1670 τηγοὶ
583 1619 671 1658 τῶν
702 1615 929 1698 Περσέων,
967 1615 1040 1657 καὶ
1077 1616 1126 1657 ἓν
1162 1614 1422 1671 ποιήσαντες
1458 1615 1688 1669 στρατόπε-

95 1533 188 1567 copiis
206 1535 236 1561 in
254 1542 342 1561 unum

95 1568 240 1602 collectis,
260 1568 348 1595 Mile-

95 1604 156 1628 tum
180 1605 261 1628 terra
280 1602 365 1628 mari—

437 220 520 260 234

829 215 1285 252 HERODOTI

353 332 384 375 5
436 327 634 372 Ἱστιαῖον
656 325 722 376 δὲ,
752 323 908 378 ταύτης
939 322 1246 377 ἀποσφαλέντα
1274 326 1348 379 τῆς
1378 325 1562 374 ἐλπίδος,
1594 327 1749 367 Χῖοι45

436 400 623 450 κατῆγον
648 393 690 442 ές
718 393 936 446 Μίλητον,
967 389 1105 434 αὐτοῦ
1129 391 1333 435 Ἱστιαίου
1361 391 1600 448 δεηθέντος.
1649 394 1694 435 οἱ

413 465 492 507 Ξδὲ
531 460 763 516 Μιλήσιοι,
812 456 994 513 ἄσμενοι
1023 457 1366 515 ἀπαλλαχθέντες
1404 460 1478 502 καὶ
1503 458 1692 514 Ἀριστα-

437 532 594 587 γόρεω,
632 524 837 581 οὐδαμῶς
880 526 1107 584 πρόθυμοι
1142 522 1255 583 ἦσαν
1298 526 1434 570 ἄλλον
1470 527 1694 582 τύραννον

436 598 635 643 δέκεσθαι
666 596 708 645 ἐς
736 593 815 650 τὴν
843 594 1009 651 χώρην,
1040 593 1112 639 οἷοὶ
1137 610 1182 638 τε
1212 595 1464 649 ἐλευθερίης
1487 594 1690 651 γευσάμε-

433 673 543 708 3νοι.
580 664 653 707 καὶ
684 662 759 718 δὴ,
796 661 956 713 νυκτὸς
983 662 1068 717 γάρ
1101 663 1258 718 ἐούσης
1287 664 1361 718 βίῃ
1391 663 1590 716 ἐπειρᾶτο
1619 671 1747 706 noc-50

430 733 534 777 τιών
563 732 586 775 ὁ
624 730 822 781 Ἱστιαῖος
863 729 906 781 ἐς
935 730 1017 787 τήν
1045 733 1267 786 Μίλητον,
1295 729 1572 784 τιτρώσκεται
1611 729 1690 775 τὸν

402 799 573 857 4μηρὸν
598 797 685 842 ὑπό
715 813 792 842 τευ
817 802 904 841 τῶν
933 799 1176 855 Μιλησίων.
1212 796 1261 841 Ὁ
1288 798 1368 853 μὲν
1399 798 1452 854 δὴ
1486 797 1544 849 ὥς
1573 796 1689 842 ἀπω-

430 867 528 918 στὸς
555 870 630 922 τῆς
659 867 828 910 ἑωυτοῦ
866 867 1051 922 γίνεται,
1093 864 1337 910 ἀπικνέεται
1370 864 1510 909 ὀπίσω
1540 867 1582 918 ἐς
1609 867 1690 923 τὴν

432 938 562 979 Χίον·
595 936 800 979 ἐνθεῦτεν
831 934 898 986 δὲ,
931 933 986 978 οὐ
1013 932 1097 989 γὰρ
1118 934 1262 978 ἔπειθε
1290 934 1394 985 τούς
1415 936 1554 986 Χίους
1582 933 1690 979 ὥστε

428 1005 574 1058 ἑωυτῷ
605 1004 763 1047 δοῦναι
791 1002 902 1054 νέας,
933 1002 1052 1058 διέβη
1083 1001 1126 1053 ἐς
1147 1001 1421 1058 Μυτιλήνην,
1450 1003 1522 1046 καὶ
1553 1003 1690 1047 ἔπεισε
1701 1012 1746 1045 55

426 1073 638 1128 Λεσβίους
667 1072 825 1115 δοῦναί
853 1072 898 1114 οἱ
923 1069 1037 1121 νέας.

393 1149 413 1181 5
429 1140 652 1196 τριήρεας,
683 1139 837 1183 ἔπλεον
856 1138 945 1195 ἅμα
969 1137 1154 1194 Ἱστιαίῳ
1176 1138 1220 1189 ἐς
1242 1139 1500 1192 Βυζάντιον·
1531 1139 1690 1184 ἐνθαῦ-
1743 1134 1815 1177 441

1082 1070 1126 1112 οἱ
1154 1070 1223 1122 δὲ,
1252 1069 1556 1127 πληρώσαντες
1575 1069 1692 1115 ὀκτώ

424 1226 475 1251 τα
506 1208 551 1251 δὲ
581 1207 789 1262 ἱζόμενοι,
820 1206 897 1258 τοὶς
926 1207 974 1250 ἐκ
1001 1210 1080 1250 τοῦ
1104 1205 1281 1249 Πόντου
1301 1206 1582 1258 ἐκπλωούσας
1601 1211 1690 1251 τῶν

425 1280 538 1319 νεῶν
566 1275 840 1332 ἐλάμβανον,
870 1274 986 1331 πλήν
1013 1273 1043 1330 ἢ
1072 1273 1171 1318 ὅσοι
1201 1273 1348 1318 αὐτῶν
1373 1273 1555 1332 Ἱστιαίῳ
1586 1275 1688 1331 ἔφα-

424 1355 506 1386 σαν
536 1343 700 1398 ἑτοῖμοι
730 1341 842 1387 εἶναι
870 1344 1106 1386 πείσεσθαι.
1698 1353 1745 1386 60

338 1403 371 1447 6
507 1408 705 1463 Ἱστιαῖος
735 1412 814 1468 μέν
834 1427 918 1454 νυν
933 1427 1005 1454 και
1016 1414 1312 1466 Μυτιληναιοι
1339 1410 1516 1454 ἐποίευν
1535 1415 1686 1455 ταῦτα.

420 1685 522 1734 δον,
549 1682 747 1740 ἤλαυνον
769 1683 840 1727 ἐπὶ
866 1682 948 1739 τήν
972 1685 1192 1739 Μίλητον,
1222 1681 1276 1725 τοὶ
1306 1681 1415 1726 ἄλλα
1443 1686 1743 1740 πολίσματα65

363 1914 496 1966 φέρων
516 1911 559 1953 δὲ
592 1914 706 1965 ἐνεχ
723 1928 740 1952 ε
758 1914 892 1966 ἰρισε
922 1913 1023 1951 vidi-

362 1985 447 2008 mus
462 1971 511 2009 ad
530 1972 576 2019 V,
598 1970 664 2013 55.
700 1971 795 2008 Mox
819 1969 908 2007 dedi
927 1966 1023 2009 τού-

363 2043 441 2067 των
456 2041 524 2079 pro
544 2026 716 2067 τουτέων
736 2035 773 2065 et
794 2027 940 2080 ἐγίνετο
952 2040 1022 2078 pro

363 2083 525 2136 ἐγένετο,
565 2083 668 2136 quod
688 2083 823 2124 Matth.
855 2085 1022 2122 retinuit.

364 2140 531 2178 Bekker.
548 2140 650 2178 dedit
663 2139 828 2193 ἐγένετο,
847 2140 915 2179 sed
929 2153 1024 2178 mox

365 2196 477 2235 habet
495 2200 679 2251 κατῆγον.

616 2301 709 2351 Cap.
729 2301 777 2338 V.

419 2369 631 2419 κατῆγον]
678 2370 735 2406 Ita
774 2380 865 2405 clun
903 2367 1021 2405 Gaisfi

364 2422 477 2461 edidi,
498 2423 734 2472 Schaeferus,
756 2438 872 2476 quem
883 2421 1020 2460 Matth.

364 2481 550 2531 sequitur,
582 2494 604 2517 e
632 2481 780 2519 duobus
800 2480 912 2519 codd.
935 2479 1019 2517 edi-

365 2535 470 2573 derat
490 2534 727 2590 κατήγαγον.
758 2537 868 2575 Idem
888 2544 925 2574 et
943 2535 1017 2574 hoo

361 2606 442 2643 cap.
477 2600 513 2630 et
535 2596 707 2646 sequenti
728 2593 884 2631 exhibui
911 2587 1018 2644 ἦσαν

362 2662 428 2699 pro
460 2648 561 2688 ἕ.σαν
623 2650 685 2688 Ad
725 2650 908 2703 ἐπειρᾶτο
945 2665 1019 2689 κα·-

361 2719 456 2744 τιων
479 2708 580 2743 cons.
602 2708 663 2753 Vl,
685 2709 723 2747 9.

418 2760 472 2809 ως
522 2759 705 2810 ἆπωστδς
752 2765 824 2813 τῆς
867 2762 1020 2802 ἑωυτοῦ

361 2817 534 2867 γίνεται]
564 2820 589 2856 ἰ.
613 2833 644 2858 e.
666 2821 852 2857 reiectusa
870 2832 937 2857 sua
950 2832 1017 2870 pa-

1079 1915 1174 1962 tria,
1210 1913 1348 1964 pulsus.
1410 1911 1474 1950 Ad
1505 1913 1741 1951 locutionem

1078 1971 1310 2020 Wesseling.
1327 1970 1416 2007 citat
1436 1968 1618 2021 Sophocl.
1631 1971 1740 2008 Aiac-

1082 2026 1203 2068 1044.
1244 2026 1378 2077 Oedip.
1419 2028 1515 2078 Tyr.
1557 2026 1653 2068 649.
1684 2049 1736 2056 ——-

1079 2083 1142 2121 Ad
1165 2085 1280 2120 verba
1311 2079 1408 2123 ὥστε
1437 2083 1570 2138 ἑωυτῷ
1595 2085 1739 2123 δοῦναι

1079 2139 1174 2186 νέας
1191 2140 1292 2177 conf.
1313 2138 1448 2178 Matth.
1474 2141 1540 2177 Gr.
1562 2141 1627 2176 Gr.
1646 2152 1736 2190 pag.

1082 2199 1204 2238 1038.
1234 2219 1290 2224 —-
1318 2198 1363 2232 In
1391 2196 1457 2234 fin.
1487 2209 1570 2247 cap.
1603 2192 1738 2236 αὐτῶν

1081 2252 1170 2290 dedi
1188 2266 1257 2304 pro
1277 2247 1443 2292 αὐτέων.

1320 2376 1413 2427 cap.
1433 2376 1497 2415 VI.

1131 2472 1184 2529 ἦν
1209 2501 1258 2507 —-
1280 2473 1571 2529 προσδόκιμος]
1621 2477 1733 2515 Conf.

1073 2535 1118 2582 V,
1142 2538 1233 2576 108.
1293 2534 1354 2572 Ad
1374 2535 1534 2572 verbum
1562 2544 1732 2585 συστρα-

1075 2590 1214 2641 φέντες
1252 2590 1499 2641 (conglobati,
1538 2589 1733 2638 coniuncti)

1075 2648 1176 2685 conf.
1193 2650 1262 2696 lx,
1285 2650 1347 2694 18,
1372 2648 1438 2684 ubi
1459 2647 1623 2685 wessel.
1641 2647 1731 2683 citat

1074 2706 1144 2751 IX,
1174 2707 1241 2745 61.
1275 2703 1434 2742 Diodor.
1458 2705 1531 2751 ΙΙΙ,
1562 2705 1614 2743 36
1642 2703 1729 2739 coll.

1074 2762 1157 2799 Liv.
1176 2761 1276 2809 VIII,
1300 2764 1364 2801 11.
1392 2783 1441 2788 —
1465 2754 1731 2811 στρατόπεδον

1074 2819 1260 2855 exercitum
1279 2815 1436 2861 indicat,
1456 2823 1499 2854 ut
1513 2818 1559 2865 V,
1585 2816 1674 2857 112.
