1806 3181
397 160 481 201 772
801 160 1257 198 HERODOTI

397 266 546 324 ἀρχὴν,
587 265 659 309 καὶ
689 266 1046 321 παρεσκευάδατο
1081 268 1141 319 ὣς
1170 267 1466 325 ἀπολεόμενοι.
1524 265 1650 315 οὗτοι
1788 281 1803 328 ,j

367 335 479 392 ὅμὲν
517 334 570 390 δὴ
598 338 734 378 ταῦτα
763 334 1000 391 ἐφρόνεον
1043 339 1086 380 οἱ
1119 337 1164 380 δὲ
1193 335 1306 393 ἀμφὶ
1331 337 1552 382 Ἐπιάλτεα
1581 340 1654 382 καὶ
1788 329 1803 349 '⁵

389 401 601 456 Ὑδάρνεα
647 402 814 456 Πέρσαι
854 405 1043 447 Φωκέων
1083 405 1161 460 μὲν
1191 404 1349 449 οὐδένα
1377 405 1512 462 λόγον
1540 405 1711 450 {noc-25

396 473 534 520 εὖντο,
567 470 610 512 οἷ
639 469 684 512 δὲ
704 470 963 525 κατέβαινον
991 473 1040 516 τὸ
1072 475 1208 527 οὐρος
1237 473 1347 516 κατὰ
1377 474 1518 529 τάχος.
1801 518 1806 523 ,

481 541 607 580 Τοῖσι
637 537 684 580 δὲ
713 538 759 581 ἐν
792 539 1100 597 Θερμοπύλῃσι
1133 540 1255 584 ἐοῦσι
1279 540 1509 597 Ελλήνων,
1543 544 1656 597 πρῶ-
1787 532 1806 623 i

394 622 474 649 τον
502 605 581 661 μὲν
617 603 640 648 ὁ
670 607 823 662 μάντις
861 609 1109 663 Μεγιστίης,
1141 607 1296 651 ἐσιδών
1326 609 1367 660 ἐς
1395 608 1448 652 τοὶ
1481 609 1578 664 ἱροὶ,
1618 609 1658 653 ἔ·
1794 623 1803 667 j,

394 684 535 729 φρασε
563 672 641 716 τὸν
668 674 880 729 μέλλοντα
910 676 1084 719 ε’σεσθαι
1113 675 1201 731 ἅμα
1230 675 1306 732 ἠοῖ
1340 689 1421 733 σφι
1449 676 1657 720 θανατον·
1668 683 1716 717 30
1783 670 1806 734 {4

394 741 486 785 ἐπεὶ
517 741 563 785 δὲ
599 742 675 786 καὶ
707 741 946 799 αὐτόμολοι
987 743 1116 801 ἤϊσαν
1146 745 1188 787 οἱ
1226 744 1540 800 ἐξαγγείλαντες
1570 747 1659 787 τῶν
1788 764 1806 837 ’ἒ

397 808 603 865 Περσέων
641 808 722 866 τήν
758 813 988 865 περίοδον·
1030 807 1154 856 οὗτοι
1185 813 1263 866 μὲν
1297 812 1358 855 ἔτι
1386 813 1544 863 νυκτὸς
1567 810 1677 868 έσή-’

235 550 335 595 219

66 614 195 654 Cognita
208 614 338 641 tramitis

67 648 249 687 proditione,
259 648 334 675 Leo-

65 682 151 709 uidas
170 690 319 708 Soclorum

65 717 226 754 plerosque
245 715 274 743 dj

66 749 179 779 mittit:

395 892 558 934 μῃναν·
599 879 737 933 τρίτοι
771 880 818 923 δὲ
860 880 903 922 οἱ
945 878 1261 936 ἡμεροσκόποι,
1313 877 1661 936 καταδραμόντες

365 943 481 989 Ξοῖπό
511 948 599 988 τῶν
629 946 790 1001 ἄκρων,
815 947 898 1004 ἤδη
928 947 1248 1004 διαφαινούσης
1264 947 1438 1005 ἡμέρης,
1469 947 1662 990 ἐνθαῦτα

396 1013 698 1069 ἐβουλεύοντο
742 1016 786 1059 οἱ
806 1013 1028 1072 Ἕλληνες,
1087 1017 1162 1060 καί
1193 1027 1338 1072 σφεων
1372 1016 1584 1072 ἐσχίζοντο
1615 1015 1663 1058 αἱ

341 1191 473 1238 gnari3
524 1189 829 1240 Wesselingius:
860 1192 1005 1230 creden-

340 1250 412 1294 tes3
446 1247 580 1283 malim
612 1247 792 1298 equidem
820 1253 998 1298 putantes,

339 1305 579 1340 existimantes
600 1304 647 1340 ob
668 1305 784 1342 verba
804 1318 909 1357 seqq.
932 1321 1000 1358 αρ-

343 1374 419 1410 χην
452 1361 554 1396 valet
586 1364 730 1408 omnz'‚no
764 1375 933 1411 prorsus,
957 1369 999 1399 ut

343 1415 426 1462 VII,
446 1418 551 1463 220,
585 1430 634 1452 ne
660 1418 783 1467 plura.
836 1420 895 1454 De
912 1430 1006 1455 Ver-

343 1472 392 1507 bo
415 1466 678 1523 ἆπολεόμενοι
707 1473 809 1513 conf.
829 1482 927 1513 nott.
957 1474 1006 1511 ad

343 1529 551 1576 V11‚209.

402 1606 443 1646 οἷ
470 1603 522 1645 δὲ
539 1605 776 1658 κατέβαινον
797 1606 842 1648 τό
866 1603 1004 1661 οὖρος]

343 1665 401 1700 De
414 1664 600 1715 particula
613 1662 654 1703 δὲ
667 1664 764 1715 (sed)
784 1665 861 1706 vid.
871 1666 1008 1703 Matth.

345 1722 415 1760 Gr.
468 1720 535 1756 Gr.
580 1734 670 1771 pag·
717 1723 799 1763 582
839 1724 876 1768 ξ.
910 1725 1006 1770 289,

344 1778 413 1829 qui
441 1775 548 1813 idem
576 1779 612 1823 ξ.
648 1780 729 1818 378
757 1785 839 1816 not.
871 1781 894 1818 3
921 1792 1007 1829 pag.

346 1836 426 1874 697
449 1840 486 1870 et
508 1834 546 1879 §.
567 1833 662 1882 409,
683 1833 709 1873 4
728 1848 817 1886 pag.
845 1836 928 1876 747
961 1835 1008 1872 de

345 1897 532 1927 structura
595 1891 703 1928 verbi
753 1892 1009 1944 καταβαίνειν

345 1945 616 1988 consulendus.

535 2060 626 2112 Cap.
648 2061 820 2101 CCXIX.

405 2148 490 2189 ἐπεὶ
520 2148 562 2189 δὲ
595 2150 663 2190 καὶ
696 2148 911 2205 αὐτόμολοι
939 2149 1009 2204 ἤι’-

350 2207 442 2255 σαν]
472 2205 782 2256 Valckenaerius,
815 2223 931 2262 quem
950 2223 1012 2246 se-

350 2265 428 2300 cuti
448 2270 535 2300 sunt
554 2267 693 2314 posteri
726 2265 826 2313 edd„
849 2267 1013 2302 correxit

351 2318 416 2358 ἐπὶ
436 2317 498 2358 δὲε
523 2319 646 2357 deinde
666 2334 747 2358 vero
761 2351 771 2369 ‚
793 2335 881 2358 cum
901 2330 1012 2359 ante-

351 2375 461 2412 cedat
499 2379 657 2427 πρῶτον
701 2375 795 2428 μὲν,
844 2378 1013 2415 adverbii

351 2433 436 2469 loco
450 2431 662 2470 adhibitum
684 2448 752 2485 pro
766 2433 828 2474 ἐπὶ
841 2431 1011 2480 τούτοις.

352 2489 464 2526 Conf.
487 2490 550 2537 lv,
583 2490 648 2530 59.
669 2492 750 2539 vn,
773 2493 836 2531 92.
867 2493 935 2538 lx,
958 2489 1011 2531 35

353 2552 389 2582 et
419 2544 554 2582 Matth.
581 2547 646 2583 Gr.
670 2549 735 2589 Gr.
758 2549 795 2593 ξ.
824 2548 905 2589 594
924 2560 1012 2598 pag.

357 2604 487 2648 1189,
519 2603 584 2638 ubi
610 2604 877 2656 interpretatur
905 2605 1009 2652 dazu,

354 2659 563 2696 ausserdem.
593 2661 728 2699 Lamb.
758 2663 844 2698 Bos.
875 2663 931 2698 De
955 2662 1012 2697 el-

352 2714 436 2764 lips.
457 2716 501 2752 L.
523 2717 589 2752 Gr.
610 2731 648 2767 p.
670 2718 746 2758 491
773 2719 859 2755 coll.
876 2717 955 2758 364
977 2724 1014 2754 et

353 2771 534 2810 Observv.
556 2774 653 2811 critt.
673 2788 712 2825 p.
736 2774 799 2815 15.
831 2773 1012 2813 Seliaefe-

1060 1204 1123 1229 rus
1162 1190 1210 1228 de
1248 1204 1317 1229 suo
1365 1190 1522 1230 dederat
1555 1188 1719 1229 ἔπειτεν.

1057 1248 1264 1300 Equidem,
1281 1248 1385 1301 quod
1404 1249 1489 1285 libri
1517 1248 1646 1298 scripti
1661 1246 1719 1282 fe-

1057 1306 1216 1352 rebant,
1248 1306 1393 1342 restitui
1427 1303 1512 1344 ἒπεὶ
1539 1301 1594 1351 δὲ,
1615 1301 1720 1356 quod

1057 1375 1146 1398 cum
1166 1362 1282 1398 verbo
1302 1359 1424 1412 ἤϊσαν
1442 1361 1611 1412 protasin
1630 1372 1722 1396 con-

1062 1420 1203 1464 stituat,
1215 1419 1276 1454 cui
1296 1417 1522 1469 respondeat
1536 1415 1722 1468 apodosis‚

1062 1476 1247 1525 incipiens
1258 1488 1279 1511 a
1288 1475 1410 1511 verbis
1423 1473 1600 1513 ἐνθαῦτα
1608 1471 1723 1524 ἐβου-

1063 1528 1224 1570 λεύοντο
1237 1561 1247 1579 ,
1298 1530 1537 1568 distinctione
1573 1529 1722 1577 maiori,

1065 1601 1163 1638 quae
1174 1586 1240 1624 has
1252 1601 1364 1625 voces
1375 1586 1574 1634 antecedit,
1587 1585 1724 1623 deleta.

1066 1645 1192 1681 Verba
1213 1638 1325 1683 οὗτοι
1346 1641 1418 1695 μὲν
1441 1642 1495 1682 ἔτι
1514 1639 1656 1689 νυκτός
1684 1640 1725 1681 ἔ-

1067 1696 1253 1753 σήμῃναν
1265 1713 1332 1750 per
1352 1698 1594 1750 parenthesin
1618 1698 1726 1751 quasi

1065 1757 1187 1807 posita
1209 1757 1352 1807 accipio
1374 1763 1410 1793 et
1432 1755 1480 1792 ad
1491 1757 1606 1794 verba
1616 1768 1726 1807 seqq.

1065 1813 1189 1865 τρίτοι
1232 1810 1274 1851 δὲ
1314 1812 1355 1852 οἷ
1394 1809 1668 1863 ’ἡμεροσκόποι
1704 1824 1727 1847 e

1063 1870 1291 1920 praegressis
1343 1868 1528 1907 subaudio
1588 1865 1724 1919 ἤϊσαν.

1065 1927 1165 1964 Satis
1187 1933 1316 1962 autem
1336 1933 1472 1962 notum
1485 1932 1550 1973 est,
1571 1925 1611 1961 in
1624 1925 1725 1961 eius-

1063 1982 1170 2020 modi
1188 1981 1352 2033 periodis
1366 1984 1463 2020 iusto
1478 1982 1726 2032 longioribus,

1065 2052 1164 2091 quae
1201 2052 1222 2076 a
1241 2040 1426 2090 particula
1446 2037 1531 2079 έπεὶ
1559 2035 1602 2077 δὲ
1630 2038 1727 2074 inci-

1063 2098 1182 2147 piant,
1193 2109 1214 2132 a
1228 2096 1385 2133 librariis
1397 2097 1624 2147 plerumque
1634 2107 1728 2146 pec-

1070 2154 1160 2190 cari.
1184 2176 1234 2180 —
1256 2153 1402 2190 Vocem
1419 2152 1608 2204 περίοδον
1635 2149 1726 2187 hIno

1071 2209 1180 2246 affert
1202 2208 1338 2247 Suidas
1361 2224 1390 2247 s.
1409 2223 1448 2247 v.
1468 2209 1522 2245 111
1546 2219 1635 2258 pag.
1659 2208 1728 2247 90.

1069 2269 1127 2304 De
1146 2267 1347 2316 transfugis
1368 2265 1470 2302 conf.
1491 2262 1649 2302 Diodor.
1657 2263 1728 2311 XI,

1070 2326 1108 2371 8,
1131 2324 1196 2374 qui
1217 2335 1323 2359 unum
1344 2320 1460 2358 modo
1481 2321 1588 2358 novit
1606 2327 1726 2357 trans-

1068 2380 1213 2429 fugam.
1282 2377 1344 2415 Ad
1375 2378 1416 2417 οἱ
1456 2373 1729 2429 ημεροσκόποι

1069 2435 1146 2473 vid.
1181 2441 1275 2473 nott.
1307 2434 1355 2472 ad
1383 2436 1465 2483 VII,
1500 2436 1580 2476 182
1611 2440 1648 2470 et
1677 2430 1727 2469 ad

1069 2492 1184 2529 verba
1233 2486 1527 2542 διαφαινούσης
1574 2487 1727 2542 ημέρης

1069 2556 1164 2586 nott.
1189 2548 1236 2585 ad
1257 2549 1338 2597 Vll,
1359 2552 1455 2589 217.

1124 2605 1192 2644 καί
1211 2617 1343 2655 σφεων
1363 2604 1557 2655 ἐσχίζοντο
1569 2601 1614 2641 αἴ
1625 2600 1728 2654 yvoni-

1070 2662 1170 2712 μαι]
1208 2663 1233 2698 i.
1266 2676 1298 2698 e.
1334 2662 1469 2699 divisae
1507 2662 1611 2697 erant
1631 2660 1728 2708 ipso-

1069 2731 1146 2755 rum
1167 2721 1373 2756 sententiae.
1402 2718 1527 2768 Supra
1544 2716 1605 2763 Vl,
1623 2714 1726 2755 109:

1071 2774 1247 2827 ἐγίνοντο
1267 2775 1356 2826 δίχα
1382 2774 1427 2814 αἱ
1446 2774 1616 2827 γνῶμαι.
1682 2770 1727 2806 111
