1834 3258
0 1119 59 1165 03

437 205 910 246 POLYMNIA.
969 204 1073 241 VII.

1308 203 1392 243 587

129 319 209 375 ,,·ιῇ
238 314 528 372 διαχρεωμένη
556 314 584 371 ἡ
608 313 772 366 Ἑλλὰς,
801 313 881 370 τήν
908 328 953 357 τε
981 313 1137 368 πενίην
1173 309 1389 368 ἀπαμύνε-

101 392 232 438 2,,ται
259 383 333 427 καὶ
371 382 450 440 τὴν
493 382 779 439 δεσποσύνην.
839 380 968 425 αἰνέω
1001 380 1081 436 μέν
1109 396 1195 424 νυν
1222 379 1387 432 πάντας
1444 393 1522 437 551

127 451 359 508 ,ξἘλληνας
387 450 491 503 τοὺς
518 452 616 506 περὶ
645 449 934 502 κείνους’τούς
959 448 1192 503 Δωρικοϋς
1219 447 1390 504 χώρους

128 519 429 575 ,,οἰκημένους·
459 519 638 577 ἔρχομαι
662 520 709 564 δὲ
729 519 862 572 λέξων
884 515 938 562 οὐ
949 515 1237 569 περὶπάντων
1263 515 1390 560 τούσ-

127 589 202 640 ,,δε
241 587 347 640 τούς
385 587 563 645 λόγους,
604 586 714 633 ἀλλὰ
751 588 850 642 περὶ
886 585 1250 640 Λακεδαιμονίων
1286 583 1391 640 μού-

126 670 266 708 ,,νων·
296 659 447 711 πρῶτα
476 656 566 712 μὲν,
597 656 665 701 ὅτι
695 656 776 701 οὐκ
805 657 893 701 ἔστι
923 655 1036 705 ὅκως
1057 653 1156 698 κοτὲ
1178 652 1286 705 σούς
1315 653 1415 697 δέ’-1

128 724 304 776 ,,ξονται
337 724 493 781 λόγους
534 723 809 781 δουλοσύνην
847 724 1063 781 φέροντας
1109 723 1164 778 τῇ
1201 719 1389 766 Ἑλλάδι·

124 788 273 846 ,,αὗτις
303 793 373 846 δὲ,
407 792 465 844 ὠς
486 790 775 838 ἀντιώσονταί
803 809 873 836 τοι
892 791 934 843 ἐς
963 789 1127 847 μάχην,
1157 789 1231 833 καὶ
1261 789 1320 847 ἢν
1349 790 1393 833 οἷ

98 860 282 915 3,,ἰίλλοι
297 861 500 918 Ἕλληνες
527 862 685 913 πάντες
713 859 766 904 τὰ
787 859 841 904 σοὶ
863 858 1096 916 φρονέωσι.
1127 854 1327 915 ἀριθμοῦ
1343 857 1420 902 δὲό

126 930 273 985 ,,πέρι,

332 929 389 986 μή
439 931 563 987 πύθῃ
608 929 704 974 ὅσοι
740 928 853 980 τινὲς
901 927 1046 980 ἐόντες
1093 930 1232 971 ταῦτα
1277 926 1443 970 ποιέ-

127 1015 222 1052 ,,ειν
261 995 350 1042 οἷοί
394 997 440 1042 τέ
484 1000 588 1042 εἶσι’
639 997 696 1055 ἥν
732 1013 777 1042 τε
802 996 886 1053 γὰρ
923 996 1084 1054 τύχωσι
1123 995 1394 1049 ἐξεστρατευ-

129 1066 282 1123 ,,μένοι
308 1067 460 1124 χίλιοι,
493 1062 620 1111 οὗτοι
647 1065 916 1123 μαχήσονταί
944 1082 1034 1115 τοι,

126 1147 278 1189 ,,σονες
305 1134 495 1187 τούτων,
524 1134 581 1190 ἢν
612 1150 656 1178 τε
685 1135 759 1178 καὶ
787 1137 1007 1186 πλεῦνες.“

486 1200 671 1259 γελάσας
698 1203 818 1260 ζέφη·

127 1215 207 1256 σας
245 1201 427 1260 Ξέρξης,

1099 1064 1157 1121 ἥν
1194 1079 1238 1107 τε
1267 1061 1392 1106 ἐλάσ-

1069 1135 1220 1177 Ταῦτα
1252 1129 1393 1175 ἄκου’-

898 1199 1183 1257 ,,Λημάρητε,
1226 1197 1325 1244 οἷον
1352 1198 1388 1243 ἐ·
1405 1204 1449 1240 10

126 1270 348 1327 ,,φθέγξαο
375 1271 497 1324 ἔπος,
546 1270 715 1327 ἄνδρας
740 1272 908 1328 χιλίους
928 1272 1109 1325 στρατιῇ
1130 1271 1287 1327 τοσῇδε
1315 1284 1392 1324 μοι·

127 1337 390 1396 ,,χη’σασθαιέ
430 1339 528 1396 ἄγε,
568 1339 657 1384 εἶπέ
686 1356 776 1397 μοι,
807 1337 861 1384 σύ
892 1338 980 1398 φῂς
1008 1337 1181 1383 τούτων
1209 1341 1298 1382 τῶν
1317 1335 1395 1381 ἆν-

69 1523 323 1580 δεσποσύνην
346 1524 437 1563 hinc
458 1524 567 1563 affert
588 1526 729 1563 Gram-

67 1585 228 1622 maticus
246 1586 286 1622 in
306 1582 477 1621 Bekkeri
495 1582 670 1621 Auecdd.
690 1597 727 1635 p.

68 1643 135 1690 89,
161 1644 227 1682 12.

124 1694 219 1745 τούς
238 1695 329 1749 περὶ
350 1697 508 1745 κείνους
528 1694 622 1745 τούς
637 1700 731 1736 Λω-

71 1752 210 1806 ρικοῦς
225 1752 378 1806 χώρους
399 1754 657 1806 οἰκημένους]
672 1756 730 1791 De

69 1813 357 1862 praepositionis
409 1811 501 1863 περὶ
545 1825 618 1849 usu
653 1810 732 1850 vid.

71 1867 206 1905 Matth.
228 1870 294 1906 Gr.
317 1869 383 1905 Gr.
404 1881 493 1918 pag.
517 1870 636 1915 1176,
667 1869 733 1919 qui

71 1923 176 1961 idem
207 1925 243 1970 ξ.
275 1923 359 1966 482
383 1931 463 1961 not.
495 1927 522 1964 2
542 1937 630 1975 pag.
652 1927 732 1965 903

73 1980 327 2018 consulendus
347 1980 395 2018 ad
415 1982 532 2019 verba
555 1977 629 2020 ουίι
653 1980 733 2019 ἔστι

72 2034 189 2085 ὅκως.
246 2039 305 2074 De
336 2037 529 2075 locutione
572 2036 734 2090 ἔρχομαι

69 2093 194 2143 λέξων
214 2094 290 2133 vid.
312 2096 341 2142 I,
366 2092 457 2136 194.

127 2149 175 2191 τοὶ
196 2149 246 2191 σοὶ
270 2150 497 2204 φρονέωσι]
527 2151 553 2187 i.
577 2164 610 2187 e.
632 2151 733 2187 si—

71 2207 122 2245 nd
154 2212 236 2246 tuns
260 2212 383 2260 partes
423 2209 647 2254 accesserint,
698 2219 733 2244 se

71 2265 139 2302 tibi
169 2266 396 2304 tradiderint.
453 2267 512 2303 De
540 2265 733 2303 locutione

71 2322 172 2358 conf.
192 2324 238 2370 V,
259 2325 284 2363 3
305 2323 434 2375 ibique
455 2323 579 2370 allata,
600 2322 670 2370 IX,
692 2324 732 2361 2.

70 2377 266 2424 V11‚145.
290 2382 370 2420 172
404 2378 498 2429 (ubi
517 2394 564 2418 τα
584 2375 659 2431 ἆμε
668 2379 734 2417 ’νω

73 2435 267 2501 φρονειν)
298 2436 368 2483 ΙΧ,
400 2439 467 2477 99.
525 2435 588 2473 Ad
619 2448 733 2474 voces

74 2485 256 2541 αριθμοῦ
279 2491 368 2542 πέρι
388 2491 643 2530 couf.Mattl1.
665 2494 732 2530 Gr.

75 2547 141 2586 Gr.
175 2548 212 2592 §-
241 2546 323 2587 342
351 2547 417 2586 fin.
433 2562 521 2600 pag.
543 2550 621 2591 651
646 2550 733 2587 c.oll

74 2605 113 2649 ξ.
135 2605 214 2645 353
232 2603 298 2640 fin.
319 2617 406 2655 pag.
428 2608 522 2652 666,
545 2607 610 2657 qui
629 2606 732 2643 idem

75 2662 114 2705 §-
136 2659 216 2727 567
238 2673 325 2711 pag·
349 2664 455 2702 1118
476 2662 576 2701 con‘'.
595 2662 642 2699 ad
663 2675 734 2700 vo-

78 2729 138 2753 ces
174 2714 260 2756 όσοι
296 2713 401 2763 τινὲς
443 2713 573 2765 ἐόντες
611 2721 734 2758 ταῦτα

78 2770 227 2813 ποιέειν
249 2769 329 2813 οἶοί
354 2772 393 2812 τέ
416 2773 502 2812 εἰσι.

134 2830 181 2868 οὐ
187 2845 246 2870 τοι
283 2825 550 2882 μαχήσονται]
612 2832 642 2867 Χ
647 2831 734 2881 ulgo

787 1522 1037 1577 μαχέσονται.
1116 1522 1229 1570 Quod
1268 1520 1450 1575 equidem

787 1581 887 1631 dedi,
901 1583 1083 1620 iubebant
1090 1581 1177 1618 libri
1188 1580 1314 1632 scripti
1324 1592 1450 1633 quan-

785 1647 871 1677 tum
900 1641 978 1677 scio
1013 1652 1160 1677 omues.
1230 1638 1356 1689 Supra
1383 1637 1448 1684 IV,

789 1699 870 1738 127
899 1710 1033 1735 omues
1058 1697 1145 1733 libri
1173 1692 1448 1746 μαχησόμεθα,

788 1752 892 1805 quod
925 1767 1046 1806 aeque
1076 1751 1322 1790 retinendum
1335 1758 1450 1815 atque

786 1812 869 1858 VII,
896 1813 977 1851 209
1011 1810 1096 1859 (ubi
1125 1810 1243 1859 vulgo
1283 1803 1451 1858 μαχεσό-

789 1882 901 1919 μενοι
925 1874 961 1904 et
987 1865 1250 1918 μαχέσονται)
1279 1865 1378 1908 V‚m
1396 1865 1450 1903 25

789 1924 856 1960 fin.
913 1925 1014 1960 Hinc
1047 1924 1128 1970 VII,
1151 1925 1228 1963 103
1270 1917 1451 1972 μαχήσα-

792 1985 889 2019 σθαι
931 1977 1023 2032 (ubi
1050 1980 1166 2030 vulgo
1202 1977 1451 2028 μαχέσασθαι

790 2044 855 2074 aut
875 2034 1153 2088 μαχήσεσθαι)
1185 2049 1206 2071 e
1229 2035 1450 2072 Florentino

788 2095 946 2145 aliisque
966 2092 1067 2131 dedi.
1124 2094 1177 2129 At
1203 2094 1232 2140 Ι,
1258 2095 1350 2133 103.
1379 2092 1450 2140 ΙΧ,

789 2150 843 2192 46
866 2152 953 2188 coll.
975 2150 1028 2193 48
1047 2145 1322 2201 μαχεσάμενοι,
1343 2149 1450 2186 nulla

787 2208 959 2245 lectionis
979 2209 1158 2246 varietate
1173 2206 1352 2244 indicata.
1384 2206 1451 2243 Tu

790 2266 891 2304 conf.
911 2268 1136 2303 Buttmann.
1166 2265 1339 2301 Gramm.
1359 2262 1451 2300 mai.

788 2324 824 2359 ΙΙ
843 2337 882 2374 p.
907 2323 985 2364 185
1007 2330 1045 2360 et
1072 2319 1240 2359 Fischer.
1262 2319 1311 2358 ad
1335 2320 1452 2358 Wel-

787 2380 859 2417 ler.
887 2381 955 2426 III,
986 2392 1007 2416 a
1045 2391 1135 2430 pag.
1174 2381 1268 2419 131.
1293 2398 1346 2405 --
1376 2378 1453 2413 Pro

789 2435 961 2475 τουτέων
981 2442 1018 2473 et
1038 2435 1112 2473 hoc
1133 2441 1265 2486 cap.et
1277 2433 1453 2487 sequenti

790 2492 879 2530 dedi
908 2489 1076 2533 τούτων.

1019 2583 1112 2634 Cap
1135 2582 1232 2619 CIII.

849 2658 897 2700 σῦ
932 2659 1042 2714 φῄς]
1073 2662 1173 2698 Male
1204 2656 1398 2698 Schaefer.
1430 2669 1451 2693 e

793 2717 941 2755 duobus
961 2717 1074 2755 codd.
1109 2713 1158 2756 ου’
1189 2730 1284 2766 φης.
1343 2714 1449 2759 Quae

793 2782 921 2811 nutem
952 2777 1006 2811 vis
1035 2775 1123 2810 insit
1156 2775 1195 2810 in
1216 2771 1451 2841 pronominis

794 2831 1039 2882 repetitione·
1072 2827 1129 2869 συ“
1153 2826 1295 2881 φής-
1309 2824 1368 2868 συ
1393 2829 1451 2867 niv
