1789 3213
423 130 880 168 POLYMNIA
937 131 1035 167 VII.

1267 132 1352 172 675

101 242 289 298 Τηλίνην
327 241 459 296 ἔργον
495 238 810 284 τοσοῦτον·τά
837 241 1019 282 τοιαῦτα
1046 238 1130 294 γὰρ
1161 237 1264 294 ἔργα
1294 237 1349 282 οὐ

93 311 204 365 πρὸς
230 313 309 354 τοῦ
339 308 529 360 ἅπαντος
558 307 718 362 ἀνδρὸς
744 304 952 361 νενόμικα
979 307 1200 362 γίνεσθαι,
1241 305 1350 350 ἀλλὰ

91 379 201 434 πρὸς
236 380 374 433 ψυχῆς
403 392 447 420 τε
476 375 643 433 ἀγαθῆς
683 375 756 420 καὶ
792 375 939 430 ῥώμης
979 372 1210 430 ἄνδρηΐης·
1248 373 1272 418 ὁ
1304 374 1351 418 δὲ

91 446 257 501 λέγεται
283 444 398 523 ἶπρός
427 448 503 500 τῆς
533 445 736 501 Σικελίης
757 446 845 486 τῶν
874 440 1132 498 οἰκητόρων,
1171 441 1224 486 τοὶ
1251 440 1406 486 ’ὧτε-30

61 512 248 555 7ναντία
281 510 453 571 τούτων
488 513 728 568 πεφυκέναι
755 511 997 567 θηλυδρίης
1032 525 1078 553 τε
1107 511 1180 554 καὶ
1208 517 1350 567 μαλα-

91 578 287 635 κώτερος
324 579 475 639 ἁνήρ.
509 580 623 625 οὕτω
666 581 745 636 μέν
785 594 871 622 νυν
900 576 1106 634 ἐκτήσατο
1136 583 1270 623 τοῦτο
1300 579 1351 624 τὸ

0 657 27 702 4
89 647 234 703 γέρας.
291 647 553 705 Κλεάνδρου
590 648 637 693 δὲ
664 651 746 691 τοῦ
788 644 1044 703 Παντάρεος
1073 645 1351 704 τελευτήσαν-
1418 633 1431 661 ¹

133 766 157 799 ,θ
266 775 271 791 z

89 817 140 861 ου’
179 793 281 874 πρόἑ·
319 825 393 862 τοῦ
422 818 596 869 ἅπαντος
618 818 692 862 α’ν-

33 875 163 929 δρός]
223 878 498 916 Valckenaerio
538 886 691 916 auctore

30 936 93 973 vel
151 934 335 973 delendus
385 937 561 973 articulus
617 938 692 975 τοῦ

31 990 172 1043 (quum
182 993 222 1028 in
241 993 424 1030 similibus
435 993 690 1030 locutionibus

30 1049 126 1086 absit
144 1048 248 1099 apud
271 1048 413 1086 Athen.
442 1051 479 1085 Π
505 1063 542 1100 p.
566 1052 620 1091 68
639 1050 687 1086 A.

27 1106 187 1142 Lucian.
213 1106 249 1141 Π
276 1119 316 1156 p.
343 1107 437 1146 506.
468 1106 615 1143 Zenob.
643 1106 689 1153 V,

29 1164 98 1203 37.
127 1162 276 1199 Aelian.
291 1164 338 1200 N.
353 1163 517 1210 A.XI]1‚
535 1164 574 1202 9.
594 1161 691 1198 Phi-

28 1219 173 1258 lostrat.
205 1220 254 1257 V.
293 1218 461 1270 Sophist.
489 1221 535 1267 Π,
566 1222 615 1260 31
649 1220 687 1264 §-

29 1275 84 1325 2)
120 1276 183 1313 vel
219 1275 463 1313 scribendum
507 1271 556 1316 οὕ
587 1273 689 1327 πρός

28 1334 102 1371 τοῦ
126 1327 303 1380 ’πιόντος
329 1334 373 1382 [i.
397 1347 432 1371 e.
463 1334 536 1372 τοῦ
551 1330 691 1382 τυχόν-

27 1390 112 1437 τος]
128 1384 294 1442 οἷνδρός,
322 1396 365 1427 ut
384 1388 487 1440 apud
505 1388 688 1440 Sophocl.

29 1445 126 1483 Oed.
139 1447 235 1497 Tyr.
251 1445 346 1494 401,
357 1459 594 1499 quamquam
613 1445 687 1483 hoc

27 1503 142 1540 nimis
173 1510 353 1553 argutum
374 1516 465 1551 esse,
484 1505 611 1554 ipsum
626 1504 687 1539 vi-

27 1571 117 1596 rum
137 1559 294 1597 doctum
313 1558 419 1597 haud
429 1561 551 1596 latuit.
585 1560 688 1596 Mat-

27 1614 132 1653 thiae
157 1617 199 1653 in
230 1618 402 1654 Gramm.
435 1618 499 1654 Gr.
524 1618 561 1661 §.
591 1618 686 1663 316,

27 1671 66 1710 d.
86 1680 168 1711 not.
187 1686 276 1724 pag.
299 1676 382 1714 612
401 1672 439 1712 h.
457 1674 498 1718 l.
520 1673 689 1709 excitans

28 1731 155 1767 omisit
180 1730 359 1768 voculam
387 1732 482 1778 τοῦ,
511 1743 629 1781 quam
647 1729 689 1765 in

28 1785 194 1824 editione
214 1799 282 1823 sua
300 1788 400 1823 bene
428 1784 525 1823 mihi
544 1787 687 1822 retinu-

24 1843 96 1880 isse
105 1842 276 1891 videtur3
307 1844 447 1894 quippe
459 1844 564 1879 cuius
581 1842 687 1879 eiici-

28 1898 150 1936 endae
169 1900 274 1935 nulla
283 1900 380 1936 iusta
391 1906 546 1950 apparet
560 1910 684 1936 causa.

29 1955 89 1993 Cr.
117 1956 280 1993 conferri
311 1956 392 1993 vult
422 1954 619 1992 Heindorf.
637 1953 685 1991 ad

26 2013 179 2049 Platon.
215 2013 332 2062 Gorg.
368 2013 405 2058 ξ.
429 2015 509 2053 119
531 2026 567 2062 p.
592 2013 682 2052 181.

27 2069 94 2106 Tu
123 2067 212 2109 add.
252 2067 473 2105 Blomfield.
519 2069 685 2106 Glossar.

0 2172 1 2176 Ἰ
27 2123 76 2163 ad
113 2123 294 2177 Aeschyl.
331 2123 548 2176 Choephor.
589 2127 684 2166 692.

26 2202 82 2210 —
110 2182 256 2220 Vocem
275 2179 413 2233 ψυχὴν
434 2183 476 2219 de
497 2184 608 2220 am'mz‘
627 2183 685 2218 in-

26 2238 104 2276 dole
133 2240 291 2290 accipio.
312 2239 422 2278 Cous.
444 2240 510 2287 III,
541 2237 590 2279 14
608 2238 685 2274 ibi-

26 2308 102 2347 que
121 2302 217 2334 nott.
237 2317 294 2323 —
331 2298 376 2332 In
405 2309 511 2349 seqq.
532 2289 686 2335 τούτων

26 2351 117 2389 dedi
132 2364 201 2402 pro
226 2351 409 2392 τουτέων.

85 2406 109 2448 ὁ
132 2405 176 2447 δὲ
209 2406 358 2460 λέγεται
381 2404 481 2459 πρός
510 2410 580 2459 τῆς
610 2411 687 2447 Σι·

26 2464 160 2515 κελίης
184 2477 221 2503 κ.
243 2478 276 2502 τ.
301 2465 362 2513 L]
400 2465 612 2502 Verisimile
643 2464 685 2501 fit

26 2519 268 2559 Herodotum
293 2534 314 2557 e
341 2520 497 2559 Thuriis
524 2523 564 2558 iu
585 2522 685 2559 Sici-

15 2577 118 2615 ·liam
139 2590 291 2630 quoque
310 2578 382 2613 iter
399 2578 542 2625 fecisse,
564 2591 684 2629 quum

26 2635 224 2687 aliquoties
245 2634 393 2671 Siculos
412 2641 600 2670 memoret
628 2641 684 2670 te·

26 2697 111 2739 stes,
141 2698 183 2728 ut
202 2696 350 2742 praeter
369 2689 409 2727 h.
436 2691 461 2727 l.
482 2691 562 2737 VII,
587 2688 681 2730 165.

28 2750 120 2789 167.
142 2748 229 2786 coll.
255 2750 345 2788 170.
364 2748 428 2796 VI,
449 2746 516 2788 25.
536 2747 582 2794 V,
602 2745 682 2795 473

747 823 845 859 bene
875 821 1098 858 observante
1117 823 1244 873 Heyse
1271 822 1297 859 l.
1318 822 1344 859 l.
1363 836 1403 873 p.

749 880 828 918 139
850 879 933 915 coll.
952 876 1183 915 Dahlmanu.
1212 879 1252 914 in
1280 880 1406 916 Hero-

747 934 825 973 dot.
850 948 888 985 p.
921 934 973 975 55
1006 934 1100 983 (ubi
1127 948 1197 986 pro
1220 936 1281 983 VI,
1306 935 1401 976 165.

748 993 826 1031 170
854 1003 987 1042 repon.
1020 992 1130 1040 VII,
1172 991 1264 1032 165.
1306 991 1405 1042 170)

747 1053 783 1083 et
807 1050 898 1088 187.
930 1048 1191 1100 Quaecunque
1217 1049 1333 1098 igitur
1363 1050 1405 1085 in

744 1101 817 1139 hac
850 1105 1048 1141 Musarum
1077 1111 1185 1155 parte
1207 1103 1255 1140 de
1276 1105 1406 1142 Sicilia

745 1167 988 1209 enarrantur,
1019 1174 1063 1198 ea
1093 1160 1272 1198 credibile
1301 1168 1356 1199 est
1384 1175 1405 1198 e

742 1217 1020 1254 narrationibus
1047 1223 1127 1254 tam
1148 1219 1320 1268 ipsorum
1341 1218 1405 1255 Si-

744 1274 920 1310 culorum
958 1287 1075 1326 quam
1111 1273 1405 1324 Carthaginien-

742 1331 854 1378 sium,
876 1343 970 1383 quos
988 1332 1052 1367 ille
1071 1330 1292 1380 offenderit,
1331 1331 1405 1368 flu-

741 1388 855 1426 xisse.
913 1388 999 1425 Vox
1038 1387 1263 1440 θηλυδρίης
1294 1386 1406 1437 (effe-

743 1441 916 1494 minatus)
927 1445 1119 1481 invenitur
1139 1457 1292 1496 quoque
1302 1443 1405 1495 apud

741 1500 900 1539 Lucian.
931 1502 1029 1539 Dial.
1060 1502 1176 1538 Deor.
1206 1501 1240 1539 V
1271 1502 1308 1546 §.
1352 1503 1403 1542 13

743 1555 799 1606 (p.
826 1556 908 1605 13),
929 1558 996 1593 ubi
1023 1558 1168 1599 consul.
1188 1558 1342 1609 interpr.
1362 1570 1402 1609 p.

743 1615 823 1654 261
857 1614 907 1650 T.
926 1615 974 1653 H.
996 1615 1083 1665 Bip.

953 1703 1044 1754 oap.
1067 1703 1194 1741 cmv.

802 1778 1032 1833 Κλεάνδρου
1065 1779 1110 1820 δὲ
1137 1783 1210 1821 τοῦ
1239 1778 1401 1820 Παντά-

742 1852 831 1889 ρεος
850 1853 886 1876 κ.
906 1852 936 1876 τ.
961 1838 1025 1886 λ.]
1069 1839 1310 1888 Temporum
1338 1851 1402 1874 ra-

741 1896 862 1932 tiones
882 1895 934 1931 ita
952 1895 1040 1931 licet
1064 1896 1291 1931 constituere
1312 1907 1401 1931 cum

742 1952 785 1988 C.
796 1953 838 1990 F.
853 1953 1061 1988 Hermann.
1084 1950 1237 1988 Griech.
1252 1951 1401 1988 Staats-

742 2006 890 2045 alterth.
920 2009 955 2054 ξ.
978 2007 1030 2049 85
1050 2014 1130 2047 not.
1156 2007 1181 2049 5
1217 2007 1301 2058 (ubi
1320 2007 1400 2046 vid.

742 2066 903 2111 citata):
937 2064 1109 2102 Cleander
1138 2077 1238 2101 anno
1261 2064 1341 2105 505
1364 2077 1398 2101 a.

742 2120 832 2160 Chr.
862 2131 924 2167 n.3
968 2121 1205 2172 Hippocrates
1233 2120 1300 2170 (de
1322 2134 1398 2173 quo

741 2180 857 2215 etiam
876 2178 939 2225 VI,
959 2178 1032 2226 23)
1062 2176 1166 2225 4983
1195 2178 1282 2215 Gelo
1301 2176 1397 2225 491,

742 2236 807 2287 qui
824 2233 928 2270 idem
952 2233 1034 2275 485
1064 2247 1093 2271 s.
1114 2232 1197 2276 484
1228 2235 1399 2286 Syracu-

740 2304 798 2329 sas
828 2292 926 2342 cepit
954 2297 1203 2342 mortuusque
1231 2298 1285 2328 est
1313 2290 1397 2331 478

739 2349 944 2399 imperium
978 2348 1195 2399 relinquens
1235 2347 1396 2394 Hieroni,

739 2412 832 2443 teste
852 2403 1009 2442 Diodor.
1031 2405 1099 2452 XI,
1113 2407 1180 2445 38.
1227 2405 1306 2440 Nec
1326 2404 1397 2440 ali-

740 2469 798 2499 ter
827 2463 908 2498 fere
935 2459 1108 2497 Boeckh.
1141 2461 1313 2510 Explicc.
1347 2458 1396 2496 ad

738 2517 890 2557 Pindar.
912 2518 971 2554 Ol.
990 2519 1008 2553 I
1028 2531 1066 2567 p.
1082 2519 1172 2563 100,
1190 2518 1256 2567 qui
1277 2516 1395 2552 Gelo-

738 2589 830 2613 nem
865 2573 954 2611 inde
989 2574 1035 2609 ab
1077 2572 1230 2623 Olymp.
1262 2575 1328 2619 72,
1368 2574 1394 2611 2

738 2633 855 2670 Gelae
886 2637 922 2667 et
946 2627 1035 2666 inde
1066 2629 1112 2664 ab
1144 2629 1296 2679 Olymp.
1326 2629 1393 2673 73,

735 2689 762 2729 4
802 2700 922 2740 usque
963 2683 1012 2722 ad
1046 2685 1113 2732 75,
1143 2686 1166 2724 3
1199 2684 1393 2735 Syracusis

735 2757 910 2796 regnasse
947 2741 1066 2793 ponit.
1134 2741 1268 2794 Neque
1306 2746 1394 2777 aute

1032 2796 1116 2836 43*
