<?xml version="1.0" encoding="UTF-8"?>
<!DOCTYPE html PUBLIC "-//W3C//DTD XHTML 1.0 Transitional//EN"
    "http://www.w3.org/TR/xhtml1/DTD/xhtml1-transitional.dtd">
<html xmlns="http://www.w3.org/1999/xhtml" xml:lang="en" lang="en">
 <head>
  <title>
</title>
<meta http-equiv="Content-Type" content="text/html;charset=utf-8" />
  <meta name='ocr-system' content='tesseract 3.04.00' />
  <meta name='ocr-capabilities' content='ocr_page ocr_carea ocr_par ocr_line ocrx_word'/>
</head>
<body>
  <div class='ocr_page' id='page_1' title='image "./musaeherodoto03hero/musaeherodoto03hero_0706.png"; bbox 0 0 1806 3181; ppageno 0'>
   <div class='ocr_carea' id='block_1_1' title="bbox 282 227 379 272">
    <p class='ocr_par' dir='ltr' id='par_1_1' title="bbox 282 227 379 272">
     <span class='ocr_line' id='line_1_1' title="bbox 282 227 379 272; baseline 0.01 -1"><span class='ocrx_word' id='word_1_1' title='bbox 282 227 379 272; x_wconf 83' lang='lat'><strong>162</strong></span> 
     </span>
    </p>
   </div>
   <div class='ocr_carea' id='block_1_2' title="bbox 440 116 525 156">
    <p class='ocr_par' dir='ltr' id='par_1_2' title="bbox 440 116 525 156">
     <span class='ocr_line' id='line_1_2' title="bbox 440 116 525 156; baseline 0 -1"><span class='ocrx_word' id='word_1_2' title='bbox 440 116 525 156; x_wconf 83' lang='lat'><strong>690</strong></span> 
     </span>
    </p>
   </div>
   <div class='ocr_carea' id='block_1_3' title="bbox 842 109 1301 151">
    <p class='ocr_par' dir='ltr' id='par_1_3' title="bbox 842 109 1301 151">
     <span class='ocr_line' id='line_1_3' title="bbox 842 109 1301 151; baseline 0.002 -2"><span class='ocrx_word' id='word_1_3' title='bbox 842 109 1301 151; x_wconf 88' lang='lat' dir='ltr'><strong>HERODOTI</strong></span> 
     </span>
    </p>
   </div>
   <div class='ocr_carea' id='block_1_4' title="bbox 438 220 1755 347">
    <p class='ocr_par' dir='ltr' id='par_1_4' title="bbox 438 220 1755 347">
     <span class='ocr_line' id='line_1_4' title="bbox 438 220 1700 278; baseline -0.003 -10"><span class='ocrx_word' id='word_1_4' title='bbox 438 224 554 276; x_wconf 59' lang='grc' dir='ltr'><strong><em>,ἐστι</em></strong></span> <span class='ocrx_word' id='word_1_5' title='bbox 581 221 720 277; x_wconf 77' lang='grc' dir='ltr'><strong><em>λέγειν</em></strong></span> <span class='ocrx_word' id='word_1_6' title='bbox 747 223 925 264; x_wconf 82' lang='grc' dir='ltr'><strong><em>ταῦτα.“</em></strong></span> <span class='ocrx_word' id='word_1_7' title='bbox 949 221 1159 278; x_wconf 87' lang='grc' dir='ltr'><strong><em>Ἀμείβετο</em></strong></span> <span class='ocrx_word' id='word_1_8' title='bbox 1183 222 1330 266; x_wconf 83' lang='grc' dir='ltr'><strong><em>Γέλων</em></strong></span> <span class='ocrx_word' id='word_1_9' title='bbox 1349 223 1514 266; x_wconf 86' lang='grc' dir='ltr'><strong><em>τοῖσδε·</em></strong></span> <span class='ocrx_word' id='word_1_10' title='bbox 1544 220 1700 276; x_wconf 77' lang='grc' dir='ltr'><strong><em>,,Ξεῖνε</em></strong></span> 
     </span>
     <span class='ocr_line' id='line_1_5' title="bbox 439 288 1755 347; baseline -0.003 -13"><span class='ocrx_word' id='word_1_11' title='bbox 439 290 692 347; x_wconf 79' lang='grc' dir='ltr'><strong>,,Ἀθηναῖε,</strong></span> <span class='ocrx_word' id='word_1_12' title='bbox 731 288 854 345; x_wconf 82' lang='grc' dir='ltr'><em>ὑμεῖς</em></span> <span class='ocrx_word' id='word_1_13' title='bbox 886 292 1030 334; x_wconf 78' lang='grc' dir='ltr'><strong>οἴκατε</strong></span> <span class='ocrx_word' id='word_1_14' title='bbox 1068 289 1173 341; x_wconf 80' lang='grc' dir='ltr'><strong><em>τούς</em></strong></span> <span class='ocrx_word' id='word_1_15' title='bbox 1210 290 1288 345; x_wconf 70' lang='grc' dir='ltr'><strong><em>μὲν</em></strong></span> <span class='ocrx_word' id='word_1_16' title='bbox 1329 289 1541 346; x_wconf 73' lang='grc' dir='ltr'><strong><em>ἄρχοντας</em></strong></span> <span class='ocrx_word' id='word_1_17' title='bbox 1579 289 1755 345; x_wconf 75' lang='grc' dir='ltr'><strong><em>ἔχειν,ὃό</em></strong></span> 
     </span>
    </p>
   </div>
   <div class='ocr_carea' id='block_1_5' title="bbox 413 355 1208 414">
    <p class='ocr_par' dir='ltr' id='par_1_5' title="bbox 413 355 1208 414">
     <span class='ocr_line' id='line_1_6' title="bbox 413 355 1208 414; baseline 0 -14"><span class='ocrx_word' id='word_1_18' title='bbox 413 357 576 413; x_wconf 73' lang='grc' dir='ltr'>2,,τούς</span> <span class='ocrx_word' id='word_1_19' title='bbox 606 357 651 401; x_wconf 77' lang='grc' dir='ltr'><strong>δὲ</strong></span> <span class='ocrx_word' id='word_1_20' title='bbox 682 355 949 414; x_wconf 79' lang='grc' dir='ltr'><strong><em>ἀρξομένους</em></strong></span> <span class='ocrx_word' id='word_1_21' title='bbox 979 357 1060 402; x_wconf 81' lang='grc' dir='ltr'><strong>οὐκ</strong></span> <span class='ocrx_word' id='word_1_22' title='bbox 1091 359 1208 410; x_wconf 76' lang='grc' dir='ltr'><strong><em>ἕξειν.</em></strong></span> 
     </span>
    </p>
   </div>
   <div class='ocr_carea' id='block_1_6' title="bbox 1268 356 1702 401">
    <p class='ocr_par' dir='ltr' id='par_1_6' title="bbox 1268 356 1702 401">
     <span class='ocr_line' id='line_1_7' title="bbox 1268 356 1702 401; baseline -0.002 0"><span class='ocrx_word' id='word_1_23' title='bbox 1268 358 1357 401; x_wconf 80' lang='grc' dir='ltr'><strong><em>ἐπεὶ</em></strong></span> <span class='ocrx_word' id='word_1_24' title='bbox 1387 360 1539 401; x_wconf 84' lang='grc' dir='ltr'><strong><em>τοίνυν</em></strong></span> <span class='ocrx_word' id='word_1_25' title='bbox 1568 356 1702 400; x_wconf 82' lang='grc' dir='ltr'><strong><em>οὐδὲν</em></strong></span> 
     </span>
    </p>
   </div>
   <div class='ocr_carea' id='block_1_7' title="bbox 415 423 1760 686">
    <p class='ocr_par' dir='ltr' id='par_1_7' title="bbox 415 423 1760 686">
     <span class='ocr_line' id='line_1_8' title="bbox 442 423 1702 481; baseline -0.001 -12"><span class='ocrx_word' id='word_1_26' title='bbox 442 426 664 478; x_wconf 83' lang='grc' dir='ltr'><strong><em>,,ὑπιέντες</em></strong></span> <span class='ocrx_word' id='word_1_27' title='bbox 703 425 812 481; x_wconf 79' lang='grc' dir='ltr'><strong><em>ἔχειν</em></strong></span> <span class='ocrx_word' id='word_1_28' title='bbox 846 426 896 470; x_wconf 67' lang='lat' dir='ltr'><strong>‘ro&#39;</strong></span> <span class='ocrx_word' id='word_1_29' title='bbox 934 431 1021 470; x_wconf 87' lang='grc' dir='ltr'><strong>πᾶν</strong></span> <span class='ocrx_word' id='word_1_30' title='bbox 1060 425 1246 479; x_wconf 77' lang='grc' dir='ltr'><em>ἐθέλετε,</em></span> <span class='ocrx_word' id='word_1_31' title='bbox 1292 425 1373 470; x_wconf 81' lang='grc' dir='ltr'><strong>οὐκ</strong></span> <span class='ocrx_word' id='word_1_32' title='bbox 1403 425 1458 468; x_wconf 76' lang='grc' dir='ltr'><strong>ἂν</strong></span> <span class='ocrx_word' id='word_1_33' title='bbox 1488 423 1702 481; x_wconf 80' lang='grc' dir='ltr'><strong><em>φθάνοιτε</em></strong></span> 
     </span>
     <span class='ocr_line' id='line_1_9' title="bbox 441 491 1704 549; baseline -0.001 -13"><span class='ocrx_word' id='word_1_34' title='bbox 441 494 548 549; x_wconf 81' lang='grc' dir='ltr'><strong><em>,,τὴν</em></strong></span> <span class='ocrx_word' id='word_1_35' title='bbox 575 494 779 549; x_wconf 78' lang='grc' dir='ltr'><strong><em>ταχίστην</em></strong></span> <span class='ocrx_word' id='word_1_36' title='bbox 808 491 945 538; x_wconf 83' lang='grc' dir='ltr'><strong><em>ὀπίσω</em></strong></span> <span class='ocrx_word' id='word_1_37' title='bbox 963 493 1351 548; x_wconf 77' lang='grc' dir='ltr'><strong><em>ἀπαλλασσόμενοι,</em></strong></span> <span class='ocrx_word' id='word_1_38' title='bbox 1382 494 1456 537; x_wconf 85' lang='grc' dir='ltr'><strong>καὶ</strong></span> <span class='ocrx_word' id='word_1_39' title='bbox 1475 492 1704 548; x_wconf 76' lang='grc' dir='ltr'><strong><em>ἀγγέλλον-</em></strong></span> 
     </span>
     <span class='ocr_line' id='line_1_10' title="bbox 443 559 1760 618; baseline 0 -14"><span class='ocrx_word' id='word_1_40' title='bbox 443 577 537 613; x_wconf 71' lang='lat' dir='ltr'><strong>„teg</strong></span> <span class='ocrx_word' id='word_1_41' title='bbox 573 565 627 618; x_wconf 85' lang='grc' dir='ltr'><strong>τῇ</strong></span> <span class='ocrx_word' id='word_1_42' title='bbox 663 560 837 606; x_wconf 79' lang='grc' dir='ltr'><strong><em>Ἑλλάδι</em></strong></span> <span class='ocrx_word' id='word_1_43' title='bbox 873 562 941 607; x_wconf 88' lang='grc' dir='ltr'><strong><em>ὅτι</em></strong></span> <span class='ocrx_word' id='word_1_44' title='bbox 978 562 1024 606; x_wconf 78' lang='grc' dir='ltr'><strong>ἐκ</strong></span> <span class='ocrx_word' id='word_1_45' title='bbox 1062 566 1138 606; x_wconf 85' lang='grc' dir='ltr'><strong>τοῦ</strong></span> <span class='ocrx_word' id='word_1_46' title='bbox 1171 561 1376 605; x_wconf 82' lang='grc' dir='ltr'><strong><em>ἐνιαυτοῦ</em></strong></span> <span class='ocrx_word' id='word_1_47' title='bbox 1404 561 1452 604; x_wconf 87' lang='grc' dir='ltr'>τὸ</span> <span class='ocrx_word' id='word_1_48' title='bbox 1488 561 1562 615; x_wconf 77' lang='grc' dir='ltr'><strong>ἔαρ</strong></span> <span class='ocrx_word' id='word_1_49' title='bbox 1594 559 1704 616; x_wconf 78' lang='grc' dir='ltr'><strong><em>αὐτῇ</em></strong></span> <span class='ocrx_word' id='word_1_50' title='bbox 1715 567 1760 600; x_wconf 89' lang='grc'><strong>90</strong></span> 
     </span>
     <span class='ocr_line' id='line_1_11' title="bbox 415 626 1706 686; baseline 0 -15"><span class='ocrx_word' id='word_1_51' title='bbox 415 629 796 686; x_wconf 77' lang='grc' dir='ltr'><strong><em>3,,έξοιραίρηται.“</em></strong></span> <span class='ocrx_word' id='word_1_52' title='bbox 856 626 998 683; x_wconf 79' lang='grc' dir='ltr'><strong><em>Οὗτος</em></strong></span> <span class='ocrx_word' id='word_1_53' title='bbox 1037 630 1083 675; x_wconf 77' lang='grc' dir='ltr'><strong>δὲ</strong></span> <span class='ocrx_word' id='word_1_54' title='bbox 1112 628 1136 674; x_wconf 87' lang='grc' dir='ltr'>ὁ</span> <span class='ocrx_word' id='word_1_55' title='bbox 1166 628 1271 681; x_wconf 83' lang='grc' dir='ltr'><strong><em>νόος</em></strong></span> <span class='ocrx_word' id='word_1_56' title='bbox 1300 632 1430 674; x_wconf 83' lang='grc' dir='ltr'><strong><em>τοῦδε</em></strong></span> <span class='ocrx_word' id='word_1_57' title='bbox 1459 632 1539 672; x_wconf 85' lang='grc' dir='ltr'><strong>τοῦ</strong></span> <span class='ocrx_word' id='word_1_58' title='bbox 1571 626 1706 684; x_wconf 81' lang='grc' dir='ltr'><strong><em>ῥήμα-</em></strong></span> 
     </span>
    </p>
   </div>
   <div class='ocr_carea' id='block_1_8' title="bbox 388 811 1046 924">
    <p class='ocr_par' dir='ltr' id='par_1_8' title="bbox 388 811 1046 924">
     <span class='ocr_line' id='line_1_12' title="bbox 389 811 1046 868; baseline 0.002 -14"><span class='ocrx_word' id='word_1_59' title='bbox 389 828 455 855; x_wconf 86' lang='grc' dir='ltr'><strong><em>σαι</em></strong></span> <span class='ocrx_word' id='word_1_60' title='bbox 477 811 654 868; x_wconf 85' lang='grc' dir='ltr'><strong><em>στρατόν.</em></strong></span> <span class='ocrx_word' id='word_1_61' title='bbox 710 815 807 853; x_wconf 85' lang='lat' dir='ltr'>Mihi</span> <span class='ocrx_word' id='word_1_62' title='bbox 825 817 1046 868; x_wconf 78' lang='lat' dir='ltr'><strong>suspicionis</strong></span> 
     </span>
     <span class='ocr_line' id='line_1_13' title="bbox 388 873 988 924; baseline 0.003 -15"><span class='ocrx_word' id='word_1_63' title='bbox 388 873 494 909; x_wconf 85' lang='lat' dir='ltr'><strong>nulla</strong></span> <span class='ocrx_word' id='word_1_64' title='bbox 524 880 681 924; x_wconf 86' lang='lat' dir='ltr'><strong>apparet</strong></span> <span class='ocrx_word' id='word_1_65' title='bbox 703 887 816 911; x_wconf 87' lang='lat' dir='ltr'><strong>causa</strong></span> <span class='ocrx_word' id='word_1_66' title='bbox 835 874 988 912; x_wconf 85' lang='lat' dir='ltr'><strong>idonea.</strong></span> 
     </span>
    </p>
   </div>
   <div class='ocr_carea' id='block_1_9' title="bbox 587 963 856 1015">
    <p class='ocr_par' dir='ltr' id='par_1_9' title="bbox 587 963 856 1015">
     <span class='ocr_line' id='line_1_14' title="bbox 587 963 856 1015; baseline 0.004 -15"><span class='ocrx_word' id='word_1_67' title='bbox 587 963 679 1015; x_wconf 80' lang='lat' dir='ltr'><strong>cap.</strong></span> <span class='ocrx_word' id='word_1_68' title='bbox 703 965 856 1002; x_wconf 82' lang='lat' dir='ltr'><strong>CLXII.</strong></span> 
     </span>
    </p>
   </div>
   <div class='ocr_carea' id='block_1_10' title="bbox 390 1039 1055 1532">
    <p class='ocr_par' dir='ltr' id='par_1_10' title="bbox 390 1039 1055 1532">
     <span class='ocr_line' id='line_1_15' title="bbox 447 1039 1054 1095; baseline 0.005 -15"><span class='ocrx_word' id='word_1_69' title='bbox 447 1057 542 1089; x_wconf 84' lang='grc' dir='ltr'><strong><em>τους</em></strong></span> <span class='ocrx_word' id='word_1_70' title='bbox 569 1040 611 1082; x_wconf 79' lang='grc' dir='ltr'><strong>δὲ</strong></span> <span class='ocrx_word' id='word_1_71' title='bbox 646 1039 889 1095; x_wconf 67' lang='grc' dir='ltr'><strong><em>ἀρξομένους</em></strong></span> <span class='ocrx_word' id='word_1_72' title='bbox 909 1040 983 1083; x_wconf 72' lang='lat' dir='ltr'><strong>ov’x</strong></span> <span class='ocrx_word' id='word_1_73' title='bbox 1016 1041 1054 1083; x_wconf 84' lang='grc' dir='ltr'><strong>ε’-</strong></span> 
     </span>
     <span class='ocr_line' id='line_1_16' title="bbox 392 1094 1055 1151; baseline -0.002 -14"><span class='ocrx_word' id='word_1_74' title='bbox 392 1099 492 1147; x_wconf 82' lang='grc' dir='ltr'><strong><em>ξειν]</em></strong></span> <span class='ocrx_word' id='word_1_75' title='bbox 534 1094 681 1151; x_wconf 81' lang='grc' dir='ltr'><strong><em>αρξομέ</em></strong></span> <span class='ocrx_word' id='word_1_76' title='bbox 684 1116 780 1147; x_wconf 86' lang='grc' dir='ltr'><strong><em>νους</em></strong></span> <span class='ocrx_word' id='word_1_77' title='bbox 812 1100 949 1138; x_wconf 88' lang='lat' dir='ltr'><strong>eodem</strong></span> <span class='ocrx_word' id='word_1_78' title='bbox 969 1114 1055 1137; x_wconf 89' lang='lat' dir='ltr'><strong>seu-</strong></span> 
     </span>
     <span class='ocr_line' id='line_1_17' title="bbox 391 1156 1053 1208; baseline 0.002 -17"><span class='ocrx_word' id='word_1_79' title='bbox 391 1168 436 1192; x_wconf 91' lang='lat' dir='ltr'><strong>su</strong></span> <span class='ocrx_word' id='word_1_80' title='bbox 467 1157 615 1206; x_wconf 85' lang='lat' dir='ltr'><strong>passivo</strong></span> <span class='ocrx_word' id='word_1_81' title='bbox 647 1170 723 1208; x_wconf 90' lang='lat' dir='ltr'><strong>quo</strong></span> <span class='ocrx_word' id='word_1_82' title='bbox 753 1158 834 1205; x_wconf 80' lang='lat' dir='ltr'><strong>Vll,</strong></span> <span class='ocrx_word' id='word_1_83' title='bbox 865 1158 943 1198; x_wconf 87' lang='lat'><strong>159</strong></span> <span class='ocrx_word' id='word_1_84' title='bbox 985 1156 1053 1193; x_wconf 89' lang='lat' dir='ltr'><strong>fin.</strong></span> 
     </span>
     <span class='ocr_line' id='line_1_18' title="bbox 390 1212 1054 1261; baseline 0.008 -14"><span class='ocrx_word' id='word_1_85' title='bbox 390 1213 485 1248; x_wconf 86' lang='lat' dir='ltr'><strong>Mox</strong></span> <span class='ocrx_word' id='word_1_86' title='bbox 504 1226 593 1249; x_wconf 92' lang='lat' dir='ltr'><strong>cum</strong></span> <span class='ocrx_word' id='word_1_87' title='bbox 602 1212 784 1250; x_wconf 86' lang='lat' dir='ltr'><strong>Bekkero</strong></span> <span class='ocrx_word' id='word_1_88' title='bbox 802 1215 940 1250; x_wconf 83' lang='lat' dir='ltr'><strong>retinui</strong></span> <span class='ocrx_word' id='word_1_89' title='bbox 954 1212 1054 1261; x_wconf 77' lang='grc' dir='ltr'><strong><em>ε’ξειν</em></strong></span> 
     </span>
     <span class='ocr_line' id='line_1_19' title="bbox 392 1267 1052 1320; baseline 0.002 -15"><span class='ocrx_word' id='word_1_90' title='bbox 392 1282 414 1305; x_wconf 85' lang='lat' dir='ltr'><strong>e</strong></span> <span class='ocrx_word' id='word_1_91' title='bbox 434 1267 518 1305; x_wconf 86' lang='lat' dir='ltr'><strong>cod.</strong></span> <span class='ocrx_word' id='word_1_92' title='bbox 539 1268 871 1317; x_wconf 85' lang='lat' dir='ltr'><strong>Medic.‚Florent.</strong></span> <span class='ocrx_word' id='word_1_93' title='bbox 893 1271 972 1307; x_wconf 86' lang='lat' dir='ltr'><strong>aliis</strong></span> <span class='ocrx_word' id='word_1_94' title='bbox 982 1283 1052 1320; x_wconf 89' lang='lat' dir='ltr'><strong>pro</strong></span> 
     </span>
     <span class='ocr_line' id='line_1_20' title="bbox 392 1323 1054 1378; baseline 0 -15"><span class='ocrx_word' id='word_1_95' title='bbox 392 1323 506 1376; x_wconf 76' lang='grc' dir='ltr'><strong><em>ἔχειν,</em></strong></span> <span class='ocrx_word' id='word_1_96' title='bbox 529 1325 632 1378; x_wconf 88' lang='lat' dir='ltr'><strong>quod</strong></span> <span class='ocrx_word' id='word_1_97' title='bbox 645 1327 762 1364; x_wconf 86' lang='lat' dir='ltr'><strong>Gaisf.</strong></span> <span class='ocrx_word' id='word_1_98' title='bbox 778 1340 868 1364; x_wconf 92' lang='lat' dir='ltr'><strong>cum</strong></span> <span class='ocrx_word' id='word_1_99' title='bbox 881 1328 960 1363; x_wconf 85' lang='lat' dir='ltr'><strong>aliis</strong></span> <span class='ocrx_word' id='word_1_100' title='bbox 982 1339 1054 1363; x_wconf 85' lang='lat' dir='ltr'><strong>ex-</strong></span> 
     </span>
     <span class='ocr_line' id='line_1_21' title="bbox 390 1379 1053 1433; baseline 0.005 -16"><span class='ocrx_word' id='word_1_101' title='bbox 390 1379 526 1420; x_wconf 81' lang='lat' dir='ltr'><strong>hibuit.</strong></span> <span class='ocrx_word' id='word_1_102' title='bbox 586 1383 662 1420; x_wconf 82' lang='lat' dir='ltr'><strong>Vix</strong></span> <span class='ocrx_word' id='word_1_103' title='bbox 694 1384 797 1420; x_wconf 88' lang='lat' dir='ltr'><strong>enim</strong></span> <span class='ocrx_word' id='word_1_104' title='bbox 826 1385 916 1420; x_wconf 88' lang='lat' dir='ltr'><strong>ferri</strong></span> <span class='ocrx_word' id='word_1_105' title='bbox 944 1396 1053 1433; x_wconf 85' lang='lat' dir='ltr'><strong>posse</strong></span> 
     </span>
     <span class='ocr_line' id='line_1_22' title="bbox 391 1436 1053 1491; baseline 0.003 -17"><span class='ocrx_word' id='word_1_106' title='bbox 391 1445 526 1489; x_wconf 90' lang='lat' dir='ltr'><strong>putem</strong></span> <span class='ocrx_word' id='word_1_107' title='bbox 547 1436 649 1490; x_wconf 72' lang='grc' dir='ltr'><strong><em>ἔχειν</em></strong></span> <span class='ocrx_word' id='word_1_108' title='bbox 669 1453 747 1477; x_wconf 86' lang='lat' dir='ltr'><strong>uno</strong></span> <span class='ocrx_word' id='word_1_109' title='bbox 763 1447 895 1477; x_wconf 85' lang='lat' dir='ltr'><strong>tenore</strong></span> <span class='ocrx_word' id='word_1_110' title='bbox 915 1441 969 1477; x_wconf 90' lang='lat' dir='ltr'><strong>bis</strong></span> <span class='ocrx_word' id='word_1_111' title='bbox 979 1453 1053 1491; x_wconf 88' lang='lat' dir='ltr'><strong>po-</strong></span> 
     </span>
     <span class='ocr_line' id='line_1_23' title="bbox 391 1496 522 1532; baseline 0.008 -1"><span class='ocrx_word' id='word_1_112' title='bbox 391 1496 522 1532; x_wconf 81' lang='lat' dir='ltr'><strong>situm.</strong></span> 
     </span>
    </p>
   </div>
   <div class='ocr_carea' id='block_1_11' title="bbox 393 1569 1057 2469">
    <p class='ocr_par' dir='ltr' id='par_1_11' title="bbox 393 1569 1057 2461">
     <span class='ocr_line' id='line_1_24' title="bbox 450 1569 1054 1623; baseline -0.003 -11"><span class='ocrx_word' id='word_1_113' title='bbox 450 1569 570 1613; x_wconf 76' lang='grc' dir='ltr'><strong><em>οὕόὲν</em></strong></span> <span class='ocrx_word' id='word_1_114' title='bbox 615 1571 893 1623; x_wconf 65' lang='grc' dir='ltr'><strong><em>ὑπιέντες]</em></strong></span> <span class='ocrx_word' id='word_1_115' title='bbox 952 1575 1054 1610; x_wconf 83' lang='lat' dir='ltr'><strong>Male</strong></span> 
     </span>
     <span class='ocr_line' id='line_1_25' title="bbox 394 1628 1055 1678; baseline 0.005 -11"><span class='ocrx_word' id='word_1_116' title='bbox 394 1630 487 1667; x_wconf 86' lang='lat' dir='ltr'><strong>olim</strong></span> <span class='ocrx_word' id='word_1_117' title='bbox 508 1628 694 1677; x_wconf 82' lang='grc' dir='ltr'><strong><em>ἐπιέντες.</em></strong></span> <span class='ocrx_word' id='word_1_118' title='bbox 743 1632 845 1667; x_wconf 87' lang='lat' dir='ltr'><strong>Nam</strong></span> <span class='ocrx_word' id='word_1_119' title='bbox 872 1630 1055 1678; x_wconf 74' lang='grc' dir='ltr'><strong><em>ὑπιέντες</em></strong></span> 
     </span>
     <span class='ocr_line' id='line_1_26' title="bbox 394 1687 1054 1733; baseline 0.003 -11"><span class='ocrx_word' id='word_1_120' title='bbox 394 1687 496 1723; x_wconf 82' lang='lat' dir='ltr'><strong>valet</strong></span> <span class='ocrx_word' id='word_1_121' title='bbox 528 1687 618 1724; x_wconf 63' lang='lat' dir='ltr'><strong>m&#39;ltil</strong></span> <span class='ocrx_word' id='word_1_122' title='bbox 651 1689 873 1733; x_wconf 70' lang='lat' dir='ltr'><strong>remittentes,</strong></span> <span class='ocrx_word' id='word_1_123' title='bbox 900 1687 1054 1725; x_wconf 81' lang='lat' dir='ltr'><strong>cedentes</strong></span> 
     </span>
     <span class='ocr_line' id='line_1_27' title="bbox 394 1742 1053 1791; baseline 0.006 -12"><span class='ocrx_word' id='word_1_124' title='bbox 394 1743 497 1781; x_wconf 87' lang='lat' dir='ltr'><strong>conf.</strong></span> <span class='ocrx_word' id='word_1_125' title='bbox 536 1745 566 1791; x_wconf 87' lang='lat'><strong>1,</strong></span> <span class='ocrx_word' id='word_1_126' title='bbox 601 1743 694 1785; x_wconf 88' lang='grc'>156.</span> <span class='ocrx_word' id='word_1_127' title='bbox 726 1746 794 1791; x_wconf 86' lang='lat' dir='ltr'>III,</span> <span class='ocrx_word' id='word_1_128' title='bbox 829 1745 896 1785; x_wconf 79' lang='lat'><strong>52.</strong></span> <span class='ocrx_word' id='word_1_129' title='bbox 927 1746 998 1791; x_wconf 88' lang='lat' dir='ltr'><strong>IX,</strong></span> <span class='ocrx_word' id='word_1_130' title='bbox 1027 1742 1053 1783; x_wconf 83' lang='lat'>4</span> 
     </span>
     <span class='ocr_line' id='line_1_28' title="bbox 394 1800 1054 1849; baseline -0.003 -12"><span class='ocrx_word' id='word_1_131' title='bbox 394 1800 480 1837; x_wconf 90' lang='lat' dir='ltr'><strong>coll.</strong></span> <span class='ocrx_word' id='word_1_132' title='bbox 501 1800 564 1849; x_wconf 90' lang='lat' dir='ltr'><strong>IV,</strong></span> <span class='ocrx_word' id='word_1_133' title='bbox 589 1802 663 1841; x_wconf 85' lang='lat'><strong>181</strong></span> <span class='ocrx_word' id='word_1_134' title='bbox 690 1808 727 1837; x_wconf 87' lang='lat' dir='ltr'><strong>et</strong></span> <span class='ocrx_word' id='word_1_135' title='bbox 746 1802 794 1849; x_wconf 87' lang='lat' dir='ltr'><strong>H,</strong></span> <span class='ocrx_word' id='word_1_136' title='bbox 814 1803 905 1848; x_wconf 78' lang='lat'><strong>122,</strong></span> <span class='ocrx_word' id='word_1_137' title='bbox 925 1802 993 1837; x_wconf 89' lang='lat' dir='ltr'><strong>ubi</strong></span> <span class='ocrx_word' id='word_1_138' title='bbox 1013 1801 1054 1836; x_wconf 88' lang='lat' dir='ltr'><strong>in</strong></span> 
     </span>
     <span class='ocr_line' id='line_1_29' title="bbox 394 1855 1055 1895; baseline 0.002 -2"><span class='ocrx_word' id='word_1_139' title='bbox 394 1855 523 1893; x_wconf 89' lang='lat' dir='ltr'><strong>medio</strong></span> <span class='ocrx_word' id='word_1_140' title='bbox 572 1858 748 1895; x_wconf 85' lang='lat' dir='ltr'><strong>occurrit.</strong></span> <span class='ocrx_word' id='word_1_141' title='bbox 834 1859 893 1894; x_wconf 90' lang='lat' dir='ltr'><strong>De</strong></span> <span class='ocrx_word' id='word_1_142' title='bbox 941 1856 1055 1894; x_wconf 88' lang='lat' dir='ltr'><strong>huius</strong></span> 
     </span>
     <span class='ocr_line' id='line_1_30' title="bbox 393 1914 1055 1966; baseline 0.003 -17"><span class='ocrx_word' id='word_1_143' title='bbox 393 1914 501 1950; x_wconf 80' lang='lat' dir='ltr'><strong>verbi</strong></span> <span class='ocrx_word' id='word_1_144' title='bbox 510 1920 695 1964; x_wconf 79' lang='lat' dir='ltr'><strong>potestate</strong></span> <span class='ocrx_word' id='word_1_145' title='bbox 708 1915 883 1966; x_wconf 85' lang='lat' dir='ltr'><strong>exposuit</strong></span> <span class='ocrx_word' id='word_1_146' title='bbox 897 1921 1055 1952; x_wconf 82' lang='lat' dir='ltr'><strong>notante</strong></span> 
     </span>
     <span class='ocr_line' id='line_1_31' title="bbox 396 1969 1056 2009; baseline -0.002 -1"><span class='ocrx_word' id='word_1_147' title='bbox 396 1969 649 2009; x_wconf 72' lang='lat' dir='ltr'><strong>Valckenaer.</strong></span> <span class='ocrx_word' id='word_1_148' title='bbox 687 1973 838 2009; x_wconf 88' lang='lat' dir='ltr'><strong>Kuster.</strong></span> <span class='ocrx_word' id='word_1_149' title='bbox 879 1970 926 2008; x_wconf 89' lang='lat' dir='ltr'><strong>ad</strong></span> <span class='ocrx_word' id='word_1_150' title='bbox 964 1973 1056 2008; x_wconf 90' lang='lat' dir='ltr'><strong>Ari-</strong></span> 
     </span>
     <span class='ocr_line' id='line_1_32' title="bbox 397 2025 1055 2076; baseline 0.006 -14"><span class='ocrx_word' id='word_1_151' title='bbox 397 2025 522 2076; x_wconf 87' lang='lat' dir='ltr'><strong>stoph.</strong></span> <span class='ocrx_word' id='word_1_152' title='bbox 549 2029 646 2064; x_wconf 84' lang='lat' dir='ltr'><strong>Rau.</strong></span> <span class='ocrx_word' id='word_1_153' title='bbox 671 2028 775 2069; x_wconf 78' lang='lat'><strong>1251</strong></span> <span class='ocrx_word' id='word_1_154' title='bbox 800 2028 885 2066; x_wconf 86' lang='lat' dir='ltr'><strong>coll.</strong></span> <span class='ocrx_word' id='word_1_155' title='bbox 909 2027 1055 2066; x_wconf 84' lang='lat' dir='ltr'><strong>Scholl.</strong></span> 
     </span>
     <span class='ocr_line' id='line_1_33' title="bbox 397 2082 1055 2134; baseline 0.006 -16"><span class='ocrx_word' id='word_1_156' title='bbox 397 2082 600 2120; x_wconf 81' lang='lat' dir='ltr'><strong>inAristid.</strong></span> <span class='ocrx_word' id='word_1_157' title='bbox 621 2098 659 2134; x_wconf 88' lang='lat' dir='ltr'><strong>p.</strong></span> <span class='ocrx_word' id='word_1_158' title='bbox 679 2087 757 2125; x_wconf 85' lang='lat'><strong>196</strong></span> <span class='ocrx_word' id='word_1_159' title='bbox 775 2084 835 2122; x_wconf 90' lang='lat' dir='ltr'><strong>ed.</strong></span> <span class='ocrx_word' id='word_1_160' title='bbox 847 2086 1055 2122; x_wconf 80' lang='lat' dir='ltr'><strong>Frommel.</strong></span> 
     </span>
     <span class='ocr_line' id='line_1_34' title="bbox 399 2138 1056 2194; baseline 0.008 -20"><span class='ocrx_word' id='word_1_161' title='bbox 399 2160 456 2165; x_wconf 92' lang='grc'><strong>--</strong></span> <span class='ocrx_word' id='word_1_162' title='bbox 494 2138 558 2175; x_wconf 85' lang='lat' dir='ltr'><strong>Ad</strong></span> <span class='ocrx_word' id='word_1_163' title='bbox 591 2141 706 2176; x_wconf 84' lang='lat' dir='ltr'><strong>verba</strong></span> <span class='ocrx_word' id='word_1_164' title='bbox 745 2143 921 2191; x_wconf 85' lang='lat' dir='ltr'><strong>proxime</strong></span> <span class='ocrx_word' id='word_1_165' title='bbox 949 2155 1056 2194; x_wconf 89' lang='lat' dir='ltr'><strong>seqq.</strong></span> 
     </span>
     <span class='ocr_line' id='line_1_35' title="bbox 400 2189 1057 2244; baseline 0.006 -11"><span class='ocrx_word' id='word_1_166' title='bbox 400 2189 477 2234; x_wconf 71' lang='lat' dir='ltr'><strong>ov’n</strong></span> <span class='ocrx_word' id='word_1_167' title='bbox 498 2191 549 2233; x_wconf 77' lang='grc' dir='ltr'><strong>ἂν</strong></span> <span class='ocrx_word' id='word_1_168' title='bbox 571 2191 771 2244; x_wconf 79' lang='grc' dir='ltr'><strong><em>φθάνοιτε</em></strong></span> <span class='ocrx_word' id='word_1_169' title='bbox 788 2219 844 2224; x_wconf 77' lang='lat'>—</span> <span class='ocrx_word' id='word_1_170' title='bbox 860 2193 1057 2237; x_wconf 70' lang='grc' dir='ltr'><strong><em>ἅπαλλασ-</em></strong></span> 
     </span>
     <span class='ocr_line' id='line_1_36' title="bbox 398 2247 1056 2321; baseline 0.003 -31"><span class='ocrx_word' id='word_1_171' title='bbox 398 2247 562 2302; x_wconf 84' lang='grc' dir='ltr'><strong><em>σόμενοι</em></strong></span> <span class='ocrx_word' id='word_1_172' title='bbox 595 2252 697 2290; x_wconf 74' lang='lat' dir='ltr'><strong>conf.</strong></span> <span class='ocrx_word' id='word_1_173' title='bbox 735 2252 871 2289; x_wconf 84' lang='lat' dir='ltr'><strong>Matth.</strong></span> <span class='ocrx_word' id='word_1_174' title='bbox 903 2256 968 2290; x_wconf 90' lang='lat' dir='ltr'><strong>Gr.</strong></span> <span class='ocrx_word' id='word_1_175' title='bbox 990 2256 1056 2321; x_wconf 57' lang='lat' dir='ltr'><strong>G’r.</strong></span> 
     </span>
     <span class='ocr_line' id='line_1_37' title="bbox 398 2306 1055 2359; baseline 0.005 -13"><span class='ocrx_word' id='word_1_176' title='bbox 398 2309 435 2353; x_wconf 58' lang='grc' dir='ltr'><strong>ξ.</strong></span> <span class='ocrx_word' id='word_1_177' title='bbox 458 2307 552 2356; x_wconf 81' lang='lat'><strong><em>553,</em></strong></span> <span class='ocrx_word' id='word_1_178' title='bbox 573 2309 597 2348; x_wconf 74' lang='grc' dir='ltr'><strong><em>ὃ</em></strong></span> <span class='ocrx_word' id='word_1_179' title='bbox 618 2320 707 2359; x_wconf 73' lang='lat' dir='ltr'><strong>pag·</strong></span> <span class='ocrx_word' id='word_1_180' title='bbox 731 2308 837 2349; x_wconf 87' lang='grc'>1085</span> <span class='ocrx_word' id='word_1_181' title='bbox 868 2316 904 2346; x_wconf 86' lang='lat' dir='ltr'><strong>et</strong></span> <span class='ocrx_word' id='word_1_182' title='bbox 931 2309 979 2346; x_wconf 88' lang='lat' dir='ltr'><strong>ad</strong></span> <span class='ocrx_word' id='word_1_183' title='bbox 1009 2306 1055 2349; x_wconf 88' lang='lat' dir='ltr'><strong>o’-</strong></span> 
     </span>
     <span class='ocr_line' id='line_1_38' title="bbox 397 2359 1054 2417; baseline -0.003 -13"><span class='ocrx_word' id='word_1_184' title='bbox 397 2363 502 2404; x_wconf 89' lang='grc' dir='ltr'><strong><em>πίσω</em></strong></span> <span class='ocrx_word' id='word_1_185' title='bbox 542 2359 888 2417; x_wconf 64' lang='grc' dir='ltr'><strong><em>ἀπαλλασσόμενοι</em></strong></span> <span class='ocrx_word' id='word_1_186' title='bbox 941 2367 1054 2403; x_wconf 81' lang='lat' dir='ltr'><strong>allata</strong></span> 
     </span>
     <span class='ocr_line' id='line_1_39' title="bbox 398 2419 601 2469; baseline 0.021 -12"><span class='ocrx_word' id='word_1_187' title='bbox 398 2419 447 2458; x_wconf 83' lang='lat' dir='ltr'><strong>ad</strong></span> <span class='ocrx_word' id='word_1_188' title='bbox 467 2421 511 2469; x_wconf 88' lang='lat' dir='ltr'><strong>V,</strong></span> <span class='ocrx_word' id='word_1_189' title='bbox 534 2422 601 2461; x_wconf 79' lang='lat'><strong>27.</strong></span> 
     </span>
    </p>
   </div>
   <div class='ocr_carea' id='block_1_12' title="bbox 398 2495 1055 2773">
    <p class='ocr_par' dir='ltr' id='par_1_12' title="bbox 398 2495 1055 2773">
     <span class='ocr_line' id='line_1_40' title="bbox 455 2495 1054 2551; baseline 0 -13"><span class='ocrx_word' id='word_1_190' title='bbox 455 2495 518 2538; x_wconf 86' lang='grc' dir='ltr'><strong><em>ότι</em></strong></span> <span class='ocrx_word' id='word_1_191' title='bbox 548 2498 591 2538; x_wconf 77' lang='grc' dir='ltr'><strong>ἐκ</strong></span> <span class='ocrx_word' id='word_1_192' title='bbox 617 2501 690 2539; x_wconf 81' lang='grc' dir='ltr'><strong>τοῦ</strong></span> <span class='ocrx_word' id='word_1_193' title='bbox 718 2498 903 2539; x_wconf 77' lang='grc' dir='ltr'><strong><em>ἐνιαυτοῦ</em></strong></span> <span class='ocrx_word' id='word_1_194' title='bbox 921 2515 963 2538; x_wconf 89' lang='grc' dir='ltr'><strong>το</strong></span> <span class='ocrx_word' id='word_1_195' title='bbox 986 2499 1054 2551; x_wconf 77' lang='grc' dir='ltr'><strong>εἀρ</strong></span> 
     </span>
     <span class='ocr_line' id='line_1_41' title="bbox 399 2550 1055 2610; baseline 0 -16"><span class='ocrx_word' id='word_1_196' title='bbox 399 2550 503 2610; x_wconf 72' lang='grc' dir='ltr'><strong><em>αὐτῇ</em></strong></span> <span class='ocrx_word' id='word_1_197' title='bbox 545 2555 826 2608; x_wconf 75' lang='grc' dir='ltr'><strong><em>ἐξαραίρηται]</em></strong></span> <span class='ocrx_word' id='word_1_198' title='bbox 865 2557 1055 2594; x_wconf 87' lang='lat' dir='ltr'><strong>Firmatur</strong></span> 
     </span>
     <span class='ocr_line' id='line_1_42' title="bbox 398 2610 1053 2665; baseline 0.003 -17"><span class='ocrx_word' id='word_1_199' title='bbox 398 2610 473 2649; x_wconf 91' lang='lat' dir='ltr'><strong>hoc</strong></span> <span class='ocrx_word' id='word_1_200' title='bbox 512 2612 666 2650; x_wconf 83' lang='lat' dir='ltr'><strong>Periclis</strong></span> <span class='ocrx_word' id='word_1_201' title='bbox 708 2612 820 2661; x_wconf 80' lang='lat' dir='ltr'><strong>dicto,</strong></span> <span class='ocrx_word' id='word_1_202' title='bbox 862 2614 927 2665; x_wconf 92' lang='lat' dir='ltr'><strong>qui</strong></span> <span class='ocrx_word' id='word_1_203' title='bbox 961 2620 1053 2650; x_wconf 85' lang='lat' dir='ltr'><strong>teste</strong></span> 
     </span>
     <span class='ocr_line' id='line_1_43' title="bbox 399 2668 1053 2717; baseline 0.005 -12"><span class='ocrx_word' id='word_1_204' title='bbox 399 2669 590 2707; x_wconf 80' lang='lat' dir='ltr'><strong>Aristotel.</strong></span> <span class='ocrx_word' id='word_1_205' title='bbox 639 2668 768 2707; x_wconf 79' lang='lat' dir='ltr'><strong>Rhett.</strong></span> <span class='ocrx_word' id='word_1_206' title='bbox 821 2670 856 2717; x_wconf 82' lang='lat' dir='ltr'><strong>I,</strong></span> <span class='ocrx_word' id='word_1_207' title='bbox 906 2673 946 2710; x_wconf 87' lang='lat'><strong>7.</strong></span> <span class='ocrx_word' id='word_1_208' title='bbox 985 2670 1053 2710; x_wconf 82' lang='lat'><strong>34.</strong></span> 
     </span>
     <span class='ocr_line' id='line_1_44' title="bbox 399 2725 1053 2773; baseline 0.003 -12"><span class='ocrx_word' id='word_1_209' title='bbox 399 2725 466 2773; x_wconf 88' lang='grc' dir='ltr'><strong>ΠΙ,</strong></span> <span class='ocrx_word' id='word_1_210' title='bbox 491 2728 540 2765; x_wconf 89' lang='grc'><strong>10</strong></span> <span class='ocrx_word' id='word_1_211' title='bbox 561 2727 598 2772; x_wconf 65' lang='grc' dir='ltr'><strong>ξ.</strong></span> <span class='ocrx_word' id='word_1_212' title='bbox 613 2728 639 2766; x_wconf 91' lang='grc'>7</span> <span class='ocrx_word' id='word_1_213' title='bbox 653 2727 692 2762; x_wconf 90' lang='lat' dir='ltr'><strong>in</strong></span> <span class='ocrx_word' id='word_1_214' title='bbox 713 2727 864 2764; x_wconf 85' lang='lat' dir='ltr'><strong>funebri</strong></span> <span class='ocrx_word' id='word_1_215' title='bbox 884 2726 1053 2764; x_wconf 84' lang='lat' dir='ltr'><strong>oratione</strong></span> 
     </span>
    </p>
   </div>
   <div class='ocr_carea' id='block_1_13' title="bbox 1102 808 1765 980">
    <p class='ocr_par' dir='ltr' id='par_1_13' title="bbox 1102 808 1765 980">
     <span class='ocr_line' id='line_1_45' title="bbox 1102 808 1765 864; baseline -0.002 -10"><span class='ocrx_word' id='word_1_216' title='bbox 1102 818 1156 854; x_wconf 88' lang='lat' dir='ltr'><strong>sic</strong></span> <span class='ocrx_word' id='word_1_217' title='bbox 1167 828 1321 853; x_wconf 85' lang='lat' dir='ltr'><strong>exorsus</strong></span> <span class='ocrx_word' id='word_1_218' title='bbox 1331 828 1409 852; x_wconf 88' lang='lat' dir='ltr'><strong>esse</strong></span> <span class='ocrx_word' id='word_1_219' title='bbox 1420 815 1560 851; x_wconf 84' lang='lat' dir='ltr'><strong>fertur:</strong></span> <span class='ocrx_word' id='word_1_220' title='bbox 1583 828 1659 864; x_wconf 80' lang='grc' dir='ltr'><strong>την</strong></span> <span class='ocrx_word' id='word_1_221' title='bbox 1670 808 1765 853; x_wconf 84' lang='grc' dir='ltr'><strong><em>νεό-</em></strong></span> 
     </span>
     <span class='ocr_line' id='line_1_46' title="bbox 1103 867 1764 941; baseline -0.005 -29"><span class='ocrx_word' id='word_1_222' title='bbox 1103 890 1199 925; x_wconf 78' lang='grc' dir='ltr'><strong><em>τητα</em></strong></span> <span class='ocrx_word' id='word_1_223' title='bbox 1239 872 1281 912; x_wconf 77' lang='grc' dir='ltr'><strong>ἐκ</strong></span> <span class='ocrx_word' id='word_1_224' title='bbox 1310 874 1383 923; x_wconf 79' lang='grc' dir='ltr'><strong>τῆς</strong></span> <span class='ocrx_word' id='word_1_225' title='bbox 1419 869 1573 918; x_wconf 82' lang='grc' dir='ltr'><strong><em>πόλεως</em></strong></span> <span class='ocrx_word' id='word_1_226' title='bbox 1607 867 1764 941; x_wconf 63' lang='grc' dir='ltr'><strong><em>ἀνῃρῆ-</em></strong></span> 
     </span>
     <span class='ocr_line' id='line_1_47' title="bbox 1106 926 1765 980; baseline -0.008 -10"><span class='ocrx_word' id='word_1_227' title='bbox 1106 935 1203 970; x_wconf 84' lang='grc' dir='ltr'><strong><em>σθαι</em></strong></span> <span class='ocrx_word' id='word_1_228' title='bbox 1231 941 1361 980; x_wconf 77' lang='grc' dir='ltr'><strong><em>ωσπερ</em></strong></span> <span class='ocrx_word' id='word_1_229' title='bbox 1385 943 1428 967; x_wconf 86' lang='grc' dir='ltr'><strong>το</strong></span> <span class='ocrx_word' id='word_1_230' title='bbox 1451 927 1519 979; x_wconf 83' lang='grc' dir='ltr'><strong>εἀρ</strong></span> <span class='ocrx_word' id='word_1_231' title='bbox 1536 927 1577 967; x_wconf 79' lang='grc' dir='ltr'><strong>ἐκ</strong></span> <span class='ocrx_word' id='word_1_232' title='bbox 1591 929 1663 966; x_wconf 83' lang='grc' dir='ltr'><strong>τοῦ</strong></span> <span class='ocrx_word' id='word_1_233' title='bbox 1684 926 1765 966; x_wconf 77' lang='grc' dir='ltr'><strong><em>ἔνι-</em></strong></span> 
     </span>
    </p>
   </div>
   <div class='ocr_carea' id='block_1_14' title="bbox 1106 985 1768 1081">
    <p class='ocr_par' dir='ltr' id='par_1_14' title="bbox 1106 985 1768 1081">
     <span class='ocr_line' id='line_1_48' title="bbox 1106 985 1766 1037; baseline -0.011 -11"><span class='ocrx_word' id='word_1_234' title='bbox 1106 989 1230 1026; x_wconf 85' lang='grc' dir='ltr'><strong><em>αυτοῦ</em></strong></span> <span class='ocrx_word' id='word_1_235' title='bbox 1251 986 1286 1025; x_wconf 86' lang='grc' dir='ltr'><strong>εἰ</strong></span> <span class='ocrx_word' id='word_1_236' title='bbox 1304 985 1547 1037; x_wconf 75' lang='grc' dir='ltr'><strong><em>ἐξαιρεθείης</em></strong></span> <span class='ocrx_word' id='word_1_237' title='bbox 1578 997 1675 1037; x_wconf 88' lang='lat' dir='ltr'><strong>quae</strong></span> <span class='ocrx_word' id='word_1_238' title='bbox 1685 996 1766 1034; x_wconf 75' lang='lat' dir='ltr'><strong>ipsa</strong></span> 
     </span>
     <span class='ocr_line' id='line_1_49' title="bbox 1111 1040 1768 1081; baseline -0.008 0"><span class='ocrx_word' id='word_1_239' title='bbox 1111 1045 1299 1081; x_wconf 84' lang='lat' dir='ltr'><strong>Periclem</strong></span> <span class='ocrx_word' id='word_1_240' title='bbox 1337 1055 1386 1078; x_wconf 85' lang='lat' dir='ltr'><strong>ex</strong></span> <span class='ocrx_word' id='word_1_241' title='bbox 1415 1040 1610 1078; x_wconf 87' lang='lat' dir='ltr'><strong>Herodoto</strong></span> <span class='ocrx_word' id='word_1_242' title='bbox 1637 1041 1768 1077; x_wconf 91' lang='lat' dir='ltr'><strong>suble-</strong></span> 
     </span>
    </p>
   </div>
   <div class='ocr_carea' id='block_1_15' title="bbox 1109 1096 1769 1373">
    <p class='ocr_par' dir='ltr' id='par_1_15' title="bbox 1109 1096 1769 1373">
     <span class='ocr_line' id='line_1_50' title="bbox 1111 1096 1767 1151; baseline -0.005 -14.991"><span class='ocrx_word' id='word_1_243' title='bbox 1111 1103 1209 1151; x_wconf 85' lang='lat' dir='ltr'><strong>gisse</strong></span> <span class='ocrx_word' id='word_1_244' title='bbox 1237 1100 1319 1137; x_wconf 86' lang='lat' dir='ltr'><strong>vult</strong></span> <span class='ocrx_word' id='word_1_245' title='bbox 1345 1099 1483 1135; x_wconf 88' lang='lat' dir='ltr'><strong>Wasse</strong></span> <span class='ocrx_word' id='word_1_246' title='bbox 1515 1097 1563 1134; x_wconf 85' lang='lat' dir='ltr'><strong>ad</strong></span> <span class='ocrx_word' id='word_1_247' title='bbox 1584 1096 1767 1148; x_wconf 86' lang='lat' dir='ltr'><strong>Thucyd.</strong></span> 
     </span>
     <span class='ocr_line' id='line_1_51' title="bbox 1111 1152 1765 1204; baseline -0.006 -11"><span class='ocrx_word' id='word_1_248' title='bbox 1111 1159 1158 1204; x_wconf 86' lang='lat' dir='ltr'><strong>ll,</strong></span> <span class='ocrx_word' id='word_1_249' title='bbox 1182 1156 1248 1197; x_wconf 81' lang='lat'><strong>35.</strong></span> <span class='ocrx_word' id='word_1_250' title='bbox 1278 1153 1574 1192; x_wconf 82' lang='lat' dir='ltr'><strong>Valckenaerius</strong></span> <span class='ocrx_word' id='word_1_251' title='bbox 1608 1153 1656 1190; x_wconf 83' lang='lat' dir='ltr'><strong>ad</strong></span> <span class='ocrx_word' id='word_1_252' title='bbox 1678 1152 1718 1190; x_wconf 92' lang='lat' dir='ltr'><strong>h.</strong></span> <span class='ocrx_word' id='word_1_253' title='bbox 1738 1154 1765 1190; x_wconf 94' lang='lat' dir='ltr'><strong>l.</strong></span> 
     </span>
     <span class='ocr_line' id='line_1_52' title="bbox 1110 1210 1769 1264; baseline -0.006 -14"><span class='ocrx_word' id='word_1_254' title='bbox 1110 1215 1183 1250; x_wconf 81' lang='lat' dir='ltr'><strong>alia</strong></span> <span class='ocrx_word' id='word_1_255' title='bbox 1204 1211 1394 1264; x_wconf 76' lang='lat' dir='ltr'><strong>quaedam</strong></span> <span class='ocrx_word' id='word_1_256' title='bbox 1413 1210 1540 1258; x_wconf 84' lang='lat' dir='ltr'><strong>affert,</strong></span> <span class='ocrx_word' id='word_1_257' title='bbox 1554 1212 1558 1224; x_wconf 74' lang='lat'>¹</span> <span class='ocrx_word' id='word_1_258' title='bbox 1571 1211 1611 1246; x_wconf 83' lang='lat' dir='ltr'><strong>in</strong></span> <span class='ocrx_word' id='word_1_259' title='bbox 1632 1210 1769 1262; x_wconf 78' lang='lat' dir='ltr'><strong>quibus</strong></span> 
     </span>
     <span class='ocr_line' id='line_1_53' title="bbox 1109 1267 1769 1317; baseline -0.006 -10"><span class='ocrx_word' id='word_1_260' title='bbox 1109 1283 1167 1307; x_wconf 83' lang='lat' dir='ltr'><strong>ver</strong></span> <span class='ocrx_word' id='word_1_261' title='bbox 1186 1269 1365 1305; x_wconf 80' lang='lat' dir='ltr'><strong>translate</strong></span> <span class='ocrx_word' id='word_1_262' title='bbox 1385 1267 1572 1317; x_wconf 84' lang='lat' dir='ltr'><strong>significat</strong></span> <span class='ocrx_word' id='word_1_263' title='bbox 1603 1268 1769 1304; x_wconf 76' lang='lat' dir='ltr'><strong>iuventu-</strong></span> 
     </span>
     <span class='ocr_line' id='line_1_54' title="bbox 1110 1324 1768 1373; baseline -0.005 -10"><span class='ocrx_word' id='word_1_264' title='bbox 1110 1330 1200 1373; x_wconf 86' lang='lat' dir='ltr'><strong>tem,</strong></span> <span class='ocrx_word' id='word_1_265' title='bbox 1239 1325 1535 1368; x_wconf 72' lang='lat' dir='ltr'><strong>adolescentiam5</strong></span> <span class='ocrx_word' id='word_1_266' title='bbox 1572 1324 1674 1361; x_wconf 88' lang='lat' dir='ltr'><strong>conf.</strong></span> <span class='ocrx_word' id='word_1_267' title='bbox 1703 1324 1768 1361; x_wconf 86' lang='lat' dir='ltr'><strong>Ci-</strong></span> 
     </span>
    </p>
   </div>
   <div class='ocr_carea' id='block_1_16' title="bbox 1110 1382 1699 1427">
    <p class='ocr_par' dir='ltr' id='par_1_16' title="bbox 1110 1382 1699 1427">
     <span class='ocr_line' id='line_1_55' title="bbox 1110 1382 1699 1427; baseline -0.003 -7"><span class='ocrx_word' id='word_1_268' title='bbox 1110 1397 1186 1420; x_wconf 86' lang='lat' dir='ltr'><strong>cer.</strong></span> <span class='ocrx_word' id='word_1_269' title='bbox 1206 1384 1264 1419; x_wconf 91' lang='lat' dir='ltr'><strong>De</strong></span> <span class='ocrx_word' id='word_1_270' title='bbox 1283 1387 1468 1419; x_wconf 77' lang='lat' dir='ltr'><strong>senectut.</strong></span> <span class='ocrx_word' id='word_1_271' title='bbox 1491 1382 1542 1421; x_wconf 87' lang='lat'><strong>19</strong></span> <span class='ocrx_word' id='word_1_272' title='bbox 1573 1382 1609 1427; x_wconf 62' lang='grc' dir='ltr'><strong>ξ.</strong></span> <span class='ocrx_word' id='word_1_273' title='bbox 1630 1383 1699 1422; x_wconf 88' lang='grc'><strong>70.</strong></span> 
     </span>
    </p>
   </div>
   <div class='ocr_carea' id='block_1_17' title="bbox 1108 1477 1770 2779">
    <p class='ocr_par' dir='ltr' id='par_1_17' title="bbox 1108 1477 1770 2779">
     <span class='ocr_line' id='line_1_56' title="bbox 1169 1477 1768 1531; baseline -0.007 -8"><span class='ocrx_word' id='word_1_274' title='bbox 1169 1477 1297 1530; x_wconf 78' lang='grc' dir='ltr'><strong><em>Οὗτος</em></strong></span> <span class='ocrx_word' id='word_1_275' title='bbox 1337 1479 1378 1522; x_wconf 80' lang='grc' dir='ltr'><strong>δὲ</strong></span> <span class='ocrx_word' id='word_1_276' title='bbox 1407 1480 1432 1522; x_wconf 78' lang='grc' dir='ltr'><em>ὅ</em></span> <span class='ocrx_word' id='word_1_277' title='bbox 1465 1477 1559 1528; x_wconf 76' lang='grc' dir='ltr'><strong><em>νόος</em></strong></span> <span class='ocrx_word' id='word_1_278' title='bbox 1590 1496 1627 1521; x_wconf 87' lang='grc' dir='ltr'><strong>κ.</strong></span> <span class='ocrx_word' id='word_1_279' title='bbox 1654 1495 1688 1521; x_wconf 90' lang='grc' dir='ltr'><strong>τ.</strong></span> <span class='ocrx_word' id='word_1_280' title='bbox 1712 1481 1768 1531; x_wconf 91' lang='grc' dir='ltr'><strong>λ.]</strong></span> 
     </span>
     <span class='ocr_line' id='line_1_57' title="bbox 1110 1539 1768 1590; baseline -0.002 -14"><span class='ocrx_word' id='word_1_281' title='bbox 1110 1542 1215 1577; x_wconf 89' lang='lat' dir='ltr'><strong>Haec</strong></span> <span class='ocrx_word' id='word_1_282' title='bbox 1235 1540 1350 1577; x_wconf 81' lang='lat' dir='ltr'><strong>verba</strong></span> <span class='ocrx_word' id='word_1_283' title='bbox 1369 1540 1408 1575; x_wconf 89' lang='lat' dir='ltr'><strong>in</strong></span> <span class='ocrx_word' id='word_1_284' title='bbox 1444 1539 1622 1576; x_wconf 87' lang='lat' dir='ltr'><strong>omnibus</strong></span> <span class='ocrx_word' id='word_1_285' title='bbox 1643 1551 1768 1590; x_wconf 88' lang='lat' dir='ltr'><strong>quan-</strong></span> 
     </span>
     <span class='ocr_line' id='line_1_58' title="bbox 1110 1594 1768 1646; baseline -0.002 -14"><span class='ocrx_word' id='word_1_286' title='bbox 1110 1604 1195 1633; x_wconf 82' lang='lat' dir='ltr'><strong>tum</strong></span> <span class='ocrx_word' id='word_1_287' title='bbox 1236 1597 1312 1633; x_wconf 91' lang='lat' dir='ltr'><strong>scio</strong></span> <span class='ocrx_word' id='word_1_288' title='bbox 1341 1594 1454 1633; x_wconf 88' lang='lat' dir='ltr'><strong>codd.</strong></span> <span class='ocrx_word' id='word_1_289' title='bbox 1479 1608 1577 1646; x_wconf 89' lang='lat' dir='ltr'><strong>quae</strong></span> <span class='ocrx_word' id='word_1_290' title='bbox 1606 1601 1768 1640; x_wconf 77' lang='lat' dir='ltr'><strong>exstant,</strong></span> 
     </span>
     <span class='ocr_line' id='line_1_59' title="bbox 1112 1650 1769 1703; baseline -0.002 -14"><span class='ocrx_word' id='word_1_291' title='bbox 1112 1653 1247 1690; x_wconf 79' lang='lat' dir='ltr'><strong>merito</strong></span> <span class='ocrx_word' id='word_1_292' title='bbox 1276 1658 1449 1703; x_wconf 87' lang='lat' dir='ltr'><strong>suspecta</strong></span> <span class='ocrx_word' id='word_1_293' title='bbox 1480 1650 1624 1688; x_wconf 89' lang='lat' dir='ltr'><strong>habent</strong></span> <span class='ocrx_word' id='word_1_294' title='bbox 1647 1652 1769 1689; x_wconf 82' lang='lat' dir='ltr'><strong>Wes-</strong></span> 
     </span>
     <span class='ocr_line' id='line_1_60' title="bbox 1111 1706 1769 1760; baseline -0.005 -13"><span class='ocrx_word' id='word_1_295' title='bbox 1111 1710 1291 1759; x_wconf 74' lang='lat' dir='ltr'><strong>selingius</strong></span> <span class='ocrx_word' id='word_1_296' title='bbox 1311 1716 1349 1745; x_wconf 83' lang='lat' dir='ltr'><strong>et</strong></span> <span class='ocrx_word' id='word_1_297' title='bbox 1360 1706 1609 1745; x_wconf 86' lang='lat' dir='ltr'><strong>Valckenaer.</strong></span> <span class='ocrx_word' id='word_1_298' title='bbox 1626 1709 1769 1760; x_wconf 85' lang='lat' dir='ltr'><strong>quippe</strong></span> 
     </span>
     <span class='ocr_line' id='line_1_61' title="bbox 1110 1763 1770 1816; baseline -0.002 -13"><span class='ocrx_word' id='word_1_299' title='bbox 1110 1764 1384 1816; x_wconf 86' lang='lat' dir='ltr'><strong>interpretandi</strong></span> <span class='ocrx_word' id='word_1_300' title='bbox 1413 1777 1525 1802; x_wconf 82' lang='lat' dir='ltr'><strong>causa</strong></span> <span class='ocrx_word' id='word_1_301' title='bbox 1555 1763 1701 1802; x_wconf 86' lang='lat' dir='ltr'><strong>adiecta</strong></span> <span class='ocrx_word' id='word_1_302' title='bbox 1727 1767 1770 1802; x_wconf 87' lang='lat' dir='ltr'><strong>in</strong></span> 
     </span>
     <span class='ocr_line' id='line_1_62' title="bbox 1113 1822 1770 1872; baseline -0.003 -12"><span class='ocrx_word' id='word_1_303' title='bbox 1113 1824 1303 1860; x_wconf 78' lang='lat' dir='ltr'><strong>lectorum</strong></span> <span class='ocrx_word' id='word_1_304' title='bbox 1354 1823 1530 1872; x_wconf 85' lang='lat' dir='ltr'><strong>gratiam.</strong></span> <span class='ocrx_word' id='word_1_305' title='bbox 1616 1822 1770 1859; x_wconf 86' lang='lat' dir='ltr'><strong>Assensi</strong></span> 
     </span>
     <span class='ocr_line' id='line_1_63' title="bbox 1113 1876 1770 1927; baseline -0.002 -10"><span class='ocrx_word' id='word_1_306' title='bbox 1113 1886 1201 1917; x_wconf 85' lang='lat' dir='ltr'><strong>sunt</strong></span> <span class='ocrx_word' id='word_1_307' title='bbox 1220 1877 1444 1927; x_wconf 87' lang='lat' dir='ltr'><strong>Larcherus,</strong></span> <span class='ocrx_word' id='word_1_308' title='bbox 1476 1876 1703 1916; x_wconf 84' lang='lat' dir='ltr'><strong>Schaeferus</strong></span> <span class='ocrx_word' id='word_1_309' title='bbox 1731 1885 1770 1916; x_wconf 80' lang='lat' dir='ltr'><strong>et</strong></span> 
     </span>
     <span class='ocr_line' id='line_1_64' title="bbox 1111 1933 1770 1983; baseline -0.002 -10"><span class='ocrx_word' id='word_1_310' title='bbox 1111 1935 1306 1983; x_wconf 83' lang='lat' dir='ltr'><strong>Matthiae,</strong></span> <span class='ocrx_word' id='word_1_311' title='bbox 1326 1937 1434 1973; x_wconf 88' lang='lat' dir='ltr'><strong>uncis</strong></span> <span class='ocrx_word' id='word_1_312' title='bbox 1454 1933 1548 1973; x_wconf 88' lang='lat' dir='ltr'><strong>haec</strong></span> <span class='ocrx_word' id='word_1_313' title='bbox 1565 1934 1770 1972; x_wconf 89' lang='lat' dir='ltr'><strong>includen-</strong></span> 
     </span>
     <span class='ocr_line' id='line_1_65' title="bbox 1112 1992 1770 2045; baseline -0.003 -15"><span class='ocrx_word' id='word_1_314' title='bbox 1112 2000 1186 2038; x_wconf 89' lang='lat' dir='ltr'><strong>tes,</strong></span> <span class='ocrx_word' id='word_1_315' title='bbox 1226 1994 1361 2045; x_wconf 87' lang='lat' dir='ltr'><strong>quibus</strong></span> <span class='ocrx_word' id='word_1_316' title='bbox 1396 1992 1522 2030; x_wconf 88' lang='lat' dir='ltr'><strong>denuo</strong></span> <span class='ocrx_word' id='word_1_317' title='bbox 1561 1992 1770 2029; x_wconf 82' lang='lat' dir='ltr'><strong>liberarunt</strong></span> 
     </span>
     <span class='ocr_line' id='line_1_66' title="bbox 1113 2048 1769 2100; baseline -0.005 -12"><span class='ocrx_word' id='word_1_318' title='bbox 1113 2048 1333 2100; x_wconf 80' lang='lat' dir='ltr'><strong>Schweigh.</strong></span> <span class='ocrx_word' id='word_1_319' title='bbox 1366 2056 1403 2086; x_wconf 86' lang='lat' dir='ltr'><strong>et</strong></span> <span class='ocrx_word' id='word_1_320' title='bbox 1433 2049 1547 2088; x_wconf 80' lang='lat' dir='ltr'><strong>Gaisf.</strong></span> <span class='ocrx_word' id='word_1_321' title='bbox 1569 2061 1660 2085; x_wconf 89' lang='lat' dir='ltr'><strong>cum</strong></span> <span class='ocrx_word' id='word_1_322' title='bbox 1679 2049 1769 2086; x_wconf 84' lang='lat' dir='ltr'><strong>alias</strong></span> 
     </span>
     <span class='ocr_line' id='line_1_67' title="bbox 1113 2105 1768 2159; baseline -0.002 -16"><span class='ocrx_word' id='word_1_323' title='bbox 1113 2119 1268 2159; x_wconf 89' lang='lat' dir='ltr'><strong>quoque</strong></span> <span class='ocrx_word' id='word_1_324' title='bbox 1287 2107 1376 2143; x_wconf 78' lang='lat' dir='ltr'><strong>talia</strong></span> <span class='ocrx_word' id='word_1_325' title='bbox 1397 2105 1646 2143; x_wconf 84' lang='lat' dir='ltr'><strong>addictorum</strong></span> <span class='ocrx_word' id='word_1_326' title='bbox 1667 2117 1768 2156; x_wconf 92' lang='lat' dir='ltr'><strong>quo-</strong></span> 
     </span>
     <span class='ocr_line' id='line_1_68' title="bbox 1113 2159 1768 2212; baseline -0.002 -12"><span class='ocrx_word' id='word_1_327' title='bbox 1113 2162 1279 2200; x_wconf 89' lang='lat' dir='ltr'><strong>rundam</strong></span> <span class='ocrx_word' id='word_1_328' title='bbox 1318 2164 1399 2199; x_wconf 87' lang='lat' dir='ltr'><strong>vim</strong></span> <span class='ocrx_word' id='word_1_329' title='bbox 1428 2159 1696 2212; x_wconf 85' lang='lat' dir='ltr'><strong>explicandam</strong></span> <span class='ocrx_word' id='word_1_330' title='bbox 1731 2168 1768 2199; x_wconf 87' lang='lat' dir='ltr'><strong>et</strong></span> 
     </span>
     <span class='ocr_line' id='line_1_69' title="bbox 1112 2216 1769 2256; baseline 0 -1"><span class='ocrx_word' id='word_1_331' title='bbox 1112 2218 1375 2256; x_wconf 81' lang='lat' dir='ltr'><strong>illustrandam</strong></span> <span class='ocrx_word' id='word_1_332' title='bbox 1405 2218 1452 2254; x_wconf 80' lang='lat' dir='ltr'><strong>ab</strong></span> <span class='ocrx_word' id='word_1_333' title='bbox 1481 2216 1676 2255; x_wconf 82' lang='lat' dir='ltr'><strong>Herodoto</strong></span> <span class='ocrx_word' id='word_1_334' title='bbox 1697 2217 1769 2255; x_wconf 87' lang='lat' dir='ltr'><strong>ad-</strong></span> 
     </span>
     <span class='ocr_line' id='line_1_70' title="bbox 1111 2272 1767 2323; baseline -0.003 -11"><span class='ocrx_word' id='word_1_335' title='bbox 1111 2277 1305 2320; x_wconf 76' lang='lat' dir='ltr'><strong>iIciantur,</strong></span> <span class='ocrx_word' id='word_1_336' title='bbox 1337 2281 1379 2311; x_wconf 92' lang='lat' dir='ltr'><strong>ut</strong></span> <span class='ocrx_word' id='word_1_337' title='bbox 1408 2275 1471 2321; x_wconf 91' lang='lat' dir='ltr'><strong>IV,</strong></span> <span class='ocrx_word' id='word_1_338' title='bbox 1504 2272 1596 2314; x_wconf 81' lang='lat'><strong>149.</strong></span> <span class='ocrx_word' id='word_1_339' title='bbox 1615 2275 1767 2323; x_wconf 83' lang='lat' dir='ltr'><strong>V1,37.</strong></span> 
     </span>
     <span class='ocr_line' id='line_1_71' title="bbox 1111 2329 1768 2372; baseline 0.005 -4"><span class='ocrx_word' id='word_1_340' title='bbox 1111 2331 1179 2372; x_wconf 82' lang='lat'><strong>84.</strong></span> <span class='ocrx_word' id='word_1_341' title='bbox 1230 2333 1323 2372; x_wconf 82' lang='lat'><strong>138.</strong></span> <span class='ocrx_word' id='word_1_342' title='bbox 1389 2332 1474 2367; x_wconf 88' lang='lat' dir='ltr'><strong>Una</strong></span> <span class='ocrx_word' id='word_1_343' title='bbox 1511 2332 1647 2368; x_wconf 79' lang='lat' dir='ltr'><strong>vocula</strong></span> <span class='ocrx_word' id='word_1_344' title='bbox 1686 2329 1768 2371; x_wconf 79' lang='grc' dir='ltr'><strong><em>ἐστὶ</em></strong></span> 
     </span>
     <span class='ocr_line' id='line_1_72' title="bbox 1108 2385 1768 2438; baseline 0.002 -15"><span class='ocrx_word' id='word_1_345' title='bbox 1108 2388 1209 2423; x_wconf 81' lang='lat' dir='ltr'><strong>male</strong></span> <span class='ocrx_word' id='word_1_346' title='bbox 1220 2385 1768 2438; x_wconf 82' lang='lat' dir='ltr'><strong>habetSchweighaeuserum;</strong></span> 
     </span>
     <span class='ocr_line' id='line_1_73' title="bbox 1112 2417 1768 2496; baseline 0.003 -17"><span class='ocrx_word' id='word_1_347' title='bbox 1112 2445 1255 2496; x_wconf 82' lang='lat' dir='ltr'><strong>quippe</strong></span> <span class='ocrx_word' id='word_1_348' title='bbox 1287 2458 1404 2496; x_wconf 78' lang='lat' dir='ltr'><strong>quam</strong></span> <span class='ocrx_word' id='word_1_349' title='bbox 1427 2417 1512 2482; x_wconf 68' lang='lat' dir='ltr'><strong>vel0</strong></span> <span class='ocrx_word' id='word_1_350' title='bbox 1517 2445 1600 2481; x_wconf 88' lang='lat' dir='ltr'><strong>eiici</strong></span> <span class='ocrx_word' id='word_1_351' title='bbox 1636 2445 1698 2482; x_wconf 83' lang='lat' dir='ltr'><strong>vel</strong></span> <span class='ocrx_word' id='word_1_352' title='bbox 1724 2417 1768 2481; x_wconf 73' lang='lat' dir='ltr'><strong>id</strong></span> 
     </span>
     <span class='ocr_line' id='line_1_74' title="bbox 1113 2497 1767 2549; baseline -0.003 -10"><span class='ocrx_word' id='word_1_353' title='bbox 1113 2497 1215 2539; x_wconf 81' lang='grc' dir='ltr'><strong><em>εἶναι</em></strong></span> <span class='ocrx_word' id='word_1_354' title='bbox 1236 2503 1375 2538; x_wconf 84' lang='lat' dir='ltr'><strong>mutari</strong></span> <span class='ocrx_word' id='word_1_355' title='bbox 1395 2502 1488 2539; x_wconf 86' lang='lat' dir='ltr'><strong>vult.</strong></span> <span class='ocrx_word' id='word_1_356' title='bbox 1545 2499 1661 2549; x_wconf 82' lang='lat' dir='ltr'><strong>Mihi,</strong></span> <span class='ocrx_word' id='word_1_357' title='bbox 1694 2501 1767 2537; x_wconf 85' lang='lat' dir='ltr'><strong>alia</strong></span> 
     </span>
     <span class='ocr_line' id='line_1_75' title="bbox 1111 2556 1765 2606; baseline 0.003 -13"><span class='ocrx_word' id='word_1_358' title='bbox 1111 2564 1153 2594; x_wconf 84' lang='lat' dir='ltr'><strong>ut</strong></span> <span class='ocrx_word' id='word_1_359' title='bbox 1188 2564 1359 2606; x_wconf 86' lang='lat' dir='ltr'><strong>taceam,</strong></span> <span class='ocrx_word' id='word_1_360' title='bbox 1387 2559 1448 2595; x_wconf 83' lang='lat' dir='ltr'><strong>vel</strong></span> <span class='ocrx_word' id='word_1_361' title='bbox 1476 2558 1627 2594; x_wconf 86' lang='lat' dir='ltr'><strong>initium</strong></span> <span class='ocrx_word' id='word_1_362' title='bbox 1653 2556 1765 2595; x_wconf 89' lang='lat' dir='ltr'><strong>huius</strong></span> 
     </span>
     <span class='ocr_line' id='line_1_76' title="bbox 1110 2608 1766 2661; baseline 0.005 -12"><span class='ocrx_word' id='word_1_363' title='bbox 1110 2616 1340 2651; x_wconf 83' lang='lat' dir='ltr'><strong>sententiae:</strong></span> <span class='ocrx_word' id='word_1_364' title='bbox 1381 2608 1497 2661; x_wconf 77' lang='grc' dir='ltr'><strong><em>οὗτος</em></strong></span> <span class='ocrx_word' id='word_1_365' title='bbox 1530 2612 1573 2653; x_wconf 80' lang='grc' dir='ltr'><strong>δὲ</strong></span> <span class='ocrx_word' id='word_1_366' title='bbox 1612 2629 1633 2654; x_wconf 91' lang='grc' dir='ltr'><strong><em>ο</em></strong></span> <span class='ocrx_word' id='word_1_367' title='bbox 1670 2610 1766 2660; x_wconf 84' lang='grc' dir='ltr'><strong><em>νόος</em></strong></span> 
     </span>
     <span class='ocr_line' id='line_1_77' title="bbox 1109 2666 1764 2723; baseline -0.003 -14"><span class='ocrx_word' id='word_1_368' title='bbox 1109 2671 1228 2709; x_wconf 76' lang='grc' dir='ltr'><strong><em>τοῦδε</em></strong></span> <span class='ocrx_word' id='word_1_369' title='bbox 1249 2668 1322 2710; x_wconf 77' lang='grc' dir='ltr'><strong>τοῦ</strong></span> <span class='ocrx_word' id='word_1_370' title='bbox 1347 2666 1542 2723; x_wconf 77' lang='grc' dir='ltr'><strong><em>ῥήματος,</em></strong></span> <span class='ocrx_word' id='word_1_371' title='bbox 1572 2666 1617 2710; x_wconf 74' lang='grc' dir='ltr'><strong>το“</strong></span> <span class='ocrx_word' id='word_1_372' title='bbox 1636 2668 1764 2709; x_wconf 80' lang='grc' dir='ltr'><strong><em>ἐθέλει</em></strong></span> 
     </span>
     <span class='ocr_line' id='line_1_78' title="bbox 1109 2725 1764 2779; baseline -0.006 -13"><span class='ocrx_word' id='word_1_373' title='bbox 1109 2725 1236 2779; x_wconf 79' lang='grc' dir='ltr'><strong><em>λέγειν</em></strong></span> <span class='ocrx_word' id='word_1_374' title='bbox 1267 2729 1343 2765; x_wconf 85' lang='lat' dir='ltr'><strong>tale</strong></span> <span class='ocrx_word' id='word_1_375' title='bbox 1363 2740 1442 2765; x_wconf 87' lang='lat' dir='ltr'><strong>esse</strong></span> <span class='ocrx_word' id='word_1_376' title='bbox 1460 2726 1628 2775; x_wconf 83' lang='lat' dir='ltr'><strong>videtur,</strong></span> <span class='ocrx_word' id='word_1_377' title='bbox 1651 2726 1764 2778; x_wconf 82' lang='lat' dir='ltr'><strong>quale</strong></span> 
     </span>
    </p>
   </div>
  </div>
 </body>
</html>
