1815 3181
247 941 314 986 66

43 1005 198 1066 Εξηζξξῑξ
213 1005 304 1074 22¹¹?
349 1009 604 1061 Ξλαχθεῖσαι
642 1004 900 1059 τυράννων,
941 1005 1136 1061 ἐγίνοντο
1167 1005 1352 1060 μέζονες.

44 1077 192 1108 tyrannos
211 1074 317 1113 expul-

42 1115 92 1134 sos
100 1115 196 1144 usque
205 1107 242 1136 ad
254 1107 319 1135 Ari

379 152 460 192 112

772 150 1241 187 HERODOTI

378 259 555 313 Κόδρον
595 275 639 302 τε
678 258 750 302 καὶ
789 259 1052 307 Μέλανθον,
1097 261 1141 302 οἳ
1177 259 1394 314 πρότερον
1435 258 1641 314 ἐπήλυδες

377 327 542 378 ἐόντες,
574 325 773 381 ἐγένοντο
802 323 1047 382 Ἀθηναίων
1075 327 1279 382 βασιλέες.
1311 328 1379 371 ἐπὶ
1404 325 1566 370 τούτου
1596 327 1641 371 δὲ
1654 333 1696 368 15

353 396 459 438 ὁκαὶ
492 393 631 437 τώυτό
676 391 844 449 οὕνομα
884 392 1238 450 ἀπεμνημόνευσε
1263 392 1549 450 Ἱπποκράτης
1576 399 1638 449 τῷ

374 463 496 506 παιδὶ
527 462 711 509 θέσθαι,
751 461 830 504 τόν
861 464 1204 516 Πεισίστρατον,
1241 461 1311 505 ἐπὶ
1349 466 1430 506 τοῦ
1471 462 1638 505 Νέστο-

346 537 457 585 6ρος
489 528 805 582 Πεισιστράτου
833 529 1090 585 ποιεύμενος
1120 529 1198 585 τὴν
1228 531 1488 586 ἐπωνυμίην.

375 616 434 642 τω
464 598 541 653 μὲν
575 596 800 653 Ἀθηναῖοι
850 597 1083 651 τυράννων
1129 597 1491 654 ἀπαλλάχθησαν·

1556 527 1638 573 Οὕ-

1555 596 1638 640 ὅσα

375 667 421 710 δὲ
451 665 817 719 ἐλευθερωθέντες
848 665 974 718 ἔρξαν
1005 665 1034 721 ἢ
1082 667 1249 710 ἔπαθον
1289 665 1489 722 ἀξιόχρεα
1528 661 1634 719 ἄπη-
1647 670 1694 704 20

372 734 544 790 γήσιος,
585 733 690 786 πρὶν
719 733 748 789 ἢ
775 731 940 789 Ἰωνίην
969 749 1012 777 τε
1044 733 1283 789 ἀποστῆναι
1312 733 1397 776 ἀπὸ
1429 734 1638 785 Δαρείου,

373 802 447 844 καὶ
471 799 777 856 Ἀρισταγόρεα
797 799 876 843 τόν
905 801 1126 856 Μιλήσιον
1156 801 1421 857 ἀπικόμενον
1451 801 1493 851 ές
1516 797 1639 855 Ἀθή-

373 885 453 920 νας
481 873 640 926 χρῇσαι
671 869 821 925 σφέων
851 868 1073 924 βοηθέειν,
1113 873 1250 912 ταῦτα
1280 872 1431 923 πρῶτα
1463 868 1635 923 φράσω.

451 936 659 994 Ἀθῆναι,
701 937 855 980 ἐοῦσαι
896 937 969 979 καὶ
999 937 1105 991 πρὶν
1133 937 1333 993 μεγάλαι,
1369 935 1465 980 τότε
1507 932 1640 978 ἀπαλ-

1411 1019 1459 1046 εν
1489 1002 1534 1046 δὲ
1566 1000 1640 1045 αὖ·

375 1078 474 1131 τῇσι
505 1072 587 1117 δύο
618 1073 772 1128 ἄνδρες
802 1071 1116 1126 έδυναστευον,
1148 1071 1415 1127 Κλεισθένης
1440 1086 1498 1121 τε,
1528 1068 1639 1126 ἀνὴρ
1651 1073 1696 1109 25

319 1242 362 1272 ut
392 1237 552 1282 Ionum,
597 1237 664 1287 qui
692 1242 777 1286 post
811 1233 981 1271 Codrum

318 1299 516 1329 mortuum
538 1305 639 1329 anno
663 1295 770 1332 1130
799 1292 839 1327 in
867 1292 981 1328 Asiae

319 1350 514 1400 oppositae
543 1362 650 1385 oram
679 1349 981 1398 commigrarunt

320 1404 401 1442 dux
420 1408 711 1442 constitueretur
732 1406 894 1448 Neleus,
915 1417 983 1440 ea—

321 1461 411 1499 dem
420 1462 484 1498 illa
495 1470 702 1513 prognatus
713 1463 840 1512 stirpe.
860 1462 981 1497 Prae-

320 1526 378 1556 ter
387 1518 565 1556 Larcher.
587 1526 719 1556 notam
736 1517 785 1555 ad
804 1517 881 1556 h.l.
898 1516 978 1555 vid.

323 1577 365 1613 C.
389 1577 433 1613 Ο.
454 1577 603 1612 Miiller.
631 1573 860 1613 Orchomen.
888 1587 978 1625 pag.

321 1635 416 1673 366.
462 1634 561 1669 Hinc
580 1634 680 1680 satis,
701 1633 847 1682 opinor,
869 1637 979 1681 pate—

321 1689 375 1725 bit
390 1719 400 1736 ,
423 1702 519 1741 quae
539 1688 778 1726 Pisistratidis
798 1701 887 1724 cum
908 1700 979 1723 an-

321 1747 434 1796 tiquis
461 1747 610 1782 Atticae
631 1752 752 1782 terrae
770 1745 921 1794 regibus
943 1750 979 1780 et

323 1816 413 1839 cum
433 1803 514 1853 ipso
534 1803 652 1838 Neleo
662 1803 897 1853 Nestoreque
916 1801 981 1836 iu-

317 1860 527 1896 tercesserit
560 1860 750 1908 cognatio.
787 1881 839 1885 —
904 1858 979 1892 Pro

322 1916 509 1966 βασιλῆες
536 1914 694 1952 exhibui
723 1912 911 1965 βασιλέες,
944 1919 981 1950 et

321 1986 389 2023 pro
412 1969 563 2011 αὐτέων
584 1971 672 2008 dedi
702 1967 847 2010 αὐτῶν.

378 2028 440 2069 ἐπὶ
473 2027 615 2067 τούτου
655 2027 697 2066 δέ
733 2026 802 2066 καὶ
848 2020 979 2065 τωύτο

323 2083 479 2135 οὕνομα
500 2079 825 2135 ἀπεμνημόνευσε
843 2081 980 2121 Ιππο-

322 2139 469 2193 κράτης
500 2156 535 2179 κ.
563 2156 596 2179 τ.
622 2141 685 2188 λ.]
733 2141 981 2189 Hippocrates

323 2206 417 2236 teste
439 2196 631 2234 Herodoto
650 2198 680 2244 1,
701 2195 767 2241 59,
787 2195 979 2241 Pisistrati,

325 2254 618 2292 Atheniensium
656 2252 809 2304 tyranni
824 2280 833 2298 ‚
873 2257 981 2300 pater

325 2319 407 2358 est,·
438 2312 505 2362 qui
535 2311 613 2360 ipse
640 2310 680 2345 in
714 2321 804 2345 suae
829 2308 982 2356 originis

325 2368 552 2405 memoriam
582 2366 658 2402 filio
696 2376 839 2401 nomen
879 2361 982 2399 dedit

326 2424 538 2469 Pisistrati,
578 2422 736 2459 ductum
763 2421 809 2456 ab
828 2420 893 2456 illo
914 2421 981 2455 Pi-

325 2482 484 2527 sistrato,
508 2480 573 2532 qui
592 2479 756 2515 Nestoris
767 2478 864 2513 filius
883 2476 980 2526 Pylo

326 2537 494 2574 Athenas
515 2536 748 2585 confwrerat.
805 2534 980 2583 Namque

326 2595 440 2631 verba
461 2591 525 2632 ἐπὶ
556 2589 699 2631 τούτου
731 2603 824 2626 mox
856 2589 980 2639 expli-

327 2658 460 2687 cantur
471 2646 754 2701 quodammodo
776 2645 896 2683 verbis
918 2643 982 2683 ἐπὶ

326 2708 399 2746 τοῦ
447 2705 646 2757 Νέστορος
699 2696 980 2752 ΙΙεισιστρατου

327 2777 564 2813 ποιευμενος
608 2758 680 2813 τήν
727 2757 979 2809 ἐπωνυμίην,

1037 1235 1104 1271 ubi
1133 1233 1180 1271 de
1210 1247 1281 1271 usu
1308 1231 1592 1284 praepositionis
1631 1228 1698 1269 ε’πὶ

1036 1290 1114 1328 vid.
1136 1298 1231 1328 nott.
1252 1289 1300 1327 ad
1312 1291 1374 1338 IV,
1387 1288 1441 1329 45
1465 1295 1501 1324 et
1510 1287 1557 1325 de
1576 1287 1698 1337 sigui-

1036 1348 1212 1385 ficatione
1243 1348 1347 1384 vocis
1375 1345 1580 1395 ἐπωνυμίη
1599 1350 1697 1382 nott.

1037 1404 1086 1441 ad
1115 1406 1150 1449 Ι,
1188 1404 1252 1444 14.
1286 1403 1354 1441 Cr.
1388 1401 1437 1438 ad
1455 1400 1550 1438 haec
1571 1402 1698 1437 Hero—

1039 1461 1119 1498 doti
1142 1461 1258 1498 verba
1277 1459 1425 1497 confert
1443 1457 1618 1495 Eustath.
1647 1455 1698 1494 ad

1039 1517 1172 1569 Odyss.
1193 1518 1260 1565 111,
1281 1516 1363 1557 415
1380 1528 1468 1566 pag.
1481 1513 1559 1555 135
1579 1514 1699 1551 Basil.

1034 1596 1091 1601 -—
1120 1576 1165 1610 In
1194 1586 1300 1625 seqq.
1333 1571 1441 1619 dedi,
1472 1569 1576 1637 quod
1590 1568 1696 1634 plu—

1035 1632 1122 1667 rimi
1150 1631 1335 1667 iubebant
1365 1627 1478 1665 codd.
1514 1622 1696 1691 ἀξιόχρεα

1034 1700 1104 1738 pro
1126 1682 1379 1737 αξιόχρεω,11ῒ
1397 1685 1462 1732 IV,
1486 1685 1564 1723 129
1584 1678 1701 1730 αξιό-.

1036 1758 1147 1795 χρεος
1167 1756 1236 1793 pro
1259 1738 1493 1793 αξιόχρεως,
1522 1740 1694 1791 itemque

1034 1813 1130 1836 mox
1148 1802 1291 1852 χρῇσαι
1310 1811 1379 1850 pro
1395 1797 1567 1848 χρηΐσαι,
1590 1793 1696 1847 quod

1036 1855 1244 1894 Schaefer.
1269 1862 1307 1892 et
1335 1854 1471 1891 Matth.
1502 1850 1698 1890 exhibent.

1036 1914 1102 1951 Tu
1122 1912 1224 1950 conf.
1244 1912 1289 1960 V,
1315 1914 1380 1952 18.
1401 1913 1471 1951 20·

1248 2001 1340 2052 Cap.
1360 2000 1496 2037 LXVI.

1089 2077 1270 2130 Ἀθῆναι
1297 2101 1355 2108 -
1382 2078 1559 2130 ἐγίνοντο
1582 2075 1697 2128 μέζο-

1035 2138 1128 2186 νες]
1167 2139 1250 2173 Ηοο
1288 2149 1337 2172 ex
1366 2136 1452 2173 loco
1485 2132 1589 2171 haud
1617 2135 1696 2170 scio

1036 2206 1085 2229 an
1104 2195 1219 2244 ipsius
1232 2193 1421 2242 scriptoris
1443 2191 1590 2227 eluceat
1609 2190 1697 2227 ani-

1035 2262 1120 2286 mus
1160 2262 1182 2286 a
1226 2256 1479 2300 tyrannorum
1533 2247 1695 2298 imperio

1040 2318 1156 2357 quam
1186 2306 1355 2342 maxime
1385 2305 1529 2341 alienus
1557 2310 1594 2340 et
1621 2315 1695 2354 po-

1038 2363 1161 2412 pulari
1180 2363 1340 2413 imperio
1362 2361 1602 2411 potissimum
1623 2358 1694 2396 de—

1038 2419 1157 2455 ditus:
1179 2418 1220 2455 id
1241 2417 1344 2469 quod
1364 2418 1428 2454 alii
1447 2429 1600 2468 quoque
1619 2415 1695 2453 loci

1036 2476 1179 2511 in‘eius
1198 2475 1299 2512 libris
1321 2475 1422 2511 obvii
1445 2472 1612 2510 indicare
1632 2473 1692 2510 vi-

1037 2531 1185 2568 dentur.
1226 2531 1283 2568 Cf.
1304 2532 1384 2578 VII,
1408 2530 1487 2571 156
1509 2529 1574 2566 fin.
1601 2526 1691 2569 164.

1036 2590 1169 2639 Neque
1198 2594 1325 2624 tamen
1358 2585 1398 2623 id
1426 2586 1497 2623 sibi
1536 2583 1692 2622 indulsit

1036 2642 1212 2680 historiae
1230 2651 1348 2695 pater,
1369 2649 1411 2679 ut
1430 2642 1595 2693 partium
1609 2647 1692 2677 stu-

1039 2699 1101 2737 djo
1123 2701 1309 2737 obnoxius
1330 2711 1457 2736 rerum
1476 2696 1692 2747 fidemper-

1038 2757 1206 2794 turbaret
1235 2764 1347 2809 atque
1369 2760 1564 2794 everteret.
1632 2751 1692 2790 cf.
