1834 3258
439 267 913 306 POLYMNIA.
972 269 1074 306 VII.

1304 268 1390 309 533

121 395 226 424 τατα
255 376 328 421 καὶ
358 377 812 433 μεγαλοπρεπέστατα,
847 375 984 421 ὀπίσω
1015 377 1061 420 δὲ
1089 375 1189 430 περὶ
1220 375 1387 420 ἑωυτοῦ

93 447 283 503 3τρέχων
311 444 429 502 ἥξειν
452 444 495 495 ἐς
523 443 599 488 τὸν
629 443 766 488 αὐτόν
794 448 952 500 χῶρον.

1011 443 1201 499 Ἐγένετο
1236 443 1282 488 δὲ
1313 445 1385 488 καὶ

121 515 268 569 ἕτερον
298 511 417 569 αὐτῷ
447 513 585 569 τέρας,
617 512 732 556 ἐόντι
762 512 809 556 ἐν
839 512 1054 567 Σάρδισι·
1091 511 1274 570 ἡμίονος
1304 513 1443 568 yde-45

119 671 249 716 ὀπίσω
279 671 321 713 δὲ
343 672 432 725 περὶ
462 672 615 714 ἑωυτοῦ
634 672 722 727 τρέ-

62 747 140 784 χων
156 729 295 784 ἥξειν]
326 726 453 770 ὀπίσω
481 733 645 782 pertinet
673 731 722 769 ad

61 788 172 841 ἥξειν
185 788 397 840 (redzturum
412 789 513 838 esse).
555 788 618 825 Ad
632 802 722 825 ver-

8 871 12 882 .
59 847 108 884 ba
137 844 227 898 περὶ
253 844 404 884 ἑωυτοῦ
423 844 570 897 τρέχων
594 846 720 896 suppl.

58 904 119 941 vel
139 899 298 955 ἀγῶνα,
334 900 437 954 quod
472 903 597 952 ipsum
619 902 721 939 adie-

58 967 164 998 ctum
198 960 384 1009 reperitur
432 957 533 1009 apud
569 961 719 1010 Eunap.

57 1019 130 1054 Vit.
151 1018 311 1053 Maxim.
332 1014 432 1052 Phil.
452 1028 540 1066 pag.
560 1019 639 1056 100
662 1018 719 1067 (Ρ.

58 1077 123 1114 69.
155 1075 236 1114 340
257 1072 318 1109 ed.
347 1073 540 1122 Boisson.)
574 1072 719 1110 Herod.

55 1131 154 1178 VIII,
198 1131 277 1169 102
311 1130 372 1165 vel
411 1124 572 1178 δρόμον,
615 1129 719 1180 quod

54 1186 158 1224 idem
179 1186 375 1238 aliquoties
404 1184 577 1222 additum
605 1186 719 1223 inve-

53 1245 177 1291 nitur,
229 1249 387 1279 notante
440 1240 635 1280 Schaefer.
669 1242 719 1279 ad

10 1317 18 1322 ³
53 1301 189 1339 Lamb.
210 1300 299 1337 Bos.
319 1301 377 1336 De
396 1300 546 1350 Ellipss.
565 1312 604 1350 Ρ.
624 1302 717 1340 120.

56 1361 148 1406 122,
169 1358 231 1395 vel
243 1356 407 1408 denique
427 1356 631 1404 κίνδυνον,
649 1369 718 1393 eo-

55 1414 145 1452 dem
164 1421 347 1451 monente
368 1412 574 1451 Schaefero
594 1413 620 1449 l.
641 1413 717 1464 l.p.

53 1474 136 1512 222
157 1478 193 1508 et
214 1472 307 1518 919,
328 1471 395 1507 ubi
406 1470 717 1506 Ammian.Mar-

53 1528 179 1565 cellin.
199 1528 341 1575 XXIV,
361 1526 386 1567 4
416 1525 559 1570 laudat,
590 1525 719 1563 dicen-

52 1591 153 1622 tem:
189 1582 318 1633 „nihil
353 1584 607 1620 munitoribus
638 1590 717 1621 erat

51 1654 120 1693 pro
141 1642 260 1678 salute
291 1641 509 1678 currentibus
534 1647 716 1677 metuen-

52 1698 147 1735 dum
189 1705 254 1735 aut
285 1697 455 1734 diruln.“
514 1699 583 1734 Est
621 1710 713 1735 vero

52 1754 197 1792 dictum
232 1754 381 1807 τρέχειν
426 1752 518 1806 περὶ
562 1753 716 1794 ἑωυτου

50 1825 118 1864 pro
147 1810 238 1863 περὶ
268 1814 340 1862 τῆς
364 1813 499 1862 ψυχῆς
526 1824 553 1849 S.
588 1823 715 1863 σωτη-

52 1869 140 1921 ρίας
159 1867 328 1921 τρέχειν,
321 1885 329 1892 ·
357 1881 451 1904 nam
472 1867 519 1904 de
533 1869 611 1905 vita
630 1882 715 1905 cer-

50 1932 172 1963 tantes
202 1924 424 1962 dicebantur
453 1923 545 1976 περὶ
579 1927 715 1976 ψυχῆς

51 1981 199 2034 τρέχειν
242 1982 303 2019 vel
339 1976 607 2032 α’γωνίζεσθαι
650 1982 712 2019 vel

51 2033 328 2087 κινδυνεύειν,
364 2045 408 2074 ut
438 2037 540 2089 apud
567 2037 711 2075 Herod.

49 2097 181 2143 1X,37
203 2096 359 2146 aliisque
378 2096 502 2131 locisa
518 2093 710 2132 Gatakero

52 2153 171 2189 allatis
200 2153 241 2188 in
271 2153 368 2188 Diss.
401 2150 448 2188 de
467 2152 565 2203 stylo
589 2153 637 2192 N.
658 2152 710 2190 T.

49 2222 132 2261 cap.
167 2210 232 2249 10.
290 2210 424 2260 Neque
452 2206 529 2245 huc
559 2221 638 2245 non
658 2208 713 2244 fa-

50 2267 101 2304 cit
136 2264 277 2302 Herod.
306 2266 406 2313 vm,
438 2264 593 2306 20174.
618 2267 710 2305 102.

51 2322 149 2363 140:
202 2323 338 2374 quibus
394 2323 486 2359 locis
534 2321 712 2359 omnibus

49 2380 367 2430 praepositionem
386 2377 477 2429 περὶ
490 2379 629 2429 excipit
639 2391 711 2428 ge-

49 2437 213 2472 nitivus:
255 2442 297 2472 ut
322 2449 413 2473 sane
441 2436 588 2472 mireris
622 2434 662 2472 h.
683 2435 709 2472 l.

49 2504 71 2529 a
101 2490 307 2529 Schaefero
337 2506 415 2529 esse
443 2491 589 2528 editum
618 2490 710 2543 περὶ

51 2547 185 2601 ἑωυτῷ
205 2561 253 2584 ex
282 2561 360 2585 uuo
390 2549 579 2586 Sancrofti
598 2549 709 2586 libro.

49 2605 227 2642 Pluribus
257 2617 410 2656 quoque
441 2604 488 2641 de
508 2603 580 2642 hac
599 2607 710 2642 locu-

51 2662 153 2698 tione
174 2660 347 2698 disseruit
367 2662 502 2698 Portus
521 2663 560 2697 in
576 2663 708 2698 Lexic.

51 2719 169 2755 Ionio.
198 2731 227 2755 s.
248 2731 285 2754 v.
317 2718 472 2769 eiusque
499 2716 603 2755 hunc
630 2718 711 2754 fere

53 2787 204 2812 sensum
217 2787 295 2811 esse
314 2781 416 2811 recte
437 2775 587 2811 statuit:
619 2774 662 2811 de
677 2787 712 2811 se

53 2832 126 2880 ipso
140 2831 334 2882 periculum
345 2830 445 2868 adire
453 2843 483 2867 s.
489 2843 555 2881 pro
573 2842 636 2867 suo
647 2843 712 2867 ca-

50 2888 122 2936 pite
127 2887 320 2938 periculum
329 2889 565 2936 incurreress'n‘
572 2886 713 2938 aliquid

778 677 909 726 capitis
915 674 1113 725 periculum
1123 675 1342 723 2·ncz‘clere‚ad
1352 675 1445 726 quod

777 733 961 769 vitandum
988 733 1147 769 maxima
1177 735 1329 781 corporis
1364 735 1444 770 ani-

777 791 892 839 mique
912 791 1148 836 contentione,
1178 789 1307 835 studio,
1337 801 1443 826 cursu

778 850 810 883 et
830 846 1005 883 celeritate
1021 847 1067 882 sit
1089 859 1186 896 opus·
1227 847 1344 882 Recte
1365 847 1443 896 igi-

777 909 840 940 tur
879 901 1100 952 Schweigh.
1147 904 1441 952 interpretatur:

778 959 959 1008 „Xerxem
1000 961 1138 1007 ingenti
1177 960 1313 1008 quidem
1335 959 1441 1009 fastu

776 1020 809 1054 et
832 1017 1096 1067 magnificentia
1125 1018 1313 1053 exercitum
1340 1029 1441 1053 suum

777 1073 966 1110 ductarum
989 1086 1061 1109 esse
1078 1075 1118 1109 z’n
1149 1072 1359 1120 Graeciam,
1381 1073 1441 1110 sed

776 1142 853 1167 cum
876 1131 1041 1179 propriae
1060 1131 1156 1166 vitae
1171 1129 1327 1179 periculo
1356 1142 1439 1167 eun-

775 1186 910 1224 demin
939 1187 1049 1223 locum
1075 1186 1311 1224 rediturum.“
1342 1186 1440 1232 Qui-

775 1244 846 1280 bus
894 1242 1112 1280 Valcken.
1152 1240 1248 1279 haec
1297 1241 1441 1280 adscri-

774 1301 869 1351 psit:
919 1297 1108 1347 „Quando
1128 1300 1277 1336 Xerxes
1296 1297 1360 1336 hic
1380 1298 1441 1337 di-

774 1358 873 1393 citur
899 1356 941 1392 in
970 1368 1136 1407 regnum
1174 1355 1364 1393 rediturus
1394 1362 1438 1393 ut

773 1415 881 1465 lepus
935 1412 1027 1465 περὶ
1072 1411 1226 1452 ἑωυτοῦ
1275 1410 1436 1465 τρέχειν,

775 1470 1023 1522 proverbium
1062 1470 1261 1521 respicitur
1293 1468 1439 1507 Suidae

775 1534 1034 1564 memoratum
1078 1528 1120 1563 in
1159 1522 1307 1578 Λαγώς
1345 1525 1438 1578 περὶ

772 1587 854 1624 τῶν
871 1586 1000 1636 κρεῶν
1022 1584 1076 1632 [Π
1090 1597 1130 1635 p.
1151 1582 1269 1632 408],
1293 1581 1438 1620 dictum

771 1640 837 1682 ε’πὶ
857 1644 937 1680 τῶν
949 1637 1337 1680 διακινδυνευόντων
1352 1643 1439 1687 ταῖς

771 1702 943 1750 ψυχαῖς-ε
977 1697 1078 1736 conf'.
1112 1697 1344 1744 Zenob.IV‚
1369 1696 1436 1737 85.

770 1757 866 1792 Illuc
904 1755 1099 1805 spectabat
1127 1760 1166 1791 et
1207 1750 1437 1803 Aristopha-

771 1826 851 1860 nes,
866 1810 970 1865 quod
989 1811 1085 1849 vidit
1103 1812 1254 1847 Kuster.
1274 1810 1314 1846 in
1335 1811 1435 1847 Rau.

777 1871 876 1917 193,
925 1868 1080 1920 quando
1113 1868 1282 1918 scripsit.
1316 1865 1353 1905 εἰ
1378 1864 1436 1917 μή

770 1923 1048 1976 νεναυμάχηκε
1087 1938 1164 1974 την
1221 1920 1313 1974 περὶ
1352 1937 1437 1961 των

769 1984 912 2034 κρεῶν.
953 1979 1068 2018 Aliud
1089 1978 1152 2017 hic
1162 1980 1300 2016 Nostro
1321 1991 1435 2030 prae-

768 2046 871 2076 terea
898 2039 1022 2089 potuit
1057 2036 1247 2075 obversari
1276 2049 1436 2086 prover-

766 2097 887 2142 bium,
911 2093 1044 2147 quod
1033 2108 1073 2131 m
1093 2093 1352 2131 adversarium
1364 2091 1436 2129 de-

769 2159 922 2205 torquet
941 2150 1190 2190 Demosthen.
1212 2151 1271 2186 De
1291 2150 1433 2186 Coron.

768 2224 805 2260 Ρ.
831 2212 910 2250 183
934 2209 1002 2260 [Ρ.
1026 2207 1120 2255 314,
1143 2206 1293 2255 24R.]
1326 2202 1433 2258 λαγω

768 2265 895 2318 βίου’
883 2265 990 2316 ε’ζης,
1021 2261 1161 2310 δεδιως
1184 2262 1252 2302 καὶ
1278 2261 1433 2313 τρέμων

766 2321 834 2362 καὶ
865 2318 926 2361 οἷεὶ
949 2317 1229 2374 πληγήσεσθαι
1258 2319 1434 2371 προσδο-

764 2382 870 2419 xciv:
920 2377 1036 2416 habet
1065 2385 1103 2414 et
1131 2378 1204 2414 Dio
1236 2375 1429 2427 chrysost.

765 2451 805 2488 Ρ.
839 2438 918 2477 611
961 2437 1009 2473 D.
1049 2433 1127 2474 vid.
1167 2431 1430 2470 Hemsterhus.

766 2493 814 2531 ad
834 2493 993 2530 Lucian.
1015 2492 1151 2530 Somn.
1183 2504 1222 2542 p.
1253 2492 1304 2530 13
1329 2490 1416 2539 [ΙΡ
1391 2503 1430 2539 Ρ.

769 2552 847 2591 187
890 2550 1011 2601 Bipm]
1070 2549 1170 2585 Hinc
1203 2546 1432 2584 nonnemini

764 2605 918 2656 τρέμων
958 2607 1151 2657 placuerat
1197 2605 1236 2640 in
1285 2600 1430 2638 Herod.

766 2661 978 2713 Antiphon.
1012 2676 1051 2713 p.
1076 2663 1166 2707 118,
1188 2659 1240 2700 34
1270 2660 1327 2708 [Ρ.
1350 2657 1431 2698 646

766 2721 813 2756 R·
826 2720 912 2757 coll.
931 2716 1133 2767 655]περ“ι
1148 2731 1219 2765 της
1242 2711 1431 2762 εὐδαιμο-

767 2776 858 2821 νίας
872 2774 1023 2826 τρέμων
1039 2789 1093 2824 μη
1108 2768 1250 2811 αποστε
1254 2771 1408 2823 ρηθῆ.ιι

823 2830 994 2881 ἡμίονος
1012 2845 1085 2882 γαρ
1110 2827 1212 2866 ἔτεκε
1235 2825 1426 2878 ημίονον]

766 2887 854 2925 Vid.
873 2894 971 2924 nott.
992 2885 1040 2923 ad
1070 2883 1261 2932 111‚153;
1291 2883 1429 2935 quibus
