1851 3181
426 231 510 272 568

822 231 1287 271 HERODOTI

424 340 512 385 ὑπὸ
543 340 588 384 δὲ
621 342 733 383 τοῖσι
763 339 924 395 ἅρμασι
951 337 1126 397 ὑπῆσαν
1157 342 1282 385 ’ἵπποι
1311 342 1385 386 καὶ
1415 343 1513 388 ὄνοι
1534 344 1689 401 ἄγριοι.

398 407 640 462 ΞΒάκτριοι
684 407 729 451 δὲ
760 407 1024 452 ἐσκευάδατο
1066 409 1277 462 ὡσαύτως
1305 412 1379 454 καὶ
1400 412 1445 456 ἐν
1473 416 1533 471 τῷ
1562 417 1689 473 πεζῷ,

426 478 498 521 καὶ
527 474 720 519 Κάσπιοι
749 475 923 531 ὁμοίως.

982 479 1141 534 Λίβυες
1171 480 1217 522 δὲ
1246 479 1318 523 καὶ
1344 480 1471 523 αὐτοὶ
1496 480 1689 536 κατάπερ

425 545 472 587 ἐν
501 546 561 602 τῷ
589 547 722 602 πεζῷ·
763 544 962 600 ἤλαυνον
990 545 1035 589 δὲ
1066 547 1139 588 καὶ
1169 541 1294 590 οὗτοι
1322 547 1479 599 πάντες
1499 548 1683 603 ἅρματα.
1700 555 1746 588 20

427 611 486 662 ὣς
518 610 552 654 δ’
593 611 734 664 αὕτως
767 612 1009 667 Κάσπειροι
1049 614 1120 656 καὶ
1154 614 1420 670 Παρικάνιοι
1461 615 1692 672 ἐσεσάχατο

398 678 592 734 ὃὸμοίως
631 680 704 722 καὶ
742 679 790 724 ἐν
823 684 884 738 τῷ
913 684 1046 739 πεζῷ·

1105 679 1299 739 Ἀράβιοι
1341 683 1387 726 δὲ
1426 683 1584 739 σκευὴν
1616 684 1694 739 μὲν

425 745 542 804 εἶχον
571 746 650 804 τὴν
680 746 818 803 αὐτήν
847 749 920 793 καὶ
949 748 994 792 ἐν
1024 752 1084 806 τῷ
1113 754 1247 809 πεζῷ·
1278 749 1472 806 ἤλαυνον
1502 751 1548 795 δὲ
1586 751 1692 795 πάν-

371 920 472 972 apud
500 922 614 959 Dion.
645 921 746 959 Cass.
775 922 957 971 XXXVI,
979 923 1033 962 32

372 978 656 1029 distinguuntur
684 979 755 1016 viri
785 979 826 1018 οἱ
856 977 929 1030 μὲν
968 977 1034 1018 ἐπὶ

371 1031 568 1086 κελήτων,
613 1035 656 1074 οἵ
679 1033 721 1075 δὲ
741 1031 803 1086 ἐφ’
832 1031 1032 1088 ἁρμάτων.

370 1094 449 1129 Nec
466 1094 572 1129 aliter
592 1091 807 1129 Herodotus
825 1092 1032 1143 distinguit,

370 1149 484 1186 Indos
508 1162 664 1186 narrans
698 1156 736 1186 et
774 1163 892 1201 equos
922 1162 1034 1200 agere

371 1205 440 1254 (ad
469 1205 746 1258 equitandum)
789 1213 825 1243 et
854 1207 1033 1258 plaustra.

371 1264 470 1299 Hinc
491 1264 669 1310 veniunt,
690 1269 733 1299 ut
759 1264 844 1300 satis
874 1270 1032 1311 constat,

371 1321 595 1356 Latinorum
632 1319 782 1368 Celeres,
820 1319 867 1356 de
897 1320 1034 1371 quibus

371 1375 447 1412 vid.
486 1378 547 1415 Fr.
587 1374 754 1413 Muhlert
794 1378 853 1413 De
881 1378 1034 1428 Equiti-

372 1434 442 1470 bus
471 1435 625 1470 Romm.
658 1434 695 1479 ξ.
721 1436 740 1472 1
765 1440 801 1471 et
821 1436 862 1474 2.
918 1432 1035 1483 Apud

372 1488 612 1527 Herodotum
662 1488 766 1542 quod
813 1488 1035 1540 Schweigh-

373 1546 431 1594 (in
451 1548 546 1584 Lex.
568 1544 728 1598 Herod.)
759 1559 827 1597 pro
857 1543 1035 1597 ἤλαυνον

374 1600 416 1641 δὲ
441 1601 605 1653 κέλητας
632 1604 786 1640 rescribi
808 1604 890 1641 vult
909 1600 1036 1654 ἤλαυ-

374 1674 446 1698 νον
460 1674 482 1697 κ
495 1659 547 1698 αὶ
567 1658 747 1710 κέλητας,
771 1660 838 1696 vix
857 1660 935 1696 ulla
947 1673 1036 1696 mu-

374 1714 479 1752 tandi
499 1717 698 1754 necessitas
715 1723 923 1767 comparet.

429 1771 496 1811 καὶ
514 1770 602 1812 ὄνοι
623 1770 778 1825 ἄγριοι]
811 1771 1036 1823 Asinosferos

373 1843 402 1865 s.
428 1829 591 1878 Onagros
623 1830 764 1866 Ctesias
787 1842 940 1882 quoque
960 1842 1036 1866 no-

374 1886 426 1922 vit
455 1885 598 1923 Indico.
629 1888 666 1932 ξ.
687 1885 740 1927 25
773 1887 859 1923 0011.
879 1887 1032 1923 Aelian.

374 1943 420 1978 N.
442 1943 489 1982 A,
511 1944 574 1990 IV,
597 1942 669 1991 523
694 1941 743 1979 ad
763 1956 878 1994 quem
907 1944 1037 1980 locum

374 1998 481 2049 (pag.
503 2001 583 2040 329
603 1999 781 2050 fragmm.
805 2000 924 2050 Ctes.)
946 2001 1037 2036 reli-

376 2068 451 2106 qua
476 2062 648 2092 veterum
668 2057 888 2093 testimonia
908 2056 956 2094 de
977 2055 1036 2093 his

376 2112 486 2148 asinis
516 2112 604 2149 feris
641 2114 750 2150 attuli
773 2120 810 2150 et
841 2113 1038 2165 quodnam

375 2181 465 2204 sane
486 2169 627 2205 animal
653 2170 949 2220 intelligendum
978 2171 1036 2218 sit,

377 2224 584 2275 disquisivi.
662 2227 713 2262 Ut
744 2228 846 2262 enim
873 2228 1037 2275 mittam,

377 2293 474 2332 quae
495 2281 592 2317 mira
621 2288 658 2318 et
687 2282 858 2319 fabulosa
889 2282 936 2320 de
966 2282 1038 2320 hac

376 2337 493 2373 bestia
515 2350 536 2373 a
546 2338 668 2374 etesia
680 2339 926 2388 proferuntur
939 2338 1039 2376 hau-

376 2400 433 2430 sta
463 2394 526 2430 illa
556 2393 734 2445 quidem,
762 2402 805 2433 ut
835 2395 996 2444 videtur,
1020 2409 1040 2432 e

377 2450 482 2500 vulgi
523 2449 783 2490 traditionibus
823 2458 859 2488 et
898 2465 1041 2489 monu-

376 2513 597 2543 mentorum
667 2509 1040 2559 Persepolitanorum

378 2563 627 2614 imaginibus3
663 2572 791 2601 nostra
811 2571 932 2601 aetate
952 2566 1038 2601 sue-

380 2633 438 2667 re,
470 2622 536 2672 qui
558 2620 605 2657 de
624 2620 783 2659 Asiatico
805 2621 1038 2659 Rln'nocerote

380 2678 591 2725 cogitarent
613 2685 676 2714 aut
699 2677 745 2714 de
770 2679 842 2715 alia
872 2677 1039 2729 quadam

382 2734 496 2769 bestia
517 2747 584 2784 per
614 2735 801 2771 interioris
821 2735 933 2771 Asiae
954 2736 1037 2785 pla-

381 2802 444 2837 gas
467 2791 630 2839 palante,
651 2790 862 2828 Larcherus
884 2791 1038 2828 Zabram

381 2846 576 2884 intellexit.
606 2847 797 2899 Equidem
818 2848 1038 2899 peritiorum

1089 921 1230 960 iudicia
1267 923 1309 959 in
1341 922 1479 960 talibus
1519 928 1752 973 exspectans,

1088 981 1209 1017 nolim
1223 978 1448 1017 discernere.
1505 981 1640 1031 Neque
1671 981 1753 1015 He-

1089 1036 1245 1074 rodotus
1255 1038 1346 1074 tales
1368 1038 1491 1074 asinos
1511 1037 1590 1087 ipse
1615 1035 1752 1074 vidisse

1091 1094 1262 1131 videtur:
1308 1107 1401 1145 quos
1433 1094 1575 1145 alioqui
1595 1105 1753 1130 accura-

1090 1152 1164 1188 tius
1194 1150 1459 1201 descripsisset.

1146 1208 1297 1258 Λίβυες
1324 1204 1366 1246 ὁὲ
1385 1206 1454 1245 καὶ
1475 1201 1590 1245 αὐτοὶ
1606 1220 1641 1244 κ.
1654 1220 1686 1243 τ.
1697 1205 1752 1253 λ.]

1090 1263 1247 1314 Libyam
1277 1263 1339 1300 hic
1354 1264 1508 1300 nullum
1527 1276 1606 1299 esse
1625 1263 1755 1298 locum

1091 1319 1327 1357 contendeus
1375 1318 1587 1357 Larcherus
1621 1319 1756 1370 reponi

1090 1378 1171 1414 vult
1191 1376 1331 1425 Aeglos,
1354 1389 1448 1429 quos
1468 1377 1676 1413 Bactrianis
1697 1375 1756 1412 vi-

1091 1435 1196 1471 cinos
1224 1440 1502 1470 commemoret
1525 1434 1661 1469 Noster
1688 1433 1755 1480 111,

1093 1492 1159 1530 92.
1216 1490 1411 1542 Equidem
1438 1491 1479 1526 in
1505 1490 1642 1527 talibus
1668 1502 1757 1525 ma-

1091 1547 1146 1583 lui
1167 1559 1188 1582 a
1204 1547 1389 1584 librorum
1403 1547 1624 1584 auctoritate
1644 1552 1755 1583 stare.

1150 1598 1376 1656 Κάσπειροι
1397 1602 1464 1643 καὶ
1489 1598 1754 1655 Παρικάνιοι]

1093 1654 1318 1713 Κάσπειροι
1341 1674 1361 1696 0
1390 1661 1512 1697 Reizii
1531 1660 1641 1696 fluxit
1661 1672 1757 1696 con-

1092 1716 1251 1753 iectura.
1327 1718 1379 1753 At
1411 1717 1554 1767 Caspiri
1580 1717 1757 1766 nuspiam

1092 1785 1205 1823 supra
1229 1781 1512 1820 memorantur,
1542 1773 1613 1809 nisi
1642 1774 1683 1809 in
1702 1773 1757 1809 la-

1094 1842 1212 1878 cuna,
1244 1843 1362 1881 quam
1390 1831 1472 1879 VII,
1495 1832 1548 1870 76
1579 1842 1657 1866 esse
1677 1829 1758 1866 veri

1093 1892 1148 1923 est
1187 1887 1443 1936 simillimum,
1492 1884 1605 1923 huius
1637 1886 1758 1936 gentis

1092 1945 1332 1981 mentionem
1361 1945 1504 1981 factam
1526 1956 1604 1980 esse
1626 1943 1757 1979 existi-

1092 2013 1174 2036 mes
1187 2028 1197 2045 ‚
1221 2007 1286 2037 aut
1304 2002 1376 2037 nisi
1398 1996 1620 2051 Κάσπειροι
1639 1998 1758 2035 iidem

1092 2056 1307 2094 habeantur
1326 2062 1451 2109 ,atque
1488 2052 1687 2104 Κάσπιοι,
1710 2054 1758 2092 (10

1095 2114 1232 2165 quibus
1252 2115 1334 2162 ΥΠ,
1357 2118 1422 2155 67.
1455 2113 1554 2159 Quin
1574 2112 1614 2149 id
1632 2114 1757 2163 ipsum

1094 2169 1135 2207 h.
1156 2171 1182 2207 l.
1223 2171 1381 2222 praebet
1420 2169 1612 2208 Sancrosti
1641 2170 1757 2217 libert,

1094 2227 1210 2277 vulgo
1222 2234 1344 2264 exstat
1358 2224 1421 2266 Ka<
1428 2239 1517 2273 σιοι,
1530 2225 1633 2278 quod
1645 2233 1758 2262 tuen-

1095 2290 1157 2320 tur
1191 2285 1350 2322 Rennel.
1372 2291 1409 2321 et
1429 2281 1607 2319 Larcher.
1647 2289 1689 2319 ut
1709 2280 1758 2318 ad

1095 2341 1161 2386 III,
1180 2342 1232 2380 93
1252 2339 1318 2376 fin.
1344 2340 1486 2377 notavi.
1522 2340 1580 2375 De
1601 2338 1758 2375 Parica-

1095 2398 1166 2433 niis
1186 2396 1234 2433 cf.
1255 2397 1337 2446 VII,
1366 2399 1418 2437 68
1446 2402 1482 2432 et
1504 2394 1552 2432 de
1582 2395 1758 2433 Arabibus

1097 2453 1179 2500 Vll,
1202 2455 1270 2493 69.

1154 2505 1260 2560 εἶχον
1286 2506 1360 2560 τήν
1396 2503 1525 2560 αὕτήν
1544 2506 1612 2547 καὶ
1628 2506 1672 2547 ἔν
1700 2509 1757 2561 τῷ

1095 2566 1231 2619 πεζῷ]
1270 2565 1463 2602 Mediceus
1478 2594 1488 2613 ,
1517 2565 1756 2602 Florentinus

1094 2629 1131 2659 et
1153 2629 1316 2673 quatuor
1345 2623 1408 2659 alii
1439 2620 1551 2658 codd.
1582 2627 1669 2658 ante
1689 2618 1755 2660 καὶ

1095 2678 1277 2716 exhibent
1310 2675 1384 2730 ἣν,
1426 2691 1543 2730 quam
1580 2678 1756 2715 voculam

1095 2743 1196 2773 reete
1216 2737 1341 2773 omisit
1362 2736 1553 2773 Sanerofti
1564 2735 1670 2771 liber.
1691 2734 1754 2770 Tu

1093 2791 1171 2831 vid.
1194 2794 1432 2843 potissimum
1452 2792 1579 2829 Struv.
1602 2793 1617 2826 l
1638 2803 1675 2839 p.
1701 2786 1753 2827 24

1098 2852 1218 2898 ὑ26,
1239 2849 1303 2901 qui
1324 2861 1536 2900 pronomen
1557 2846 1753 2883 relativum
