1789 3213
423 135 882 172 POLYMNIA
941 136 1038 174 V11.

1283 139 1366 178 649

104 243 348 295 ἐσελθόντες
377 244 533 297 ἵζοντο,
568 248 650 303 χρᾷ
679 243 705 302 ἡ
739 246 905 302 Πυθίη,
935 249 988 303 τῇ
1020 243 1193 301 οὔνομα
1223 240 1280 303 ἦν
1306 245 1424 289 Ἀ-45

105 312 340 368 ριστονίκη,
368 308 471 354 τάδε
484 325 493 335 ·

76 403 98 436 2
229 395 274 436 ³52
297 399 442 445 μέλεοι,
466 401 503 435 τί
526 401 719 448 κάθησθε;
752 401 871 437 λιπών
897 399 1002 446 φεῦγ’
1028 401 1162 446 ἔσχατοι
1184 403 1290 447 γαίης

230 456 386 502 διόμοιτοι
408 457 470 492 καὶ
493 457 623 500 πόλιος
646 458 876 505 τροχοειδέος
901 456 996 503 ἄκρα
1019 458 1176 504 κάρηνα.

72 516 94 550 3
235 512 334 550 Οὔτε
357 513 428 559 γὰρ
452 512 475 559 ἡ
501 515 641 560 κεφαλὴ
667 516 767 560 με’νει
793 517 961 561 ἔμπεδον,
988 513 1073 551 οὕτε
1090 515 1132 551 τὸ
1161 517 1278 560 σῶμα,
1384 516 1428 550 50

232 569 319 607 οὕτε
343 570 455 612 πόδες
482 571 628 615 νέατοι,
654 571 732 610 οὔτ’
758 569 810 609 οἷν
833 573 953 618 χέρες,
980 571 1065 608 οὔτε
1089 572 1268 617 τιμέσσης

72 629 94 664 4
229 631 402 672 λείπεται,
428 627 504 663 ἀλλ’
530 627 645 674 ἄζηλα
667 630 778 666 πέλει.
826 630 934 665 Κατὰ
958 630 1028 676 γάρ
1052 643 1115 675 μιν
1141 628 1275 675 ἐρείπει
1385 630 1428 664 55

231 688 306 732 πῦρ
330 700 368 723 τε
392 688 455 723 καὶ
479 686 567 731 ὀξύς
582 687 699 733 Ἄρης,
726 687 946 733 Συριηγενὲς
971 686 1072 733 ἅρμα
1096 686 1255 723 διώκων.

105 878 550 935 ’Δριστονίκη],,Εοᾶειῑι
562 880 711 938 ειοἈρι-

52 941 215 980 movim
234 940 395 990 videtur,
411 955 509 994 quae
531 950 567 979 et
579 943 711 995 Sibyl-

50 998 87 1034 la
109 998 189 1034 aliis
211 995 277 1036 διεὶ
309 998 461 1051 μέτρων
485 998 710 1049 ἐθεμίστευ-

53 1065 127 1093 σαν
147 1055 361 1092 carminibus
384 1058 604 1094 vaticinatae
625 1056 713 1107 fue-

51 1114 147 1157 runt,
169 1110 271 1161 apud
290 1111 484 1149 Plutarch.
515 1115 551 1149 Π
570 1127 608 1164 Ρ.
630 1111 711 1153 406

51 1168 96 1207 B.
119 1168 281 1205 Tzetzes
299 1175 430 1206 tamen
460 1167 621 1208 Chiliad.
641 1170 711 1216 IX,

45 1226 137 1265 «812
175 1238 399 1276 responsum
435 1226 531 1264 illud
580 1226 713 1263 Bacidi

52 1282 131 1319 vati
168 1283 319 1331 tribuit,
374 1296 500 1320 errans
547 1284 712 1334 longe.“

58 1336 341 1388 Wesseling.
400 1340 474 1385 Qui
502 1347 713 1392 sequuntur

51 1396 360 1443 versus,citantur
371 1397 417 1433 ab
430 1398 712 1448 Euseb.Praep.

53 1452 127 1488 Ev.
142 1451 188 1498 V,
198 1452 264 1494 24.
284 1452 488 1504 Nicephor.
509 1453 557 1491 ad
574 1455 715 1506 Synes.

52 1510 224 1546 Insomn.
244 1523 284 1561 p.
305 1513 401 1552 370.

104 1559 157 1604 ³52
178 1565 332 1616 μέλεοι]
356 1568 381 1604 i.
403 1580 435 1606 e.
461 1567 494 1604 O
509 1567 623 1614 stulti,
649 1569 716 1604 mi-

57 1625 136 1663 seri.
179 1624 360 1660 Formula
383 1623 483 1675 apud
500 1625 714 1673 Platonem,

57 1680 148 1717 alios
169 1681 333 1718 crebrius
354 1681 487 1729 obvia,
516 1688 558 1718 ut
586 1681 717 1718 obser-

56 1743 121 1774 vat
137 1736 344 1774 Ruhnken.
367 1737 415 1775 ad
435 1738 587 1775 Timaei
620 1740 716 1775 Lex.

57 1794 156 1832 Plat.
177 1808 215 1845 p.
238 1796 332 1834 279.
370 1796 420 1831 Et
441 1794 542 1831 conf.
563 1807 718 1847 quoque

60 1849 108 1887 de
128 1848 169 1887 h.
190 1851 215 1887 l.
234 1849 372 1887 Matth.
398 1851 464 1890 Gr.
488 1852 553 1887 Gr.
577 1852 614 1896 ξ.
636 1854 718 1892 312

59 1909 87 1946 2
101 1919 139 1957 p.
161 1906 256 1947 615.
312 1908 357 1943 In
378 1908 616 1959 seqq.nolim
630 1921 719 1944 cum

60 1961 248 2000 Valcken.
258 1964 462 2000 rescribere
483 1959 636 2016 φεύγετ’
648 1977 717 2015 pro

61 2013 186 2072 φεῦγ’.
243 2022 419 2072 Namque
457 2019 519 2058 hic
560 2021 658 2058 celer
698 2033 721 2057 a

60 2076 197 2127 plurali
216 2090 376 2114 numero
408 2076 456 2114 ad
488 2078 720 2128 singularem

60 2134 237 2170 transitus
266 2135 480 2184 (καθῆσθε
491 2157 547 2162 -
558 2132 719 2186 φεῦγε),

63 2191 236 2242 quamvis
256 2191 449 2239 insolitus,
471 2192 630 2228 minime
660 2198 722 2228 ta-

61 2259 153 2283 men
192 2246 410 2285 offensionis
445 2261 577 2285 ansam
608 2261 722 2300 prae-

62 2304 137 2341 bet.
172 2325 222 2330 —
254 2301 372 2344 πόλιν
398 2303 622 2356 τροχοειδέα
650 2318 723 2342 vo-

65 2365 127 2396 cat
158 2360 278 2398 urbem
309 2361 561 2411 orbicularem,
600 2366 722 2399 rotun-

65 2416 162 2454 dam.

123 2470 230 2523 μένει
274 2469 443 2522 ἔμπεδον
463 2474 481 2522 ]
541 2475 723 2512 Praesens

65 2542 135 2580 pro
174 2528 301 2565 futuro
349 2526 411 2565 hic
459 2532 550 2581 poni
596 2533 725 2569 statuit

66 2583 202 2622 Matth.
234 2585 301 2622 Gr.
331 2585 396 2621 Gr.
419 2586 456 2630 §.
478 2586 570 2634 504,
592 2590 616 2627 3
637 2601 724 2638 pag.

67 2642 163 2682 957.
223 2641 287 2679 Sic
317 2641 431 2692 paulo
460 2649 543 2692 post
563 2642 669 2682 πέλει
689 2651 726 2682 et

68 2698 149 2746 VII,
175 2696 276 2737 141:
299 2698 470 2737 διδοῐ-
483 2695 605 2745 πόδες
635 2697 723 2738 νέα-

70 2768 129 2793 τοι
151 2762 238 2792 sunt
251 2754 355 2807 pedes
366 2757 523 2793 extremi.
538 2756 724 2794 Voculam

768 883 915 937 μέσσης
936 882 984 921 ad
1003 895 1267 935 praegressum
1290 879 1430 931 πόλιος

768 942 890 979 refero
913 954 1002 978 cum
1024 941 1066 977 C.
1088 943 1310 978 Hermanno
1327 953 1429 989 meo,

767 999 985 1036 Professore
1023 998 1307 1048 Marburgensi:
1355 1010 1429 1050 quo

770 1054 909 1092 eodem
949 1056 1063 1092 etiam
1090 1062 1233 1106 spectat
1266 1069 1335 1107 μιν
1369 1067 1431 1092 se-

771 1119 912 1165 quente
932 1112 972 1148 in
989 1125 1112 1150 verSU.

828 1163 908 1207 ἄλλ’
934 1166 1057 1218 ἄζηλα
1078 1166 1203 1216 πέλει]
1228 1165 1431 1217 Schweig-

769 1224 940 1262 haeuser.
971 1226 1010 1261 in
1040 1226 1136 1262 Lex.
1152 1222 1295 1262 Herod.
1312 1225 1432 1261 inter-

769 1289 960 1335 pretatur:
1019 1283 1138 1319 misere
1176 1280 1312 1329 afflicta
1353 1284 1433 1318 sunt

771 1341 897 1387 omnia,
931 1352 1020 1375 cum
1051 1336 1193 1389 ἄζηλος
1212 1339 1243 1375 is
1275 1337 1432 1386 dicatur,

770 1409 888 1448 quem
899 1408 1013 1432 nemo
1033 1396 1246 1432 aemuletur
1266 1402 1330 1432 aut
1348 1395 1434 1431 lau-

772 1452 836 1489 det
846 1454 1292 1502 mi1·eturve,contemptus.
1302 1452 1433 1488 Blom-

772 1508 874 1546 field.
909 1510 948 1545 in
980 1510 1144 1546 Glossar.
1181 1507 1229 1545 ad
1255 1507 1434 1560 Aeschyl.

771 1565 970 1603 Prometh.
994 1565 1071 1606 146
1089 1566 1246 1616 exponit
1265 1579 1334 1602 non
1343 1567 1435 1603 invi-

775 1623 919 1671 dendus,
940 1624 979 1659 in
994 1621 1188 1660 Herodoto
1201 1623 1355 1660 rescribi
1373 1623 1436 1659 iu-

773 1681 866 1717 bens
898 1675 1065 1731 οἷΐδηλα,
1105 1680 1328 1716 assentiente
1355 1681 1435 1716 Lo-

773 1736 887 1773 beck.
913 1738 950 1773 in
971 1734 1227 1787 Aglaopham.
1248 1750 1286 1787 p.
1302 1736 1435 1784 13533

774 1806 873 1845 quae
894 1792 1052 1845 quidem
1071 1794 1305 1843 voxsaepius
1325 1793 1437 1829 inve-

774 1851 878 1886 nitur
898 1848 1001 1900 apud
1018 1851 1252 1897 Homerum,
1282 1849 1348 1885 ubi
1369 1848 1437 1886 do-

775 1913 884 1943 cente
914 1908 1139 1943 Buttmann.
1166 1907 1207 1942 in
1226 1907 1400 1957 Lexilog.
1419 1907 1438 1942 I

775 1976 864 2014 pag.
905 1961 982 2003 247
1025 1964 1149 2000 valet:
1209 1963 1436 2008 verzelzrend,

777 2019 999 2059 verderbend.
1030 2019 1132 2057 Add.
1153 2021 1437 2057 Duncan.Lex.

775 2078 794 2113 I
814 2089 900 2127 pag.
923 2079 974 2117 33
997 2076 1056 2116 ed.
1078 2079 1183 2117 Rost.
1240 2078 1292 2114 At
1311 2078 1437 2114 istius-

776 2132 884 2170 modi
911 2133 1017 2170 110ᾒο
1047 2135 1169 2172 activa
1198 2134 1244 2170 ab
1267 2132 1306 2172 h.
1328 2135 1353 2173 l.
1372 2135 1438 2171 ab-

776 2188 917 2238 horret,
948 2191 987 2226 in
1010 2203 1085 2242 quo
1108 2189 1309 2244 equidem,
1335 2189 1438 2243 quod

776 2247 863 2284 libri
901 2247 1085 2296 ferebant,
1119 2249 1282 2285 retinere
1301 2248 1434 2284 malui.

779 2304 915 2355 Suppl.
949 2311 1078 2342 autem
1104 2319 1153 2342 ex
1176 2304 1439 2342 antecedenti-

778 2361 848 2399 bus
869 2357 1063 2411 (πόλιος)
1087 2359 1190 2414 ἄκρα
1210 2357 1380 2413 κάρηνα.

836 2416 1103 2469 Συριηγενὲς]
1118 2421 1204 2456 1)υο
1227 2417 1337 2458 codd.
1350 2430 1439 2456 cum

779 2469 1147 2528 Valla’Aomqyeve'g3
1169 2474 1273 2528 quod
1292 2482 1334 2512 nt
1354 2488 1439 2511 me·-

781 2532 854 2569 lius
876 2538 1012 2568 notum
1043 2533 1199 2569 librariis
1220 2531 1348 2568 deberi
1364 2544 1437 2582 pu-

783 2595 834 2636 to,
863 2590 1035 2639 quamvis
1055 2588 1148 2625 illud
1183 2588 1439 2637 VVesselingio

781 2645 955 2682 arriserit.
1013 2646 1070 2682 Ac
1100 2643 1274 2681 laudatur
1291 2645 1337 2681 L.
1353 2644 1440 2681 Sci-

780 2702 844 2752 pio
856 2701 1046 2749 Asz'agenes
1057 2699 1157 2751 apud
1168 2701 1439 2748 Liv.xxxlx,

780 2756 833 2798 44
853 2757 945 2794 item
966 2755 1183 2809 ῥαβδοῦχοι
1199 2752 1440 2810 Ἀσιαγενεῖς
