1834 3258
0 893 52 940 38

438 237 1075 275 POLYMNIA.VII.
1312 238 1396 278 503

130 349 269 402 ρανοῦ
298 345 448 402 ἕδρην,
480 343 654 402 ἀφανὴς
683 340 761 402 ἧν,
795 344 884 390 οὔτ’
916 344 1184 400 ε’πινεφὲλων
1220 344 1392 394 ἐόντων,
1407 349 1452 386 4ο

99 416 311 470 3αἰθρίης
330 429 374 456 τε
404 413 457 456 τὰ
485 412 694 468 μάλιστα·
727 413 824 457 ἀντὶ
853 412 1010 469 ἡμέρης
1039 429 1082 456 τε
1103 412 1182 464 νὺξ
1212 412 1391 468 ἐγένετο,

123 481 276 525 Ἰδόντι
298 481 435 525 δὲκαὶ
465 480 656 536 μαθόντι
686 486 817 526 τοῦτο
845 486 905 539 τῷ
929 481 1068 537 ,Ξέρξῃ
1091 480 1280 537 ἐπιμελὲς
1309 479 1392 536 ἐγέ-

124 565 248 593 νετο·
300 549 370 592 καὶ
400 551 534 604 εἴρετο
565 549 670 601 τούς
701 550 868 606 μάγους
898 549 946 592 τὸ
979 548 1097 592 θέλει
1127 550 1392 604 προφαίνειν

95 617 174 660 4τό
204 616 365 672 φάσμα.
416 619 460 661 οἱ
489 618 534 660 δὲ
565 617 758 672 ἔφραζον
789 616 848 668 ὥς
878 617 1086 673 ,,“Ἐλλησι
1115 616 1394 672 προδεικνύει

120 682 172 737 ,,ὁ
210 685 314 735 θεὸς
359 685 550 737 ἔκλειψιν
594 689 684 729 τῶν
723 683 1198 739 πολίων·“ελέγοντες
1238 684 1447 741 ,,ἥλιον45

122 750 262 804 „eiwon
295 751 520 809 “Ελλήνων
553 754 849 808 προδέκτορα,
892 750 1078 808 σελήνην
1106 753 1171 804 δὲ,
1204 753 1392 809 σφέων.“

122 820 377 877 πυθόμενος
399 822 444 865 δὲ
473 825 609 865 ταῦτα
641 821 848 879 ὁΞέρξης,
881 820 1117 876 περιχαρὴς
1147 820 1228 864 ἐών
1258 820 1394 865 ἐποιέ-

1450 875 1596 912 Pythium
1606 877 1724 913 Lydum

120 905 189 932 ετο
209 887 289 946 τὴν
310 890 469 934 ἔλασιν.
524 890 599 941 Ὡς
630 888 667 933 δ’
699 889 901 945 ἐξήλαυνε
931 889 1010 946 τὴν
1043 888 1261 943 στρατιὴν,
1295 887 1392 931 Πύ-
1451 911 1573 946 [0,27,],
1593 911 1724 940 mmmm

1448 945 1577 972 maximo
1586 948 1660 973 natu
1671 955 1723 974 va-

119 963 220 1010 θιος
251 957 275 1001 ὁ
311 957 478 1012 Λυδὸς,
520 957 867 1013 καταῤῥωδήσας
910 958 959 1002 τὸ
998 958 1046 1001 ἐκ
1076 960 1156 1001 τοῦ
1191 955 1390 1013 οὐρανοῦ
1447 978 1689 1006 ωῑῑοῃθωωῃῑ-

60 1167 138 1207 quo
164 1153 227 1192 hic
253 1153 431 1202 traditur,
461 1154 597 1205 revera}
621 1155 724 1191 acci—

60 1211 157 1250 disse
166 1219 310 1262 negant
320 1210 458 1248 harum
478 1224 606 1247 rerum
619 1213 723 1262 peri-

59 1269 100 1318 ti,
123 1282 218 1321 quos
239 1268 287 1305 ad
307 1268 347 1306 h.
363 1269 387 1305 l.
411 1269 551 1305 excitat
561 1270 722 1306 wesse-

39 1333 46 1338 ‘
59 1326 213 1376 liugius,
236 1339 358 1378 quum
379 1326 466 1362 solis
487 1324 648 1362 desectio
661 1326 722 1362 vi—

59 1383 174 1420 sibilis
193 1384 233 1419 in
251 1384 340 1420 Asia
359 1382 499 1419 minori
519 1383 632 1420 suerit
651 1395 723 1418 an-

59 1440 100 1475 ni
120 1437 198 1481 481
223 1452 257 1476 a.
279 1438 349 1477 Ch.
373 1453 412 1476 11.
433 1452 534 1487 vere,
567 1446 604 1476 et
632 1440 724 1475 anni

59 1494 142 1536 479
172 1503 379 1544 autumno,
423 1497 563 1533 Xerxis
591 1503 723 1533 autem

58 1551 249 1603 expeditio
277 1554 317 1589 in
338 1553 538 1590 Graeciam
559 1552 669 1590 cadat
681 1554 721 1589 in

56 1621 204 1646 annum
234 1612 317 1651 480
348 1623 382 1647 a.
404 1608 494 1646 Chr.
515 1623 554 1646 11.
598 1611 722 1662 Equi-

56 1664 146 1703 dem
175 1667 229 1702 nil
256 1665 488 1715 discernam3
528 1665 569 1703 id
597 1680 720 1703 unum

53 1723 178 1760 teneri
197 1724 325 1771 velim,
347 1725 394 1760 ab
408 1722 602 1760 Herodoto
623 1737 718 1773 rem,

55 1792 154 1832 quae
173 1781 270 1817 mira
290 1781 422 1833 utique
442 1781 520 1819 visa
544 1788 597 1818 est
607 1781 719 1817 Asia-

55 1838 137 1874 ticis
156 1835 377 1875 homiuibus
406 1851 477 1874 nec
498 1838 577 1874 ullo
598 1837 717 1875 modo

54 1894 106 1930 ita
116 1893 210 1944 fingi
231 1895 407 1944 potuerit,
420 1895 472 1930 ita
483 1893 582 1930 tradi
591 1896 717 1944 prouti

54 1951 101 1986 ab
126 1951 258 1987 incolis
287 1951 376 1987 talia
402 1950 576 2001 prodigia
596 1950 717 1987 firmi-

52 2013 110 2043 ter
139 2008 381 2055 tenentibus,
404 2014 614 2057 acceperat.
671 2009 716 2043 In

55 2076 130 2115 quo
152 2063 255 2115 quod
265 2065 376 2101 unius
389 2065 480 2099 anui
495 2071 616 2100 exstat
637 2062 716 2100 dis-

54 2122 269 2171 crepantia:
301 2121 363 2157 vel
382 2121 544 2157 maiores
556 2121 594 2156 iu
611 2127 712 2157 tem-

53 2190 191 2228 porum
222 2178 431 2214 rationibus
465 2178 620 2227 reperiri
640 2175 715 2213 ho-

53 2233 114 2270 die
136 2233 404 2284 discrepantias
424 2234 463 2269 in
490 2234 601 2271 rebus
629 2246 716 2270 ma—

51 2290 157 2328 xlm-a
186 2289 261 2328 fide
298 2291 479 2327 enarratis
525 2292 608 2343 quis
648 2297 714 2338 est,

52 2348 118 2398 qui
146 2344 297 2398 neget?
354 2346 572 2384 Herodotea
603 2361 716 2398 repe—

51 2410 184 2442 tuntur
215 2405 336 2441 ferme
366 2417 387 2441 a
408 2403 539 2442 Schol.
560 2403 715 2441 Aristid.

51 2473 139 2511 pag.
161 2464 242 2502 222
253 2462 521 2498 Frommel.-
543 2460 606 2497 Ad
628 2460 715 2501 ἐπι-

52 2514 164 2568 μελὲς
176 2515 326 2569 ἐγένετο
348 2518 396 2555 cf.
419 2525 516 2558 nott.
529 2517 578 2554 ad
588 2518 632 2566 V,
648 2520 714 2559 12.

122 2570 167 2613 τό
225 2577 257 2612 θ
270 2571 286 2612 ἑ
298 2576 318 2612 λ
330 2588 346 2613 ε
360 2589 373 2613 ι
433 2574 676 2625 προφαίνειν
693 2574 711 2623 ]

51 2628 273 2680 Schweigh.
314 2637 351 2666 et
385 2631 502 2667 Gaisf.
547 2645 595 2668 ex
633 2644 713 2668 uuo

50 2688 258 2724 Florentin.
276 2693 525 2736 reposueruut
545 2685 660 2726 θέλοι
671 2694 713 2724 ut

51 2745 147 2795 stylo
182 2742 366 2780 Herodoti
412 2744 712 2782 convenientius.

51 2801 264 2852 Equidem,
294 2799 493 2837 conserens
532 2801 596 2848 IV,
621 2802 712 2840 131.

51 2858 115 2906 w,
146 2861 212 2907 37,
242 2857 417 2895 revocavi
439 2854 560 2896 θέλει.
601 2856 711 2895 Cont.

1449 1013 1514 1041 tiae
1530 1016 1696 1049 petentem,

780 1155 862 1201 VH,
895 1152 947 1193 49
970 1155 1006 1199 ξ.
1028 1155 1067 1193 2.
1125 1153 1217 1190 Mox
1249 1166 1318 1203 pro
1345 1151 1444 1202 ἔφα-

780 1222 854 1249 σαν
876 1223 978 1246 1111110
999 1217 1100 1246 recte
1122 1209 1245 1246 editur
1259 1209 1444 1262 ἔφραζον.

779 1268 891 1304 Conf.
907 1267 988 1314 VII,
1020 1268 1116 1307 219.

833 1322 1107 1376 προδέκτορα]
1151 1325 1244 1371 „Ex
1281 1322 1443 1374 προδεί-

778 1396 899 1432 κνυμι
909 1378 1255 1432 νειύῑπροδέκτωρ,
1263 1393 1444 1430 praemon-

778 1442 911 1475 strator
932 1438 1104 1475 malorum
1116 1443 1152 1473 et
1162 1441 1261 1475 vates
1273 1436 1444 1488 quidam.

777 1496 907 1545 Magi,
940 1490 1152 1545 φάσματος
1180 1494 1361 1530 mirabilis
1381 1494 1443 1530 in-

777 1559 971 1603 terpretes,
992 1550 1248 1602 respondent:
1271 1550 1386 1598 solem,
1412 1551 1443 1587 si

779 1608 872 1661 quid
892 1615 1041 1659 praeter
1067 1615 1294 1645 consuetum
1320 1608 1445 1658 patia-

777 1673 850 1714 tur,
873 1665 1231 1715 Graecisportendere
1245 1669 1278 1702 et
1292 1677 1442 1714 praesa-

775 1725 875 1772 gz're;
892 1723 1013 1761 lunam
1026 1735 1110 1759 suae
1122 1724 1302 1759 nationi.“
1326 1720 1398 1758 We
1407 1735 1442 1757 s-

776 1780 897 1817 selin
907 1792 946 1829 g.
1005 1781 1050 1816 In
1084 1778 1163 1815 fine
1199 1792 1280 1829 cap,
1300 1778 1440 1814 retinui

775 1835 910 1876 ἔλασιν
929 1848 999 1887 pro
1017 1833 1205 1883 ἐξέλασιν,
1238 1833 1342 1887 quod
1363 1847 1440 1871 una

773 1891 890 1930 habet
927 1891 1081 1930 Aldina.
1142 1891 1253 1929 Conf.
1292 1892 1359 1938 III,
1399 1889 1439 1930 4.

773 1951 855 1997 Vll,
885 1952 921 1989 6.
957 1952 1049 1989 106.
1080 1947 1260 2000 Xenoph.
1298 1948 1438 2000 Cyrop.

771 2006 873 2056 VIII,
894 2009 918 2047 3
941 2006 979 2051 ξ).
1002 2002 1070 2044 34.

942 2095 1034 2145 cap.
1057 2095 1277 2132 xxxvm.

833 2171 995 2220 Πύθιος
1024 2171 1048 2213 ὅ
1067 2170 1233 2222 Λυδός]
1277 2174 1335 2210 Cf.
1355 2174 1436 2221 VII,

774 2234 840 2272 27.
883 2254 934 2259 —-
982 2231 1103 2268 Voces
1130 2225 1297 2281 χρήσαις
1329 2227 1380 2269 ἄν
1400 2245 1436 2268 τι

773 2286 993 2338 Schweigh.
1009 2286 1153 2324 reddit:
1184 2287 1350 2330 daresne,
1380 2288 1436 2323 in-

772 2345 957 2394 dulgeres,
1016 2345 1279 2395 grzttzflcareris
1324 2344 1433 2388 milla}

771 2401 875 2439 idem
890 2404 929 2438 iu
949 2403 1045 2438 Lex.
1067 2399 1209 2437 Herod.
1231 2402 1434 2439 observans

770 2460 932 2497 verbum
953 2461 1052 2510 χρᾶν
1089 2459 1301 2508 simplicem
1329 2470 1434 2494 assu—

770 2529 876 2552 mere
908 2515 1026 2553 dcmdi
1050 2521 1087 2552 et
1114 2515 1354 2566 gratificandi
1381 2514 1434 2550 si—

769 2572 1016 2623 gnificatum,
1047 2579 1090 2609 ut
1107 2572 1172 2618 VI,
1197 2573 1263 2612 89.
1283 2572 1348 2618 ΙΙΙ,
1367 2568 1431 2615 58,

771 2630 908 2682 quibus
936 2636 1066 2666 tamen
1102 2629 1193 2664 locis
1222 2626 1325 2663 haud
1354 2627 1430 2661 scio

771 2685 952 2738 equidem
972 2699 1019 2722 an
1040 2685 1291 2722 valeatmutuo
1309 2681 1433 2729 «laudi,

771 2743 1015 2780 commodandi
1040 2741 1160 2781 notio.
1188 2741 1231 2775 ln
1260 2740 1433 2789 111501111-

771 2800 851 2836 tina
870 2797 1179 2848 interpretatione
1200 2796 1320 2832 textui
1341 2795 1433 2832 sub—

770 2857 866 2894 iecta
897 2855 1046 2892 eumin
1081 2851 1240 2890 modum
1270 2850 1430 2889 reddidit
