1834 3258
0 586 56 635 35

530 237 840 277 ERATO.
900 239 974 276 V1.

1307 241 1392 282 415

95 353 217 395 ὁτῶν
247 347 477 404 άκινήτων,
509 348 551 391 εἴ
576 363 620 390 τε
651 347 675 391 ὅ
705 363 746 391 τι
776 345 830 403 δή
859 362 963 391 ποτε
990 345 1224 403 πρήξοντα.
1282 347 1392 402 πρὸς

122 421 221 474 τῇσι
247 415 414 473 θύρῃσί
446 432 491 460 τε
519 415 737 471 γενέσθαι,
769 416 843 459 καὶ
872 415 1019 470 πρόκα
1047 431 1092 458 τε
1123 417 1283 472 φρίκης
1313 414 1392 459 αὐ-

122 484 201 529 τὸν
239 482 543 541 ὑπελθούσης,
594 483 733 528 ὀπίσω
769 483 850 541 τὴν
898 481 1038 540 αὐτὴν
1073 483 1182 528 ὁδὸν
1221 485 1389 528 ἰἐσθαι·

125 550 501 607 καταθρώσκοντα
540 552 586 595 δὲ
627 568 711 606 την
740 550 969 607 αἱμασιὴν,
999 550 1078 595 τὸν
1106 551 1250 609 μηρὸν
1277 563 1391 596 σπα-

121 625 308 676 σθῆναι·
341 637 383 664 οι
413 619 459 664 δὲ
489 618 625 664 αὐτὸν
653 619 701 664 τὸ
731 619 842 675 γόνυ
873 625 1168 675 προσπταῖσαι
1197 621 1386 678 λέγουσι.
1445 605 1574 699 {³321ss
1582 640 1655 667 Pari
1647 649 1684 668 ιιι

120 687 368 744 Μιλτιάδης
408 687 486 744 μέν
517 704 602 731 νυν
632 688 846 744 φλαύρως
873 688 1006 770 e'zmv:
1043 687 1224 732 α’πέπλεε
1253 681 1486 747 ὀπίσωὸξηιο
1471 715 1535 775 ⁰⁰0¹}
1571 716 1605 734 sa

119 756 223 802 οὕτε
251 755 448 813 χρήματα
475 755 743 812 Ἀθηναίοισι
773 756 914 812 ἄγων,
950 754 1050 800 οὔτε
1079 755 1234 811 Πάρον
1262 767 1395 840 προσ·
1451 749 1487 802 ἔιιι
1471 748 1519 801 ιιΓ]ο
1517 749 1605 802 {aba
1589 784 1622 803 us
1640 785 1690 804 re

119 826 411 883 κτησάμενος,
442 824 549 868 ἄλλα
577 825 871 881 πολιορκήσας
901 840 945 868 τε
972 826 1017 876 ἓξ
1036 825 1110 868 καὶ
1133 827 1272 869 είκοσι
1290 823 1391 882 ἡμέ-

55 939 60 945 ,
91 901 231 951 Ξρας,
259 894 332 938 καὶ
363 892 555 948 δηϊώσας
584 892 663 950 τὴν
693 898 845 950 νῆσον.
904 892 1069 948 Πάριοι
1100 893 1169 945 δὲ,
1199 893 1391 948 πυθόμε-

118 978 191 1005 νοι
236 961 296 1012 ὥς
331 959 359 1018 ἡ
400 961 678 1017 ὑποζάκορος
717 967 808 1006 τῶν
843 966 964 1006 θεῶν
1007 961 1127 1016 Τιμώ
1165 962 1391 1019 Μιλτιάδῃ

116 1028 412 1086 κατηγήσατο,
451 1029 717 1087 βουλόμενοί
752 1045 829 1086 μιν
858 1029 957 1073 ἀντὶ
993 1028 1167 1073 τούτων
1203 1031 1449 1087 τιμωρή-90

119 1101 303 1149 σασθαι,
324 1096 609 1152 θεοπρόπους
634 1097 851 1154 πέμπουσι
872 1099 914 1149 ἐς
932 1096 1151 1153 Δελφούς,
1173 1096 1233 1150 (ὅς
1254 1110 1392 1155 σφεας
1420 1117 1430 1121 “

87 1163 279 1221 Βὴσυχίη
309 1168 388 1221 τῆς
415 1167 672 1221 πολιορκίης
699 1166 805 1223 ἔσχε.
861 1167 1055 1221 ἔπεμπον
1085 1165 1132 1210 δὲ
1161 1165 1391 1222 ἐπειρησο-

115 1233 278 1290 μένους
299 1235 336 1278 εἰ
363 1233 712 1292 καταχρήσονται
737 1235 818 1291 τήν
845 1234 1127 1290 ὑποζάκορον
1148 1239 1237 1278 τῶν
1255 1239 1390 1290 θεῶν,

116 1301 177 1354 ὥς
203 1301 527 1359 ἐξηγησαμένην
554 1307 669 1348 τοῖσι
698 1303 898 1360 ἐχθροῖσι
927 1308 1004 1361 τῆς
1038 1304 1252 1359 πατρίδος
1281 1302 1391 1348 ἅλω-

58 1496 254 1550 Aristoph.
283 1499 389 1538 Plut.
419 1511 460 1551 p.
494 1499 578 1540 275
609 1505 647 1536 et
682 1499 724 1536 in

57 1557 218 1594 Lucian.
245 1570 286 1607 p.
327 1558 408 1597 136
438 1554 516 1597 vid.
555 1554 724 1608 Hesych.

56 1614 100 1650 in
118 1608 389 1679 Ἀνάκτορον,
418 1613 487 1649 ubi
516 1613 567 1650 Τ.
596 1615 615 1649 I
633 1626 724 1664 pag.

57 1672 162 1712 328:
194 1665 442 1721 άνάκτορον·
470 1665 515 1709 τὸ
543 1672 617 1721 τῆς
635 1667 724 1722 Δη-

57 1737 227 1779 μητρος·
262 1723 285 1766 ὃ
313 1725 382 1765 καὶ
412 1725 608 1795 Μέγαρον
647 1742 722 1766 κα-

55 1785 210 1832 λοῦσιν,
231 1779 335 1823 ὅπου
354 1798 401 1822 τα
420 1778 642 1835 Ἀνάκτορα
656 1784 722 1824 τί-

55 1840 216 1888 θεται].
271 1840 442 1877 Profano
473 1853 554 1877 non
581 1842 722 1879 licebat

54 1895 219 1933 Mjltiadi
258 1900 387 1935 κινεῖν
416 1911 453 1935 τι
473 1896 554 1935 τῶν
574 1893 722 1948 οἷκινή-

56 1967 152 1992 των.
208 1952 266 1989 De
299 1953 463 1989 aliorum
483 1954 599 1990 etiam
618 1960 721 1990 tem-

56 2009 210 2060 plorum
231 2011 393 2046 interiori
399 2022 532 2046 recessu
550 2006 722 2050 choium-¹

57 2081 108 2118 ροι
131 2066 362 2118 ‘frequenter
386 2065 616 2116 Euripides,
654 2066 721 2118 μέ-

55 2137 180 2174 γαρον
241 2121 397 2160 adhibet
451 2122 682 2161 Herodotus.
696 2125 720 2144 “

63 2176 286 2217 Valcken.
316 2178 403 2219 Vid,
425 2185 522 2217 nott.
543 2178 591 2217 ad
610 2182 640 2228 Ι,
653 2179 720 2222 65.

60 2234 124 2272 Ad
143 2236 311 2273 formffln
343 2235 608 2289 ὑπερθορέειν
620 2237 723 2274 conf.

54 2291 193 2334 Matth.
218 2294 284 2331 Gr.
313 2293 380 2332 Gr.
413 2306 502 2344 pag.
524 2293 632 2343 465,
655 2295 721 2347 qui

55 2348 162 2385 idem
188 2362 278 2400 pag.
308 2348 389 2391 904
425 2351 643 2388 conferatur
672 2350 722 2388 ad

56 2406 173 2444 verba
193 2402 256 2446 ὅτι
277 2403 328 2458 δή
349 2402 575 2459 ποιήσαντα
595 2423 631 2448 κ.
641 2423 675 2448 τ.
685 2411 720 2448 λ.

117 2515 186 2557 καὶ
213 2512 342 2569 πρόκα
370 2525 410 2558 τε
428 2520 578 2572 φρίκης
594 2516 721 2560 αυτὸν

56 2570 348 2625 νπελθούσης]
387 2576 414 2613 i.
444 2589 477 2613 e.
506 2589 583 2615 cum
607 2579 722 2616 subzto

57 2631 177 2669 horror
213 2631 356 2682 quidam
389 2633 505 2682 ipsum
525 2636 721 2673 a'anaszsset

56 2688 203 2726 Vocem
226 2683 361 2739 πρόκα
381 2690 513 2727 Glossa
541 2691 721 2729 Herodo-

57 2750 118 2782 tea
139 2746 322 2796 exponit:
355 2741 483 2793 εὐθύς
501 2745 570 2785 καὶ
591 2763 722 2798 παρα-

59 2803 202 2853 χρῆμα.
260 2802 327 2839 Tu
354 2803 456 2840 conf.
487 2810 585 2841 nott.
614 2803 663 2841 ad
690 2805 719 2853 Ι,

61 2859 153 2899 111.
174 2857 285 2898 Suid.
308 2872 340 2897 s.
360 2872 396 2899 v.
419 2860 469 2899 T.
490 2860 544 2898 111
562 2874 602 2912 p.
629 2860 720 2910 184,

780 1498 877 1536 haec
894 1499 1026 1547 citans,
1048 1497 1158 1537 affert
1181 1494 1447 1552 ἐπελθούσης.

780 1556 861 1595 Sed
870 1556 1073 1607 vulgatum
1086 1564 1189 1594 recte
1200 1559 1447 1595 tueturWes-

780 1615 961 1664 selingius
980 1613 1140 1651 laudans
1162 1613 1283 1666 Soph.
1302 1615 1443 1652 Electr.

783 1673 906 1712 1118.
934 1669 1045 1707 Idem
1074 1670 1213 1708 Suidas
1233 1670 1283 1709 T.
1303 1673 1340 1708 H
1354 1685 1459 1723 pag„

779 1727 863 1769 255
886 1729 1003 1765 etiam
1022 1731 1222 1780 sequentia
1235 1729 1353 1767 verba
1372 1744 1446 1767 κα·-

777 1780 1068 1835 ταθρώσκοντα
1090 1783 1134 1824 δὲ
1159 1800 1196 1824 κ.
1229 1799 1262 1824 τ.
1288 1787 1322 1825 λ.
1380 1784 1445 1822 Ad

776 1841 940 1878 verbum
967 1840 1102 1880 ἵεσθαι
1131 1842 1180 1879 cf.
1209 1840 1348 1879 Matth.
1377 1843 1445 1878 Gr.

778 1898 846 1934 Gr.
875 1910 963 1949 pag.
994 1897 1077 1938 409
1109 1904 1147 1935 et
1178 1904 1276 1935 nott.
1311 1897 1361 1935 ad
1379 1899 1445 1948 VI,

782 1956 875 1994 112.
905 1956 964 1990 De
985 1955 1216 2002 accusativo,
1239 1955 1306 2007 qui
1324 1956 1442 1993 verbo

779 2007 1085 2060 καταθρώσκειν
1106 2010 1333 2060 adstruitur,
1364 2011 1443 2050 vid.

777 2066 881 2104 idem
901 2065 1037 2104 Matth.
1058 2068 1124 2108 Gr.
1148 2069 1215 2106 Gr.
1234 2081 1323 2119 pag.
1346 2071 1443 2111 697.

776 2122 841 2160 Ad
849 2130 1122 2175 argumentum
1130 2125 1205 2162 loci
1215 2126 1305 2163 facit
1315 2124 1443 2163 Scho-

777 2181 874 2217 lium
888 2181 1078 2218 ineditum
1096 2183 1137 2218 in
1156 2181 1324 2231 Aristid„
1337 2182 1444 2235 quod

776 2235 817 2274 h.
837 2238 863 2274 l.
886 2238 997 2276 affert
1022 2238 1208 2277 Valcken.
1247 2238 1335 2277 Vid.
1352 2241 1443 2277 Ari-

776 2293 881 2332 stidis
895 2294 1027 2336 Schol.
1039 2310 1077 2347 p.
1091 2299 1172 2338 218
1183 2309 1287 2349 seqq.
1302 2298 1442 2334 From-

775 2352 869 2390 mel.
899 2359 936 2389 et
967 2354 1016 2390 cf.
1036 2352 1208 2392 Lobeck.
1227 2355 1269 2390 in
1295 2354 1443 2405 Aglao-

776 2407 908 2460 pham.
929 2424 966 2461 p.
983 2412 1081 2451 278.

959 2501 1052 2551 Cap.
1075 2500 1271 2537 cxxxv.

836 2573 1027 2630 φλαύρως
1049 2577 1175 2630 ἔχων]
1207 2580 1233 2616 i.
1255 2592 1290 2616 e.
1303 2579 1441 2616 remale

779 2639 884 2684 gesta
910 2637 972 2673 vel
1000 2637 1149 2687 potius:
1191 2636 1282 2673 male
1313 2648 1346 2672 se
1371 2636 1440 2673 Ιια-

778 2692 879 2740 bens,
899 2696 1101 2742 aegrotans.
1158 2691 1244 2730 vid.
1266 2691 1438 2739 111‚130.

777 2749 840 2797 VI,
863 2749 931 2789 94.
983 2748 1047 2786 Ad
1067 2761 1202 2787 vocem
1234 2743 1438 2795 ὑποζάκο-

779 2819 847 2857 ρος
866 2805 945 2843 vid.
965 2806 1029 2853 VI,
1052 2804 1144 2846 134.
1174 2804 1268 2843 Mox
1285 2801 1438 2845 τούτων

777 2863 908 2914 scripsi
941 2875 1011 2914 pro
1039 2859 1222 2903 τουτέων.
1278 2861 1338 2899 De
1365 2874 1437 2899 usu

1448 570 1512 599 iens
1516 571 1570 599 «311ς
1557 580 1633 632 sique
1642 580 1690 599 r-e

1644 606 1726 639 Quid

1467 681 1518 700 rac
1505 674 1622 735 culumc
1636 675 1674 701 de

1626 706 1728 735 erdoti

1537 741 1617 769 anad
1626 717 1708 770 e⁴:011-

1451 809 1596 845 sponderi
1600 814 1620 838 t.
