1789 3258
402 224 875 263 POLYMNIA.
933 223 1034 260 vll.

1271 223 1355 262 639

89 343 250 389 Βοῦλις
278 336 302 381 ὁ
322 334 535 388 Νικόλεω,
566 332 722 387 ἄνδρες
742 335 1028 389 Σπαρτιῆται,
1059 330 1190 387 φύσει
1218 346 1263 374 τε
1289 346 1353 385 γε·

88 406 266 464 γονότες
304 397 375 454 εὖ,
414 403 488 447 καὶ
530 402 718 459 χρήμασι
764 400 999 458 ἆνήκοντες
1033 401 1074 450 ἐς
1103 398 1154 442 τοὶ
1193 401 1412 454 πρῶτα,40

90 472 314 519 ἐθελονταὶ
352 470 577 515 ὑπέδυσαν
620 470 778 527 ποινὴν
813 475 930 513 τῖσαι
966 467 1103 523 Ξέρξῃ
1141 471 1230 511 τῶν
1257 472 1355 510 Λα-

92 544 213 598 ρείου
242 539 451 597 κηρύκων
479 543 567 582 τῶν
596 538 643 582 ἐν
671 537 856 595 Σπάρτῃ
889 535 1184 590 ἀπολομένων.
1238 534 1353 578 οὕτω

89 613 360 665 Σπαρτιῆται
404 607 611 658 τούτους,
643 605 701 657 ὦς
731 604 1138 660 ἀποθανευμένους,
1170 603 1213 654 ἐς
1244 602 1354 660 Μή-

88 680 194 730 δους
237 675 503 732 ἀπέπεμψαν.

563 675 684 732 Αὕτη
730 673 830 730 τεὴ
879 672 1019 727 τόλμα
1060 673 1231 714 τούτων
1266 674 1356 714 τῶν

87 745 263 801 ἀνδρῶν
292 744 526 800 θωύματος
547 743 669 800 ἀξίη,
703 743 776 786 καὶ
803 741 906 785 τάδε
935 739 1048 794 πρός
1076 738 1272 782 τούτοισι
1301 737 1353 781 τοὶ

87 813 201 857 ἔπεα.
258 812 552 868 πορευόμενοι
581 812 662 866 γὰρ
695 812 736 862 ἐς
765 813 932 860 Σοῦσα,
964 807 1244 852 ἀπικνέονται
1273 822 1354 849 πα-

56 881 149 935 Ξρᾶ
175 879 399 934 Ὑδάρνεα.
451 878 474 924 ὁ
507 880 551 923 δὲ
576 879 786 935 Ὑδάρνης
814 873 869 934 ἦν
898 877 974 933 μὲν
1011 876 1135 932 γένος
1167 871 1489 931 Πέρσης,45564

86 948 325 1005 στρατηγὸς
356 949 401 992 δὲ
440 952 528 992 τῶν
566 947 941 1003 παραθαλασσίων
974 942 1226 998 ἀνθρώπων
1266 947 1356 987 τῶν

57 1016 137 1060 3ἐν
180 1020 233 1074 τῇ
274 1015 416 1073 Ἀσίῃ·

28 1191 142 1230 bach.
175 1189 459 1229 Animadverss.
489 1205 527 1242 p.
563 1192 693 1238 11993

28 1248 131 1301 apud
152 1250 362 1287 Stobaeum
382 1249 462 1296 Vll,
483 1251 536 1288 70
567 1261 605 1298 p.
638 1250 690 1288 93

29 1307 87 1358 (p.
107 1309 189 1347 219
213 1307 282 1354 G.)
304 1301 462 1355 Βούλης
478 1303 544 1343 καὶ
559 1303 691 1353 Σπέρ-

26 1379 111 1415 χης.
168 1364 213 1399 Iu
246 1376 363 1415 quem
393 1361 498 1413 quod
535 1375 688 1398 carmen

24 1421 189 1471 lugubre
221 1433 243 1456 a
272 1421 309 1456 Τ
313 1418 468 1458 heocrit.
506 1418 563 1455 ld.
603 1420 688 1468 XV,

25 1479 79 1518 98
101 1483 459 1524 commemoratum,
495 1477 579 1512 cani
599 1477 691 1512 soli-

25 1540 109 1570 tum
150 1547 230 1570 esse
265 1547 287 1570 a
327 1533 523 1584 Spartanis
561 1534 689 1570 statuit

29 1591 220 1641 Toupius‚
249 1591 470 1642 obloquitur
503 1588 688 1627 Valcken.

25 1646 75 1684 ad
104 1646 301 1685 Theocrit.
332 1646 518 1684 Adouiaz.
538 1661 576 1697 p.
606 1650 686 1688 386

23 1717 103 1756 seq.
125 1703 229 1756 quod
250 1703 297 1741 de
319 1702 496 1755 Sperthia
531 1705 687 1755 eiusque

24 1761 157 1810 sodali,
178 1762 245 1813 qui
264 1768 425 1812 uterque
445 1760 598 1798 redierit
610 1761 688 1797 sal-

24 1831 114 1866 vus,
145 1831 225 1855 non
256 1819 329 1855 nisi
356 1818 454 1854 laeta
476 1817 549 1854 dici
571 1830 687 1867 opor-

23 1876 95 1912 tuit
114 1888 281 1926 eumque
301 1875 417 1911 scolio
445 1888 475 1911 s.
497 1875 687 1911 convivali

22 1932 191 1968 carmine
220 1932 345 1982 potius
377 1944 494 1982 quam
532 1931 687 1980 lugubri

23 1989 192 2024 carmine
225 2001 254 2024 s.
285 1985 421 2024 threno
453 1988 685 2024 celebratum

23 2043 157 2081 videri.
181 2045 321 2081 Contra
337 2050 470 2080 monet
481 2042 686 2093 Schweig—

23 2099 242 2149 haeuserus,
263 2099 337 2137 hoc
348 2113 501 2137 carmen
523 2113 568 2137 eo
589 2113 685 2137 con-

22 2157 85 2195 fici
108 2160 272 2209 potuisse
282 2164 467 2208 tempore,
491 2170 567 2209 quo
579 2164 684 2194 uter-

22 2227 99 2267 que
119 2215 327 2266 Spartanus
355 2213 403 2251 ad
423 2216 682 2263 certissimam,

22 2279 65 2308 ut
85 2273 283 2323 putabant,
303 2278 469 2308 mortem
488 2271 684 2322 profectu-

22 2340 86 2366 rus
104 2328 227 2380 patria
257 2326 482 2365 discederet.

77 2392 199 2445 φύσει
222 2411 264 2435 τε
298 2391 500 2448 γεγονότες
525 2389 589 2444 εὖ]
621 2394 683 2432 Ad

20 2453 200 2490 voculam
231 2446 276 2492 εὖ
304 2453 471 2501 faciunt,
502 2465 600 2504 quae
634 2452 683 2489 ad

20 2510 66 2556 V,
87 2508 141 2549 25
162 2509 283 2545 attuli.
326 2510 453 2559 Ipsam
475 2508 682 2546 dictionem

20 2566 207 2602 Aemilius
236 2566 372 2602 Portus
404 2566 456 2602 sic
493 2567 683 2617 interpre-

21 2628 144 2660 tatur:
175 2622 302 2658 exz'mio
320 2623 469 2670 ingenio,
491 2623 682 2672 praeclara

21 2679 136 2716 indole
154 2680 245 2727 ἀἰγίς
313 2675 534 2728 Schweigh.
577 2677 682 2716 haud

21 2736 99 2773 scio
119 2748 168 2772 an
187 2734 345 2772 rectius:
376 2734 486 2771 nobili
499 2734 572 2771 loco
591 2737 680 2783 nati,

21 2795 273 2840 generosiores,
349 2790 492 2843 quippe
531 2790 683 2829 oriundi

24 2860 46 2884 e
53 2849 287 2887 nobilissima
298 2847 576 2899 Spartanorum
584 2860 684 2898 gen-

465 1015 515 1067 ὅς
545 1029 693 1073 σφεας,
717 1017 851 1069 ξείνια
880 1014 1175 1069 προθέμενος,
1207 1013 1355 1056 εἱστία.

749 1197 787 1227 te
816 1188 984 1242 indeque
1026 1189 1139 1225 etiam
1163 1188 1341 1225 ditissima
1379 1202 1408 1227 s.

748 1243 918 1312 χρήμασι
942 1241 1159 1295 οἷνήκοντες
1179 1243 1275 1292 ἐςτοὶ
1297 1247 1410 1297 πρῶ-

747 1319 795 1342 τα
833 1305 859 1340 i.
891 1317 924 1340 e.
955 1304 1075 1354 opzbus
1107 1304 1292 1339 emm-entes
1319 1305 1410 1339 enter

743 1364 895 1411 pr1'3mos
935 1359 982 1396 de
1018 1373 1094 1411 quo
1123 1359 1223 1399 conf.
1245 1366 1339 1396 nott.
1361 1358 1409 1396 ad

747 1419 791 1466 V,
813 1417 865 1458 49
889 1418 974 1454 coll.
996 1424 1090 1454 nott.
1112 1416 1160 1453 ad
1183 1417 1244 1464 VI,
1266 1419 1332 1457 61.
1353 1438 1409 1443 —

746 1477 788 1511 ln
806 1488 898 1526 seqq
932 1475 1075 1511 restitui
1095 1478 1220 1517 τῖσαι,
1242 1472 1408 1510 duorum

746 1531 859 1570 codd.
894 1533 1115 1568 auctoritate
1147 1544 1168 1567 a
1197 1530 1352 1568 Schaef.
1374 1537 1410 1567 et

744 1588 877 1626 Matth.
893 1595 1085 1625 mutatum
1097 1589 1134 1623 in
1150 1587 1285 1637 τίσειν,
1304 1586 1409 1640 quod

743 1645 848 1683 idem
869 1645 1024 1682 exhibet
1052 1643 1222 1682 Bekker.

925 1736 1018 1787 cap.
1040 1735 1236 1772 cxxxv.

801 1811 1036 1865 θωύματος]
1084 1813 1129 1851 Id
1160 1814 1305 1851 restitui
1338 1827 1407 1865 pro

743 1868 936 1921 θώματος
965 1873 1136 1923 itemque
1163 1867 1315 1910 τούτων
1337 1883 1407 1921 pro

742 1927 926 1967 τουτέων.
1007 1929 1080 1972 Qui
1124 1940 1219 1963 mox
1249 1935 1408 1964 vocatur

740 1981 967 2034 ΓὙδάρνης,
1010 1985 1040 2021 is
1076 1982 1283 2021 Plutarcho
1309 1986 1344 2020 ΙΙ
1366 1998 1407 2035 p.

743 2043 823 2082 236
855 2042 902 2077 A.
937 2042 1149 2092 appellatur
1179 2036 1405 2092 Ἰνδοῖρνης,

742 2097 1073 2149 quemadmodum
1094 2112 1115 2134 e
1134 2104 1280 2148 septem
1309 2099 1407 2135 Per-

740 2168 868 2191 sarum
897 2156 1100 2192 couiuratis
1130 2154 1315 2192 Herodoti
1342 2153 1408 2194 ‘Y-

742 2207 893 2263 δοὲρνης
905 2212 1050 2249 Ctesiae
1064 2213 1405 2262 (Excerptt.Pers8.

741 2270 778 2313 ὃ.
814 2269 864 2309 14
885 2281 974 2319 pag.
999 2262 1109 2318 133)
1140 2275 1195 2306 est
1214 2265 1405 2321 Ἰὂέρνης.

739 2326 882 2362 Verum
911 2327 1050 2363 Persae
1077 2339 1223 2363 nomen
1252 2327 1406 2363 inveni-

740 2389 802 2419 tur
836 2395 991 2435 quoque
1022 2383 1104 2430 VII,
1133 2383 1198 2424 65.
1220 2384 1285 2423 83.
1304 2384 1399 2423 211.

738 2440 803 2488 111,
835 2442 902 2481 70.
932 2441 995 2488 VI,
1031 2443 1125 2481 133.
1200 2439 1264 2476 Ad
1287 2452 1400 2477 voces

739 2493 951 2548 στρατηγὸς
1001 2499 1082 2535 τῶν
1134 2499 1401 2548 παραθαλασ-

739 2553 838 2592 σίων
873 2550 1035 2606 ἆνδρών
1073 2553 1177 2591 conf.
1215 2560 1312 2590 nott.
1350 2551 1400 2589 ad

737 2610 782 2659 V,
805 2610 873 2652 25.

795 2678 922 2726 ξείνια
947 2675 1218 2727 προθέμενος]
1239 2677 1400 2713 Devoce

737 2735 885 2783 ξείνια,
939 2733 1015 2786 qua
1059 2733 1245 2782 hospitales
1275 2733 1400 2782 epulae

738 2798 775 2829 et
804 2803 1056 2843 quaecuuque
1087 2788 1136 2825 ad
1164 2788 1319 2840 hospitis
1339 2789 1397 2826 vi-

737 2855 844 2886 ctum
870 2848 1094 2898 cultumque
1121 2846 1323 2896 pertinent,
1343 2845 1396 2884 si-
