1851 3181
283 541 382 585 107

113 606 267 633 Somnium
277 605 354 641 Hip-

123 640 194 673 1130,
211 642 371 678 all—tequam

141 681 226 701 ersas
243 681 274 700 111
291 682 371 700 cam-

112 715 183 742 pum
195 706 352 734 Maratho-

112 741 196 768 nium
220 740 353 768 duceret.

442 231 526 271 376

844 228 1306 265 HERODOTI

443 338 519 389 νὸς
538 334 704 392 εἰνάτη·
745 335 889 393 εἰνάτῃ
921 337 966 380 δὲ
996 335 1078 380 οὐκ
1108 336 1404 389 ἐξελεύσεσθαι
1435 338 1614 393 ἔφασαν,
1645 337 1702 392 μὴ
1717 343 1762 377 40

445 403 499 448 οὐ
530 403 716 459 πλήρεος
747 403 898 456 ἐόντος
927 409 1008 448 τοῦ
1038 403 1215 449 κύκλου.
1257 400 1379 450 οὗτοι
1408 406 1488 463 μέν
1516 421 1601 448 νυν
1629 404 1708 460 τὴν

443 471 713 527 πανσέληνον
743 472 911 528 ἔμενον.

529 544 652 583 Τοῖσι
682 540 728 584 δὲ
756 540 1020 597 βαρβάροισι
1060 540 1288 598 κατηγέετο
1312 541 1476 598 Ἱππίης
1507 541 1530 586 ὁ
1564 545 1707 585 Πεισι-

446 607 634 662 στράτου
665 608 707 660 ἐς
735 607 813 651 τὸν
843 611 1134 662 Μαραθῶνα,
1173 613 1248 664 τῆς
1286 608 1602 665 παροιχομένης
1631 625 1708 651 νυ-

415 676 547 727 Qut-dg
577 674 682 727 ὄψιν
714 677 820 720 ἰδών
851 676 898 720 ἐν
920 679 987 741 ’τῷ
1015 674 1142 734 ὕπνῳ
1171 677 1357 733 τοιήνδε.
1405 676 1546 721 ἐδόκεε
1578 677 1601 720 ὁ
1629 676 1764 720 Ἱπ-44

389 870 469 898 ctus
498 861 636 908 fuerit,
677 862 793 912 pluris
835 859 1050 898 faciendam

389 932 480 955 esse.
530 919 586 954 Ac
608 919 669 954 vel
688 919 719 955 si
738 920 945 969 largiamur
955 919 1050 954 Plu—

389 973 540 1022 tarcho,
579 975 721 1012 festum
750 988 903 1025 pugnae
923 977 1051 1011 Mara-

387 1031 542 1069 thoniae
562 1038 668 1069 sexto
689 1031 980 1069 Boedromionis
991 1031 1052 1068 die

387 1087 549 1126 Athenis
585 1090 787 1141 quotannis
815 1089 929 1127 fuisse
951 1089 1052 1126 cele-

389 1147 566 1192 bratum,
596 1147 720 1196 potuit
748 1158 859 1194 sane,
889 1153 932 1183 ut
949 1145 1052 1182 idem

389 1209 522 1239 monet
548 1203 736 1250 WesseL,
766 1203 945 1239 victoriae
965 1215 1052 1238 me-

395 1260 518 1295 moria
537 1260 722 1296 anteverti
742 1266 779 1296 et
793 1266 900 1296 sexto
923 1258 1053 1295 (11033-

388 1317 485 1353 crari
512 1316 573 1354 vel
595 1316 642 1352 ob
674 1317 854 1366 mysteria
879 1322 1052 1352 extremo

392 1385 524 1409 mense
558 1371 833 1409 Boedromioni
871 1373 1053 1409 celebrari

390 1429 519 1477 solita,
556 1429 617 1466 vel
648 1429 764 1465 aliam
803 1429 851 1465 ob
886 1441 1052 1477 causam,

393 1484 706 1536 quandoquidem
761 1484 1055 1523 Boedromionis

394 1542 454 1579 die
476 1540 625 1579 decimo
645 1549 752 1579 sexto
783 1541 831 1579 ad
857 1541 1054 1579 Maratho-

395 1612 486 1634 nem
518 1606 735 1649 pugnatum
765 1612 843 1636 esse
874 1598 1053 1636 credibile

394 1662 470 1702 est,
502 1668 591 1691 cum
612 1656 790 1706 Spartani
817 1668 921 1692 nono
941 1669 1055 1691 men-

394 1713 442 1748 sis
473 1710 534 1747 die
571 1711 620 1748 ad
652 1713 741 1749 belli
773 1713 1055 1749 consortionem

395 1769 565 1815 invitati,
588 1775 673 1819 post
684 1769 939 1819 plenilunium
960 1782 1055 1805 0011-

392 1824 493 1861 fecto
503 1824 630 1861 -tridui
650 1826 803 1872 itinere,
825 1827 947 1862 Persis
968 1838 1056 1862 mo-

395 1881 443 1918 do
463 1881 689 1932 profligatis,
727 1880 896 1919 Athenas
918 1880 1056 1919 adcur-

394 1944 533 1975 rerent.
600 1940 736 1990 Neque
777 1937 851 1976 hoc
887 1939 1054 1975 insolens

394 1995 531 2042 fuisse,
570 2002 611 2032 ut
640 1995 819 2033 victoriae
845 1995 986 2032 festum
1014 1996 1055 2032 in

396 2052 514 2088 alium
544 2050 648 2088 diem
673 2052 787 2089 fuerit
819 2053 1055 2101 translatum,

397 2106 536 2144 docent
574 2107 817 2156 Eleutheria‚
855 2109 895 2145 in
935 2110 1058 2147 victo-

397 2164 474 2200 riae
494 2164 724 2202 Plataeensis
744 2166 973 2201 memoriam
997 2165 1059 2202 die

399 2220 489 2257 XIV
544 2222 683 2258 mensis
730 2223 1061 2259 Maemacterionis

401 2283 570 2327 peracta,
593 2291 683 2314 cum
698 2278 777 2327 ipsa
798 2290 928 2328 pugna
950 2291 1060 2315 com-

400 2333 513 2369 missa
551 2334 597 2370 sit
624 2340 758 2385 quarto
798 2333 859 2370 die
886 2333 1060 2371 Boedro-

401 2391 558 2437 mionis,
587 2396 682 2427 teste
710 2390 813 2426 Plut.
837 2390 952 2427 Arist.
976 2404 1059 2441 cap.

402 2449 468 2486 21.
525 2445 675 2485 Eadem
710 2447 895 2483 sententia
916 2447 1062 2484 Corsini

404 2503 503 2539 Fast.
528 2503 608 2540 Att.
628 2503 679 2540 IV
698 2516 737 2553 p.
765 2501 853 2543 184.

460 2556 514 2609 μὴ
546 2554 596 2598 ου’
623 2555 795 2611 πλήρεος
824 2555 959 2605 ἐόντος
989 2561 1059 2598 τοῦ

404 2611 581 2664 κύκλου]
636 2618 661 2653 1.
692 2629 726 2652 0.
747 2617 819 2653 nisi
839 2615 947 2666 plena
974 2620 1060 2653 esset

404 2672 493 2709 luna
510 2686 539 2709 s.
571 2673 799 2710 novilunium.
858 2670 921 2707 Ad
941 2672 1060 2722 parti-

404 2726 580 2780 011133μή
610 2725 661 2769 ου’
693 2728 794 2766 conf.
823 2726 960 2765 Matth.
992 2729 1057 2766 Gr.

405 2786 471 2822 Gr.
501 2798 589 2835 pag.
623 2788 743 2826 1230.
783 2784 1059 2835 Spartanorum

404 2841 441 2876 in
476 2842 610 2879 talibus
639 2842 942 2893 superstitionem
970 2839 1058 2878 iude

1108 863 1330 912 repetimus,
1383 860 1486 914 quod
1513 863 1672 913 Spartae
1703 862 1765 898 lu-

1108 920 1214 954 naria
1235 919 1395 955 numina
1404 920 1575 969 inprimis
1586 919 1767 955 coleban-

1108 982 1190 1012 tur:
1233 975 1281 1012 de
1312 989 1388 1028 quo
1408 976 1517 1026 plura
1537 977 1577 1012 in
1592 977 1768 1012 Excursu

1108 1032 1159 1070 IV
1180 1031 1228 1069 ad
1242 1033 1305 1081 VI,
1328 1034 1380 1072 69
1404 1046 1484 1084 seq.
1540 1033 1660 1083 Ipsius
1680 1044 1768 1068 mo·-

1109 1089 1182 1137 ris‚
1214 1102 1290 1141 quo
1318 1090 1533 1126 Laconibus
1565 1102 1645 1126 11011
1664 1089 1769 1125 licuit

1111 1152 1198 1182 ante
1236 1146 1491 1196 plenilunium
1538 1145 1588 1182 ad
1625 1146 1770 1182 bellum

1110 1202 1315 1253 proficisci,
1343 1203 1470 1253 plures
1494 1209 1605 1239 testes
1631 1202 1770 1238 excitat

1110 1258 1159 1295 ad
1188 1257 1228 1296 11.
1253 1260 1279 1297 l.
1314 1258 1526 1296 Larcherus
1554 1261 1719 1295 Pausau.
1739 1259 1770 1305 Ι,

1110 1317 1162 1356 28
1194 1316 1231 1361 ξ.
1262 1315 1302 1356 4.
1321 1317 1480 1353 Lucian.
1515 1316 1573 1352 De
1593 1315 1770 1364 astrolog.

1110 1371 1163 1412 25
1195 1372 1246 1409 T.
1283 1373 1319 1407 H
1358 1385 1396 1422 p.
1428 1374 1504 1412 371
1539 1372 1674 1418 Reitz.,
1706 1373 1772 1424 qui

1109 1429 1288 1479 Lycurgo
1308 1429 1383 1465 tale
1401 1429 1617 1466 institutum
1628 1427 1771 1465 adscri-

1111 1485 1177 1532 bit,
1207 1483 1404 1524 Plutarch.
1420 1486 1456 1521 II
1473 1499 1513 1535 p.
1529 1485 1648 1526 1157.
1670 1486 1772 1521 Her—
1826 1482 1831 1489 ¹

1109 1554 1267 1592 mogen.
1287 1543 1345 1578 De
1376 1543 1523 1579 invent.
1542 1542 1579 1578 H
1593 1554 1681 1592 pag.
1704 1540 1772 1583 45.

1111 1598 1296 1635 Herodoti
1314 1599 1445 1635 locum
1465 1598 1514 1635 ad
1542 1596 1773 1649 Hyacinthia

1111 1661 1149 1691 et
1170 1655 1316 1691 Carnea
1335 1662 1486 1692 tantum
1504 1655 1636 1692 referri
1649 1668 1777 1706 posse,

1111 1711 1302 1763 siquidem
1341 1724 1420 1749 uuo
1457 1724 1591 1748 mense
1628 1712 1775 1749 Carneo

1113 1768 1292 1819 Spartani
1310 1781 1391 1805 non
1411 1774 1499 1805 ante
1520 1764 1776 1819 pleniluniinn

1113 1824 1162 1861 ad
1200 1826 1346 1861 bellum
1375 1826 1515 1875 egressi
1542 1824 1703 1872 fuerint,
1731 1825 1776 1862 C.

1115 1882 1159 1920 Ο.
1189 1882 1351 1919 Miillero
1383 1882 1607 1919 observante
1637 1880 1777 1931 (Dorr.

1113 1939 1149 1975 H
1168 1952 1207 1989 p.
1228 1938 1331 1988 248)
1347 1967 1357 1986 ,
1381 1937 1510 1975 docuit
1539 1937 1714 1976 Boeckh.
1734 1939 1776 1975 in

1111 1994 1196 2032 Iud.
1216 1996 1339 2032 Lectt.
1360 1996 1489 2036 aesfiv.
1508 1996 1632 2034 Berol.
1657 1996 1778 2035 1816.

1111 2054 1170 2089 De
1201 2052 1355 2089 Carneis
1374 2051 1453 2091 vid.
1473 2052 1556 2101 VH,
1579 2054 1660 2094 206
1679 2052 1772 2104 ibiq.

1115 2115 1213 2146 nott.

1338 2165 1429 2215 Cap.
1443 2165 1556 2202 CVII.

1174 2220 1409 2273 κατηγέετο]
1450 2221 1571 2257 Plane
1608 2225 1650 2256 ut
1678 2219 1778 2267 VIII,

1119 2278 1222 2325 215,
1254 2278 1320 2314 ubi
1349 2276 1426 2316 vid.
1451 2277 1520 2315 Cr.
1543 2276 1645 2313 conf.
1671 2277 1777 2313 Titt-

1116 2347 1249 2371 mann.
1278 2333 1327 2370 ad
1357 2335 1499 2371 Zonar.
1522 2333 1654 2370 Lexic.
1686 2345 1774 2384 pag.

1122 2393 1239 2431 1168.
1299 2389 1361 2427 Ad
1381 2391 1497 2428 verba
1514 2388 1553 2436 ἐς
1573 2385 1777 2437 ‘1:6vaoe-

1121 2448 1292 2497 ραθώνα
1331 2447 1431 2486 conf.
1471 2453 1566 2484 nott.
1617 2444 1665 2482 ad
1711 2446 1775 2493 VI,

1174 2559 1217 2599 ἐν
1233 2562 1288 2613 τῷ
1306 2556 1441 2613 ὕπνῳ]
1465 2560 1611 2596 Desunt
1619 2556 1692 2595 hae
1705 2570 1777 2595 vo-

1117 2629 1178 2652 ces
1208 2618 1248 2652 in
1277 2617 1446 2667 pluribus
1474 2614 1588 2653 codd.
1609 2621 1645 2652 et
1663 2614 1775 2652 simili

1118 2673 1156 2708 in
1185 2686 1225 2709 re
1257 2673 1393 2710 absunt
1420 2673 1501 2720 VII,
1526 2675 1594 2716 12,
1626 2669 1776 2708 additae

1118 2729 1180 2776 VI,
1207 2732 1296 2769 118.
1321 2732 1413 2770 131.
1433 2730 1500 2776 111,
1522 2731 1587 2768 30.
1610 2726 1675 2774 65,
1703 2727 1774 2764 ob-

1116 2793 1288 2822 servante
1296 2786 1539 2835 Wesseling.,
1555 2784 1620 2835 qui
1633 2782 1680 2819 de
1699 2781 1774 2819 hu—

1117 2842 1280 2880 iusmodi
1299 2856 1366 2894 per
1387 2843 1552 2894 quietem
1574 2840 1659 2878 visis
1679 2851 1775 2877 con—
