1851 3181
309 354 373 398 32

103 417 217 446 Sardes
236 426 304 444 cum
326 426 380 445 ve-

101 452 197 480 nisset
216 451 379 486 exercitus,

101 486 299 513 inGraeciam
310 486 378 512 mit-

100 523 219 551 tantur,
241 520 290 555 qui
310 528 342 546 a.—

103 561 193 589 quam
212 557 241 579 et
260 556 377 580 terram

103 590 227 622 petant.
252 595 310 613 non
331 591 376 614 ta-

102 629 171 647 men
192 619 335 653 Athtnas,

102 663 204 696 neque
216 656 362 689 Spartam

103 688 253 723 [ο.133.ι.

435 232 519 271 490

433 343 521 382 τῶν
567 339 721 382 Λυδῶν
775 338 823 382 τό
865 338 987 382 ἄστυ.

436 543 606 598 βασιλέϊ
635 543 979 597 παρασκευάζειν
992 559 1003 569 ·

840 231 1303 270 HERODOT1

1051 337 1335 395 Ἀπικόμενος
1375 341 1422 385 δὲ
1451 343 1494 392 ἐς
1524 340 1702 396 Σάρδις,

437 411 590 461 πρῶτα
627 405 705 461 μὲν
736 403 953 462 ἀπέπεμπε
983 406 1179 464 κήρυκας
1217 409 1259 460 ἐς
1296 409 1375 465 τὴν
1399 409 1606 459 Ἑλλάδα,
1639 413 1759 454 oei—65

435 473 646 530 τήσοντας
663 478 748 531 γῆν
776 491 820 518 τε
848 476 922 519 καὶ
951 476 1096 530 ὕδωρ,
1128 478 1201 520 καὶ
1223 477 1512 533 προερέοντας
1551 479 1705 521 δεῖπνα

1037 544 1150 600 πλὴν
1184 543 1282 588 οὕτε
1306 545 1347 596 ἐς
1372 544 1573 601 Ἀθήνας,
1605 544 1705 589 οὔτε

441 611 482 661 ἐς
518 612 828 665 Λακεδαίμονα
865 610 1084 667 ἀπέπεμπε
1123 613 1190 656 ἐπὶ
1229 618 1309 669 γῆς
1347 616 1538 670 αἴτησιν,
1568 617 1622 670 τῇ
1658 612 1704 656 δὲ

408 677 731 735 Ξὲἑλλῃλπάντη.
754 683 892 723 τῶνδε
923 681 969 723 δὲ
999 682 1140 724 εἵνεκα
1169 680 1217 724 τὸ
1249 682 1456 737 δεύτερον
1486 680 1705 736 ἀπέπεμπε

437 747 504 789 ἐπὶ
543 750 628 803 γῆν
674 764 718 791 τε
757 749 832 791 καὶ
869 748 1015 801 ὕδωρ·

1063 749 1158 792 ὅσοι
1190 751 1406 806 πρότερον
1437 749 1517 794 οὐκ
1547 749 1706 793 ἔδοσαν

436 817 612 870 Δαρείῳ
643 814 885 870 πέμψαντι,
917 815 1104 868 τούτους
1132 818 1274 874 πάγχυ
1313 819 1457 863 ἐδόκεε
1487 816 1584 860 τότε
1616 818 1761 860 &zi-70

437 894 598 934 σαντας
622 882 799 926 δώσειν·
831 885 1100 941 βουλόμενος
1121 881 1182 929 ὧν
1213 885 1322 929 αὐτὸ
1343 890 1476 929 τοῦτο
1497 885 1706 940 ἐκμαθεῖν

437 950 654 1007 ἀκριβῶς,
696 952 867 1007 ἔπεμπε.

438 1017 498 1071 ὠς
526 1020 636 1063 ἐλῶν
667 1021 932 1077 ἐς”Αβυδον.

379 1209 570 1233 successor
589 1196 635 1233 sit
651 1194 869 1246 designatus
882 1226 892 1244 ,
915 1198 980 1249 qui
999 1197 1040 1233 in

378 1255 522 1291 mortui
542 1260 606 1289 aut
628 1253 674 1288 ab
692 1253 817 1289 officio
840 1253 1042 1290 disceden-

377 1312 424 1347 tis
456 1312 586 1347 locum
614 1310 716 1346 illico
749 1309 949 1347 succedat:
989 1312 1043 1347 ita

378 1376 420 1404 ut
451 1366 525 1404 dici
553 1365 737 1403 hacteuus
765 1368 882 1417 possit
899 1398 908 1415 ,
938 1381 1040 1403 nun-

379 1437 497 1475 quam
516 1424 726 1471 intermori,
746 1425 812 1474 qui
833 1424 971 1471 officio,
995 1423 1042 1460 de

377 1494 457 1532 quo
488 1482 633 1530 agitur,
673 1480 866 1530 fungatur.
937 1481 1042 1525 Quae

380 1536 895 1585 etiamLetronnioffloumal
909 1536 1041 1574 d.Sav.

377 1596 486 1634 *1817
507 1607 595 1644 pag.
621 1593 692 1640 95)
724 1595 839 1631 nimis
869 1595 1043 1631 arcessita

381 1658 417 1687 et
448 1652 616 1703 quaesita
649 1649 839 1687 videntur.
896 1651 1043 1687 Vocem

379 1703 497 1758 ἀνδρὶ
517 1707 686 1744 additam
707 1720 786 1743 esse
813 1706 951 1743 eodem
972 1720 1043 1758 pa-

379 1772 462 1809 cto,
495 1777 571 1815 quo
601 1764 716 1814 paulo
738 1771 826 1800 ante
856 1764 1043 1815 δημιοερ-

378 1818 476 1872 γοῦς
498 1819 660 1872 ἄνδρας,
690 1822 777 1857 satis
807 1828 924 1871 patet.
963 1822 1043 1858 Vo-

379 1879 560 1915 cabulum
590 1874 808 1926 μελεδωνός
848 1879 954 1927 attigi
994 1876 1043 1914 ad

378 1937 443 1980 m,
467 1937 515 1974 61
541 1935 628 1971 0011.
650 1934 731 1982 vn,
745 1935 812 1974 38.
833 1934 932 1982 Vm,
951 1935 1042 1975 115.

378 1994 435 2027 De
458 1990 715 2028 [mmm-talium
745 1989 900 2027 cohorte
928 2004 1043 2042 prae-

378 2056 437 2085 ter
467 2047 652 2084 Herodoti
685 2048 712 2084 l.
747 2048 774 2084 l.
797 2048 944 2099 reliqua
974 2061 1044 2084 ve-

380 2113 507 2141 terum
525 2105 742 2141 testimonia
773 2103 918 2143 dabunt
936 2106 1044 2141 Bris-

380 2175 462 2197 son.
495 2163 551 2196 De
579 2174 657 2210 reg.
688 2162 811 2198 Perss.
830 2162 990 2212 princip.
1011 2163 1040 2209 Ι,

384 2221 474 2264 191,
498 2230 574 2268 quo
601 2219 718 2254 utitur
736 2219 971 2268 Wesseling.
993 2217 1041 2254 ad

379 2273 563 2310 Diodor.I
583 2286 672 2324 pag.
693 2272 775 2314 409
798 2275 884 2322 [ΧΙ,
906 2277 931 2314 7
953 2274 1041 2323 fin,]

379 2333 595 2381 Interprett.
632 2328 681 2366 ad
716 2329 883 2381 Hesych.
934 2344 966 2368 s.
1004 2345 1042 2368 v-

378 2383 602 2425 Ἀθάνατοι
619 2387 637 2421 I
657 2399 696 2436 p.
720 2388 813 2427 123.
870 2388 915 2423 In
935 2400 1043 2438 seqq.

381 2443 420 2489 ἐς
440 2446 519 2482 ταῖν
540 2443 690 2481 Λυδῶν
718 2439 761 2481 τὸ
783 2439 881 2481 ἄστυ
908 2444 1043 2479 Noster

383 2500 478 2537 dixit
513 2496 611 2538 ἄστυ
642 2510 755 2535 sensu
787 2500 971 2536 eminenti
995 2499 1043 2536 de

381 2556 579 2608 Lydorum
596 2556 691 2592 urbe
712 2556 882 2606 capitali,
905 2569 1043 2608 quem-

383 2612 593 2649 admodum
607 2610 778 2649 Athenas
792 2613 844 2650 sio
866 2614 1044 2650 nomina-

382 2677 436 2707 tas
457 2683 535 2707 esse
556 2675 717 2706 constat.

568 2759 662 2811 cap.
690 2760 854 2796 xxxn.

440 2833 680 2888 αἰτήσοντας
691 2840 768 2892 γῆν
779 2852 816 2878 τε
827 2837 894 2878 καὶ
910 2834 1040 2890 ὕδωρ]

924 955 1051 998 Μετὰ
1091 955 1137 998 δὲ
1179 958 1334 1007 ταῦτα,
1363 952 1704 1011 παρεσκευάζετο

1097 1196 1183 1235 Vid.
1215 1203 1312 1234 nott.
1355 1195 1404 1232 ad
1440 1197 1504 1244 IV,
1538 1198 1617 1237 196
1648 1202 1763 1247 atque

1097 1252 1278 1290 Addend.
1311 1266 1400 1303 pag.
1433 1255 1526 1294 678.
1565 1254 1642 1289 Cur
1671 1266 1762 1289 vero

1098 1324 1167 1347 rex
1188 1311 1312 1347 nullos
1331 1309 1502 1346 Athenas
1527 1316 1563 1345 et
1583 1310 1764 1360 Spartam

1098 1369 1241 1404 miserit
1270 1380 1502 1416 praecones,
1549 1379 1690 1417 aquam
1726 1373 1764 1403 et

1100 1431 1239 1460 terram
1260 1424 1325 1473 qui
1344 1430 1528 1474 peterent,
1551 1422 1663 1459 docet
1681 1424 1763 1459 No—

1099 1488 1175 1518 ster
1211 1481 1293 1528 V,11
1329 1483 1422 1544 133.
1478 1479 1542 1516 Ad
1570 1480 1685 1516 verba
1711 1481 1765 1533 τῇ

1100 1534 1143 1576 δὲ
1176 1534 1273 1591 ἄλλῃ
1307 1532 1438 1586 πάντη
1482 1536 1558 1573 Cr.
1600 1537 1764 1573 conferri

1099 1595 1181 1630 vult
1199 1592 1451 1630 Broeudsted.
1471 1594 1572 1630 Reis.
1594 1594 1635 1630 in
1651 1594 1764 1630 Grie-

1100 1649 1302 1688 cheuland.
1324 1651 1342 1686 I
1357 1663 1442 1701 pag.
1457 1653 1509 1691 73
1520 1657 1600 1688 not.
1610 1672 1667 1677 ——
1687 1651 1762 1687 Pro

1098 1710 1180 1745 τῶν
1195 1705 1248 1754 δὲ,
1270 1714 1313 1743 ut
1332 1708 1370 1742 in
1386 1705 1582 1744 Sohaeferi
1596 1706 1764 1743 editione

1100 1771 1244 1810 exstat,
1284 1765 1414 1814 scripsi
1453 1763 1593 1802 ταῖνδε.
1615 1785 1671 1790 -—-
1699 1762 1763 1799 Ad

1098 1834 1213 1858 voces
1233 1818 1384 1859 τοῦτο
1400 1835 1456 1866 υς
1481 1817 1609 1871 πάγχυ
1631 1817 1763 1859 ἐδόκεε

1098 1893 1134 1917 κ.
1155 1892 1183 1915 τ.
1206 1880 1239 1915 λ.
1261 1877 1363 1913 conf.
1387 1875 1523 1913 Matth.
1548 1877 1614 1913 Gr.
1636 1877 1702 1913 Gr.
1724 1877 1762 1922 §.

1099 1932 1193 1979 472,
1219 1937 1258 1974 2.
1290 1932 1327 1970 d.
1343 1946 1433 1985 pag.
1454 1935 1552 1973 879.

1159 1988 1213 2037 ὥς
1242 1989 1343 2029 ἐλῶν
1370 1989 1409 2037 ἒς
1431 1987 1638 2040 ”Αβυδον]
1678 1990 1762 2027 Hoc

1100 2047 1186 2084 loco
1207 2060 1310 2084 nunc
1339 2048 1436 2084 iacet
1461 2048 1566 2083 vicus
1596 2045 1762 2095 Nogara‚

1099 2110 1143 2140 ut
1178 2102 1227 2140 ad
1259 2105 1302 2152 V,
1338 2106 1415 2143 117
1453 2094 1762 2140 monstravimus.

1100 2161 1243 2206 Quibus
1273 2159 1361 2196 add.
1392 2158 1763 2197 Choiseul-Gouffier

1098 2218 1256 2268 Voyage
1284 2218 1516 2268 pittoresque
1537 2223 1608 2253 etc.
1623 2218 1659 2252 Π
1672 2229 1760 2267 pag.

1099 2272 1194 2321 449,
1225 2274 1292 2324 qui
1323 2280 1361 2310 et
1389 2274 1503 2310 totius
1523 2273 1762 2324 Hellesponti

1100 2337 1317 2366 accuratam
1339 2328 1444 2366 dedit
1463 2328 1761 2367 delineationem
1823 2331 1827 2333 ’

1100 2387 1178 2422 aeri
1208 2387 1368 2423 incisam
1407 2393 1522 2438 atque
1553 2387 1680 2422 aliain
1700 2393 1761 2423 ta-

1098 2441 1188 2478 bula
1224 2444 1302 2479 aeri
1336 2450 1373 2479 et
1400 2443 1482 2493 ipsa
1506 2444 1625 2480 incisa
1665 2455 1761 2481 con-

1098 2506 1271 2549 spectum
1300 2501 1464 2550 regionis
1500 2498 1760 2551 ruderumque

1100 2557 1235 2593 veteris
1266 2555 1407 2608 Abydi.
1465 2556 1571 2602 Quae
1589 2568 1759 2621 sequun-

1099 2618 1162 2649 tur
1182 2613 1223 2651 οἷ
1241 2611 1283 2652 δὲ
1309 2612 1354 2652 ἐν
1381 2626 1509 2666 τουτῳ
1537 2609 1602 2652 τὸν
1620 2607 1758 2661 Ἑλλή-

1100 2681 1316 2709 σποντονκ.
1330 2685 1361 2708 τ.
1374 2671 1408 2707 λ.
1426 2669 1478 2705 ita
1498 2669 1663 2720 accipio:
1691 2669 1757 2704 In-

1099 2732 1202 2762 terea
1236 2727 1289 2762 illi
1310 2738 1428 2776 prope
1456 2725 1638 2776 Abydum
1657 2723 1701 2772 (i.
1722 2737 1755 2760 e.

1100 2781 1148 2819 ad
1168 2781 1261 2820 illud
1278 2783 1579 2833 promontorium
1593 2809 1603 2828 ‚
1624 2781 1663 2816 in
1680 2793 1756 2832 quo

1099 2852 1201 2876 nunc
1241 2840 1345 2877 vicus
1386 2839 1536 2890 Nagara
1572 2837 1756 2886 cernitur)
