1806 3181
411 131 496 171 682
818 133 1287 172 HERODOTI

252 239 351 285 157

80 305 266 346 Legatorum
285 313 356 340 sup-

79 345 177 376 petias
203 339 356 366 Graeciae

79 373 251 409 rogantium
275 382 342 401 cum

80 416 117 436 eo
134 407 326 444 colloquium.

499 238 603 282 Τότε
642 240 708 291 δὲ,
749 238 808 289 ὦς
838 242 881 283 οἱ
920 238 1096 296 ἄγγελοι
1125 247 1214 286 τῶν
1238 242 1457 300 Ἑλλήνων
1487 243 1672 291 ἀπίκατο

413 306 456 358 ἐς
483 307 558 357 τὰς
586 307 893 363 Συρηκούσας,
924 308 1126 361 ἐλθόντες
1158 310 1276 368 αὐτῷ
1306 311 1348 362 ἐς
1388 311 1558 367 λόγους,
1590 314 1674 358 ἕλε-

387 383 499 431 Ξγον
529 373 653 417 τάδε·
691 373 947 431 η”Επεμψαν
986 375 1118 433 ἡμέας
1158 379 1498 436 Λακεδαιμόνιοί
1527 397 1570 424 τε
1599 381 1672 424 καὶ

410 445 482 496 7,οἱ
508 441 756 498 Ἀθηναῖοι,
793 444 864 487 καὶ
908 447 951 488 οἱ
978 445 1149 489 τούτων
1190 445 1419 504 σύμμαχοι,
1449 452 1670 504 παραλαμ-

408 509 656 567 ,,ψομένους
687 522 733 554 σε
760 512 870 568 πρὸς
898 511 974 556 τὸν
1002 513 1243 571 βάρβαρον·
1276 515 1353 558 τόν
1380 514 1463 572 γὰρ
1493 514 1727 559 ἐπιόντα9ῠ

352 720 575 756 rannorum,
599 708 665 760 qui
695 708 847 746 Graecis
866 722 1012 748 vocan-

348 771 422 811 tur,
442 766 618 816 imperio,
657 779 727 816 pro
751 767 923 817 ingenito
944 768 1009 805 illo

348 822 529 859 libertatis
549 821 694 871 studio,
725 836 800 875 quo
830 826 1010 861 Nostrum

350 879 550 916 incensum
570 880 682 916 fuisse
704 878 807 917 haud
816 882 928 931 pauci
948 880 1010 918 hi—

348 937 551 972 storiarum
585 937 660 973 loci
693 936 876 977 indicant.
922 937 1006 977 Vid.

349 993 396 1040 V,
424 995 487 1039 66,
509 994 638 1044 ibique
668 1001 763 1031 nott.
786 996 872 1031 coll.
888 996 931 1042 V,
955 998 1007 1036 78

351 1056 388 1085 et
416 1049 498 1096 VII,
533 1049 624 1090 164.
692 1052 867 1102 Namque
904 1053 1008 1088 mul-

348 1112 433 1142 tum
475 1119 565 1143 saue
596 1107 725 1144 abesse
744 1107 917 1156 videtur,
965 1116 1009 1146 ut

349 1163 539 1199 Gelonem
568 1176 613 1200 eo
634 1177 710 1215 quo
730 1165 849 1215 vulgo
867 1166 1008 1215 accipi-

347 1226 410 1257 tur
429 1232 541 1257 sensu
561 1227 772 1271 tyrannum
791 1222 905 1258 fuisse
926 1223 1010 1258 exi-

345 1277 544 1313 stimemus
583 1278 609 1314 i.
639 1291 672 1315 e.
712 1291 844 1328 regem
875 1292 1010 1329 super-

347 1334 459 1382 bum3
484 1347 600 1385 quem
620 1335 744 1384 potius
767 1348 856 1371 cum
877 1336 1012 1387 aequi-

346 1397 423 1426 tate
458 1390 677 1427 Siculorum
713 1405 771 1428 res
799 1390 1010 1428 moderan-

346 1453 427 1484 tem
445 1448 605 1498 optimas
625 1448 727 1498 leges
739 1449 866 1485 tulisse
880 1450 1008 1485 omni-

347 1517 493 1555 umque
541 1517 672 1540 rerum
730 1504 1006 1543 abundantiam

346 1573 566 1611 procurasse
596 1567 709 1612 atque
743 1563 902 1598 omniuo
933 1575 1006 1612 po-

343 1618 425 1667 puli
437 1616 752 1654 studiosissimum
767 1619 880 1655 fuisse
890 1625 1006 1655 testa-

344 1681 407 1710 tur
427 1673 583 1712 Diodor.
606 1676 675 1723 XI,
698 1677 763 1716 38.
807 1675 865 1712 Cf.
887 1676 1006 1712 Goel-

343 1731 409 1771 ler.
443 1730 490 1768 de
520 1732 594 1768 situ
622 1739 660 1769 et
691 1733 786 1783 orig.
826 1732 1004 1784 Syracus.

341 1800 430 1839 pag.
455 1788 520 1830 15.

542 1913 634 1964 cap.
659 1912 804 1950 CLVII.

401 2009 596 2063 ἀπίκατο]
646 2015 747 2051 Olim
787 2010 1001 2063 ἆπικέατος

345 2069 393 2108 de
421 2084 495 2122 qua
526 2071 749 2108 confusione
782 2070 861 2112 vid.
892 2072 1004 2108 allata

345 2126 393 2164 ad
412 2128 492 2176 Vll,
518 2130 610 2168 118.
629 2149 686 2155 —-
713 2129 808 2164 Mox
827 2141 917 2165 cum
940 2141 1004 2164 re-

345 2190 461 2221 centt.
503 2182 591 2220 edd.
623 2183 780 2220 exhibui
799 2185 1003 2223 Λακεδαι-
1062 2186 1141 2224 138
1162 2184 1227 2221 fin.
1249 2185 1373 2231 2033
1374 2198 1442 2222 τον
1456 2178 1619 2222 ἐπιόντα
1636 2179 1713 2222 πό-

345 2237 480 2292 μόνιοί
495 2254 536 2279 τε
569 2238 636 2278 καὶ
670 2235 907 2289 Ἀθηναῖοι,
935 2241 1003 2276 ubi
1057 2243 1177 2290 λεμον
1215 2235 1443 2288 ἀμύνεσθαι
1473 2237 1568 2276 dixit
1597 2237 1713 2275 Thu-

343 2298 460 2348 vulgo
499 2297 603 2333 abest
630 2297 766 2333 vocula
813 2311 865 2334 τε.
921 2296 1002 2333 Ad·
1057 2295 1211 2348 cydIdes
1239 2296 1286 2341 ΙΙ,
1306 2298 1373 2343 36,
1394 2295 1459 2332 ubi
1487 2294 1565 2332 vid.
1593 2296 1714 2333 inter-

342 2354 456 2391 fuisse
467 2360 595 2390 autem
614 2353 692 2389 una
710 2351 1002 2389 Atheniensium.
1056 2359 1190 2403 pretes.
1247 2352 1375 2403 Atque
1394 2352 1506 2388 simili
1525 2352 1604 2389 fere
1623 2365 1712 2390 mo·-
1767 2357 1774 2367 ·’

343 2412 487 2461 legatos
507 2417 609 2460 patet
635 2423 684 2446 ex
703 2408 886 2446 Herodot.
917 2408 1106 2457 V11‚do
1139 2406 1312 2445 Thessali
1338 2407 1597 2446 Phoceusibus
1626 2409 1710 2460 pol-

345 2470 422 2508 161
447 2474 484 2504 et
502 2465 631 2504 Schol.
652 2466 806 2503 Pindar.
827 2465 874 2503 ad
885 2465 997 2517 Pyth.

344 2526 360 2559 I
380 2524 445 2560 fin.
469 2524 499 2562 C
507 2537 538 2561 r.
559 2523 722 2561 conferri
739 2524 822 2560 vult
853 2521 1000 2574 Ephori

344 2582 540 2632 Fragmm.
563 2593 650 2632 pag.
671 2582 766 2620 221.

400 2689 466 2732 τὸν
503 2689 604 2758 γάρ
623 2687 784 2732 ἐπιόντα
823 2689 887 2731 ἐπὶ
923 2706 996 2742 την

342 2745 518 2789 Ελλάδα
548 2764 709 2797 παντως
737 2764 811 2790 κου
835 2744 998 2789 πυνθά-

1068 725 1177 759 νεαι,
1226 707 1288 751 ὅτι
1314 725 1350 750 κ.
1381 727 1414 750 τ.
1447 711 1516 760 λ.]
1554 711 1613 747 Ita
1639 711 1726 748 libri

1066 769 1206 819 scripti,
1228 781 1249 805 a
1265 769 1401 820 quibus
1433 766 1624 805 discedere
1650 780 1725 804 110-

1066 826 1121 862 lui
1141 838 1231 862 cum
1245 832 1403 862 reoentt.
1416 824 1516 873 edd¹⁷
1537 825 1609 861 nisi
1621 823 1725 876 quod
1780 818 1790 856 '2

1065 889 1150 933 post
1170 879 1399 921 πυνθάνεαι
1436 895 1526 919 cum
1545 879 1724 918 Bekkero

1065 941 1256 975 minorem
1298 939 1472 976 substitui
1520 937 1725 975 distinctio-

1064 1009 1157 1032 nem
1170 1024 1187 1041 ,
1217 1009 1294 1047 quo
1313 996 1450 1032 melius
1471 995 1587 1032 verba
1615 1007 1724 1047 seqq.

1065 1066 1153 1089 cum
1163 1052 1470 1089 antecedentibus
1483 1050 1722 1088 cohaereant.

1063 1108 1289 1146 Schaeferus
1317 1110 1357 1144 in
1388 1115 1537 1145 textum
1566 1121 1725 1158 recepe-

1065 1173 1123 1203 rat
1145 1164 1409 1203 Valckenaerii
1438 1166 1722 1202 coniecturam:

1066 1221 1472 1287 παραλαμψομένους
1476 1233 1519 1260 σε
1535 1236 1585 1260 π
1583 1237 1638 1268 ος
1657 1218 1725 1261 τᾶν

1067 1276 1272 1329 βάρβαρον
1292 1293 1362 1317 τον
1387 1273 1546 1317 ἐπιόντα
1566 1276 1631 1317 ἐπὶ
1647 1292 1724 1329 την

1063 1331 1258 1374 Ελλαδα·
1279 1330 1440 1381 πάντως
1457 1331 1530 1387 γοῖρ
1563 1331 1723 1373 πυνθοῖ-

1066 1406 1165 1439 νεαι,
1188 1388 1248 1431 ότι
1268 1406 1303 1430 κ.
1329 1406 1360 1430 τ.
1380 1394 1438 1440 λ.;

1064 1450 1241 1485 orationis
1271 1449 1438 1485 colorem
1474 1449 1591 1486 everti
1619 1454 1722 1485 recte

1060 1503 1157 1542 mihi
1186 1512 1366 1542 annotare
1393 1504 1543 1543 videtur
1561 1506 1722 1543 Wesse—

1060 1562 1199 1611 lingius
1217 1592 1226 1610 ‚
1257 1563 1418 1598 aliorum
1445 1574 1553 1598 more
1584 1563 1721 1599 oratio-

1061 1631 1152 1654 nem
1178 1620 1230 1655 sic
1261 1617 1506 1655 decursuram
1534 1618 1614 1654 fore
1648 1617 1720 1655 ad—

1061 1676 1214 1711 iiciens:
1256 1670 1416 1721 πάντως
1450 1689 1524 1714 κου
1553 1670 1720 1714 πυνθά-

1469 1404 1544 1443 qlla
1565 1404 1723 1428 Olnlleln

1061 1746 1170 1779 νεαι,
1199 1728 1258 1770 Γότι
1278 1730 1436 1783 Πέρσης
1468 1726 1572 1782 ἀνὴρ
1594 1728 1719 1770 ἐπιών
1775 1760 1779 1764 -

1061 1787 1126 1827 ἐπὶ
1155 1784 1229 1838 τήν
1258 1783 1445 1835 Ἑλλάδα,
1469 1785 1597 1837 μέλλει
1626 1803 1663 1827 κ.
1682 1802 1716 1827 τ.

1060 1847 1095 1883 λ.
1129 1843 1238 1881 Idem
1258 1845 1421 1880 conferri
1439 1845 1521 1881 vult
1532 1842 1717 1882 Abresch.

1793 1080 1802 1097 l·

1057 1900 1250 1938 Dilucidd.
1282 1899 1490 1952 Thucydd.
1518 1915 1557 1952 p.
1581 1901 1658 1941 104
1681 1907 1719 1938 et
1774 1931 1794 1947 .-

1059 1957 1108 1995 ad
1136 1959 1361 1995 Aristaenet.
1404 1959 1434 2006 I,
1470 1957 1510 1999 5.
1566 1958 1718 2008 Repetit
1766 1974 1781 2004 ‚g

1058 2017 1193 2052 Noster
1211 2015 1292 2063 VII,
1307 2017 1384 2055 177
1404 2027 1516 2051 voces
1544 2010 1615 2054 τόν
1635 2013 1716 2054 ἐπι·
1766 2019 1769 2023 ’

1059 2067 1155 2111 ὄντα
1187 2069 1251 2110 ἐπὶ
1291 2069 1367 2122 τήν
1390 2067 1576 2117 “Ελλάδα,
1605 2071 1715 2107 item-

1060 2142 1134 2180 que
1171 2129 1364 2175 V11‚159
1395 2127 1460 2166 fin.
1501 2127 1587 2163 0011.
1619 2129 1714 2166 173.

1055 2465 1217 2502 licentur
1264 2480 1310 2503 τα
1348 2461 1512 2504 ἐπιόντα
1542 2463 1604 2504 ἐπὶ
1635 2461 1709 2517 τήν

1053 2537 1185 2573 χωρην
1216 2515 1457 2572 ἀποτρέψειν
1489 2521 1592 2572 apud
1627 2523 1708 2558 He-

1053 2577 1137 2615 rod.
1167 2578 1266 2626 V111,
1299 2580 1366 2619 29.
1404 2599 1460 2605 —-
1507 2577 1571 2615 Ad
1600 2589 1707 2630 seqq.

1053 2631 1256 2686 πρόσχημα
1284 2632 1356 2684 μὲν
1382 2630 1623 2684 ποιούμενος
1654 2633 1702 2670 cf.

1052 2698 1147 2729 nott.
1170 2690 1218 2728 ad
1236 2691 1299 2738 IV,
1324 2693 1401 2732 167
1422 2697 1459 2727 et
1492 2690 1540 2728 de
1558 2689 1704 2728 indica-

1052 2749 1130 2788 tivo
1150 2743 1305 2788 ἐλαύνει
1323 2753 1418 2785 nott.
1440 2745 1488 2784 ad
1506 2747 1586 2794 VII,
1608 2746 1700 2786 138.
