1789 3213
449 233 541 271 ET
598 232 1105 270 CORRIGENDA.
1418 232 1502 273 817

254 344 289 378 in
310 343 386 388 ipsa
415 341 509 375 Ionia
542 353 642 376 cusus
665 353 737 375 cum
752 342 826 386 ipso
849 340 978 375 nomine
1000 339 1232 383 Pythagorae,
1255 337 1350 372 ducis
1373 338 1503 373 scilicet

254 390 368 423 Ionum
393 394 510 421 contra
529 387 650 421 Persas
672 388 926 421 foederatorum.
976 386 1050 419 Vid.
1070 385 1197 419 Annali.
1217 383 1501 419 Viennens.'1·0m.

255 434 354 468 LXII
379 445 457 478 pag.
480 433 535 468 64.
559 451 603 459 —
625 433 684 475 lis,
708 445 794 478 quae
817 434 850 466 in
874 438 955 466 nota
977 432 1018 465 de
1031 431 1229 475 Amphipoli
1252 430 1405 469 diximus,
1415 441 1502 477 nunc

253 480 459 524 potissimum
483 479 560 513 addi
582 479 732 512 volumus
756 479 954 521 Cousinery.
989 477 1128 520 voyage
1152 488 1194 510 en
1227 476 1360 509 Maced.
1382 476 1400 508 I
1423 486 1503 520 pag.

255 526 333 567 122,
365 524 423 570 qui
454 525 528 570 ipse
560 525 673 557 ruinas
696 524 794 558 huius
817 524 909 557 urbis
930 522 1162 567 perlustravit,
1186 533 1250 555 non
1274 522 1372 566 longe
1392 532 1505 555 remo-

254 574 308 605 tas
331 582 352 605 a
375 571 447 604 vico
470 571 663 605 leni-Kieui
685 573 910 615 accurateque
934 569 1064 613 singula
1086 567 1277 613 descripsit.

38 671 92 706 Ad
113 671 175 714 VI,
199 673 239 708 11
267 683 342 716 pag.
369 673 447 708 239.
496 672 546 706 Ad
570 671 766 706 locutionem
790 670 849 706 ἐπὶ
873 671 987 714 ξυροῦ
1012 667 1128 713 οἷκμῆς
1158 669 1245 704 conf.
1269 668 1367 703 etiam
1393 669 1505 702 Blom-

252 718 342 752 field.
364 718 398 751 in
421 718 582 797 {glossam
617 718 660 752 ad
683 718 838 762 Aeschyl.
864 717 1053 762 Choephor.
1081 718 1149 751 870
1181 722 1214 748 et
1236 716 1346 749 Bothe
1368 715 1410 748 ad
1434 715 1507 749 Ho-

252 763 337 796 meri
358 764 396 796 ll.
456 789 464 805 ,
485 765 560 798 173.

37 805 88 841 Ad
112 807 170 851 VI,
196 809 240 844 12
262 811 428 854 pagam.
454 809 565 842 Verba
577 805 902 852 ἅναγωνὲκοέστοτε
913 804 1090 851 ἕπὶκὲρας
1106 819 1136 840 κ.
1146 819 1175 839 τ.
1187 807 1215 840 λ.
1234 807 1354 840 eumin
1375 805 1506 839 modum

251 855 391 898 exponit
422 854 566 895 Negris:
593 853 753 900 ἐβγάζων
777 852 863 887 καθ’
888 851 1030 897 ἡμέραν
1052 851 1099 886 τὰ
1127 849 1290 895 καράβια
1313 849 1356 886 τό
1376 849 1418 885 ἓν
1441 863 1505 884 κα-

250 898 337 934 τόπι
369 900 436 934 τοῦ
469 899 593 934 ἄλλου.
615 924 659 928 —
707 901 784 943 δηλ,
810 897 1028 940 ἐπορεύοντο
1062 894 1337 941 παριστάνοντα
1375 895 1506 930 στενώ-

251 957 366 979 τατον
387 943 557 989 μέτωπον
580 946 642 980 καὶ
666 942 819 989 ἄπειρον
868 944 972 984 άθος.
1022 944 1070 978 Ad
1095 955 1208 977 vocem
1221 942 1412 976 διέκπλοον
1424 943 1507 976 haec

250 990 339 1024 idem
375 992 573 1037 adscripsit—2
610 991 800 1031 διέκπλους
831 990 903 1025 εστὶ
935 989 978 1025 τὸ
1005 987 1172 1035 ἐμβαλεῖν
1197 988 1258 1022 καὶ
1280 987 1389 1022 πάλιν
1412 985 1506 1022 ὐπο-

252 1034 408 1081 στρέψαι
430 1037 492 1072 καὶ
516 1038 629 1078 αὖθις
649 1035 826 1082 ἐμβαλεῖν.

37 1078 91 1114 Ad
114 1079 175 1125 VI,
201 1082 244 1116 12
267 1094 346 1126 pag.
368 1084 438 1118 242
461 1084 516 1118 lin.
543 1086 585 1118 12
608 1095 669 1129 pro
696 1080 718 1118 ὅ
741 1096 775 1116 τι
792 1083 844 1117 ὠν
867 1082 1044 1116 Bekkerus
1069 1080 1267 1115 coniunctim
1297 1078 1433 1125 scripsit
1468 1074 1507 1112 ὁ-

251 1128 369 1183 τιώνζ,
396 1129 485 1173 quod
516 1141 556 1164 eo
589 1129 698 1174 magis
729 1129 855 1171 miror,
881 1139 982 1174 quum
1015 1128 1075 1170 VI,
1097 1129 1120 1163 3
1148 1127 1236 1160 idem
1262 1131 1356 1160 recte
1378 1124 1510 1159 dederit

253 1185 322 1206 κατ
345 1186 364 1207 ο
394 1187 440 1208 τι.

36 1215 88 1250 Ad
108 1216 168 1259 VI,
194 1219 238 1254 13
271 1230 349 1275 pag.
371 1221 441 1256 243
465 1220 521 1254 lin.
548 1218 592 1256 14
625 1231 686 1265 pro
718 1218 786 1254 τὸν
818 1220 980 1263 Δαρεῖον
1010 1218 1137 1263 Negris
1167 1216 1329 1263 praetulit
1359 1214 1402 1250 τὸ
1431 1218 1508 1249 Δα-

252 1276 368 1308 ρειου.

38 1307 91 1342 Ad
114 1308 176 1352 VI,
199 1311 243 1346 18
267 1322 343 1354 pag.
366 1310 446 1346 247.
494 1310 546 1344 Ad
570 1310 746 1344 dictionem
763 1306 841 1344 κατ’
867 1306 980 1352 ἄκρης
1003 1308 1101 1353 plura
1123 1307 1356 1350 suppeditabit
1377 1318 1511 1352 quoque

252 1356 438 1390 Blomfield.
462 1356 495 1390 in
520 1357 676 1391 Glossar.
700 1356 743 1390 ad
766 1355 921 1399 Aeschyl.
947 1354 1137 1398 Choephor.
1161 1353 1238 1388 679.

37 1399 90 1434 Ad
116 1400 174 1444 VI,
197 1402 241 1437 21
266 1413 344 1446 pag.
370 1404 449 1437 250.
496 1402 670 1444 Amicitia,
702 1414 788 1447 quae
821 1402 909 1435 inter
942 1399 1091 1444 Sybarin
1127 1403 1163 1433 et
1194 1399 1346 1433 Miletum
1370 1397 1514 1438 exstitit,

253 1458 295 1480 ex
311 1448 428 1481 Ionica
451 1448 626 1492 utriusque
649 1447 797 1482 civitatis
821 1447 948 1490 origine
971 1446 1106 1479 videtur
1140 1445 1326 1489 repetenda
1340 1470 1348 1486 ,
1373 1454 1514 1488 eamque

253 1496 444 1527 mercatura
468 1505 599 1539 quoque
622 1498 740 1538 postea
764 1498 897 1526 auctam
920 1492 1026 1525 fuisse
1048 1492 1135 1524 bene
1145 1491 1279 1523 credam
1303 1491 1377 1524 viro
1388 1489 1513 1522 doctis-

252 1537 335 1572 simo
368 1540 411 1573 R.
444 1539 626 1579 Lorentz.‚
660 1539 718 1584 qui
750 1550 857 1583 nuper
887 1538 938 1570 De
961 1537 1197 1570 Tarentinorr.
1222 1535 1360 1569 civitate
1386 1535 1513 1578 (Num-

252 1583 352 1628 burg.
377 1587 466 1620 1833
491 1597 524 1630 p.
549 1586 610 1626 16)
634 1585 808 1629 exposuit,
834 1584 864 1617 si
887 1583 1021 1628 quidem
1050 1581 1233 1625 Sybaritae
1267 1580 1387 1614 Mileto
1418 1584 1515 1624 pete-

255 1628 338 1663 bant
371 1636 480 1664 vestes
513 1643 532 1663 e
567 1630 644 1663 lana
675 1630 888 1664 subtilissima
921 1629 1091 1661 confectas
1121 1627 1324 1671 multumque
1354 1625 1431 1659 inde
1454 1637 1515 1670 per

256 1675 490 1720 antiquitatem
508 1679 543 1709 et
566 1676 755 1710 celebratas
777 1681 813 1709 et
835 1674 1038 1716 diffamatas,
1061 1673 1104 1707 de
1127 1672 1248 1718 quibus
1272 1671 1340 1706 vid.
1362 1675 1447 1707 nott.
1472 1671 1514 1705 ad

262 1720 436 1755 Plutarchi
457 1721 618 1756 Alcibiad.
642 1734 676 1767 p.
701 1719 768 1757 194
791 1733 886 1766 seqq.

38 1775 91 1811 Ad
112 1775 172 1820 VI,
194 1777 240 1813 27
261 1788 340 1822 pag.
364 1779 442 1815 259.
490 1779 548 1820 lis,
580 1789 668 1823 quae
696 1777 738 1810 ad
769 1777 874 1810 verba
904 1772 941 1816 ἐς
966 1773 1057 1818 γόνυ
1091 1773 1161 1818 τὴν
1191 1770 1300 1808 πόλιν
1325 1770 1432 1816 ἔβαλε
1452 1770 1514 1804 ad-

255 1823 388 1868 scripsi,
411 1825 489 1858 add.
513 1823 668 1867 Aeschyl.
698 1823 794 1857 Pers.
830 1823 898 1857 862
933 1822 1024 1866 (927
1048 1820 1204 1863 Blomf.):
1226 1816 1322 1852 Ἀσία
1348 1815 1386 1851 δὲ
1410 1815 1514 1860 χθών

257 1887 303 1894 ·-
328 1869 444 1909 αἰνῶς
468 1867 543 1904 ἐπὶ
567 1867 685 1914 γόνυ
709 1868 943 1908 κέκλιται,
966 1867 1024 1900 ubi
1048 1871 1083 1901 et
1096 1865 1258 1901 Abrescb.
1284 1862 1513 1897 etBlomfield.

254 1914 372 1959 (quem
403 1916 470 1950 vid.
501 1916 535 1949 in
566 1914 744 1957 Glossar.)
779 1913 867 1947 hunc
901 1913 1068 1946 Herodoti
1091 1913 1197 1946 locum
1222 1910 1419 1944 attulerunt.
1465 1908 1515 1941 Et

256 1962 432 1994 conferunt
464 1974 596 2007 quoque
625 1961 761 1994 Homer.
797 1959 836 1992 Il.
870 1959 917 2001 II,
948 1957 1036 1993 4142
1068 1958 1156 2003 πρίν
1186 1968 1230 2000 με
1255 1953 1348 1990 κατὰ
1381 1951 1515 1998 πρηνὲς

254 2003 401 2050 βαλέειν
424 2005 609 2051 Πριάμοιο
631 2003 832 2050 μέλαθρον.

41 2050 92 2085 Ad
115 2050 177 2094 VI,
198 2050 244 2087 30
269 2064 347 2097 pag.
371 2054 436 2088 261
469 2054 525 2088 lin.
558 2055 591 2088 5.
639 2051 764 2097 Negris
801 2050 844 2084 ad
878 2046 1070 2093 διαφυγών
1104 2061 1124 2083 e
1161 2047 1326 2094 prioribus
1359 2044 1518 2088 intelligit

256 2095 325 2141 τήν
357 2098 500 2144 αἰτίην,
537 2104 577 2133 ut
605 2098 668 2133 sit:
717 2094 923 2136 ἀπολυθεὶς
948 2096 1015 2130 τοῦ
1047 2092 1288 2139 ἐγκλήματος,
1326 2089 1375 2136 μὴ
1409 2102 1517 2134 τιμω-

275 2144 393 2186 ηθείς.
938 2170 941 2171 ⁷

43 2185 95 2221 Ad
119 2186 181 2230 Vlae
205 2187 252 2224 32
267 2201 346 2234 pag·
369 2192 448 2226 263.
497 2190 607 2231 Quem
628 2189 663 2223 in
685 2190 768 2223 nota
784 2188 841 2223 lin.
864 2188 925 2221 ult.
950 2186 1053 2221 citavi
1077 2185 1297 2219 Schaeferum
1307 2184 1431 2228 Appar.
1441 2182 1517 2216 crit.

257 2235 293 2268 in
317 2237 531 2270 Demosthen.
557 2236 594 2269 II
616 2247 650 2279 p.
662 2235 742 2277 564,
764 2235 793 2268 is
817 2234 880 2268 hoc
903 2234 976 2267 loco
999 2236 1115 2266 tuetur
1133 2231 1310 2264 lectionem
1334 2227 1450 2262 α’ντὶτ
1464 2227 1515 2261 οὗ

259 2277 366 2322 εἶναι,
388 2283 446 2315 ubi
469 2293 529 2315 nos
551 2281 729 2315 articulum
752 2280 833 2323 τοῦ,
856 2291 952 2325 quem
984 2278 1104 2323 scripti
1131 2276 1209 2311 libri
1230 2276 1387 2320 ignorant
1401 2299 1413 2317 ‚
1443 2274 1517 2307 iure

257 2327 410 2361 omisisse
431 2327 527 2362 nobis
552 2327 712 2362 videmur.

42 2368 96 2404 Ad
118 2370 180 2412 VI,
200 2372 246 2407 33
268 2384 346 2417 pag.
369 2373 438 2409 264
460 2373 600 2407 column.
633 2373 729 2406 alter.
757 2372 815 2405 lin.
840 2371 873 2407 5.
919 2370 986 2404 Pro
1012 2368 1161 2403 Selivrz'a
1193 2365 1360 2401 scribend.
1385 2364 1522 2399 Selivri.

0 2427 1 2437 ¹
259 2418 359 2452 Hanc
381 2430 462 2453 vero
485 2420 602 2453 urbem
625 2418 659 2452 in
681 2417 863 2452 laetissima
886 2417 1026 2460 regione
1048 2414 1146 2448 sitam
1178 2413 1330 2458 pulcrum
1357 2410 1522 2455 praebere

261 2463 456 2508 adspectum
490 2465 620 2505 scribit,
653 2465 710 2510 qui
744 2464 817 2508 ipse
841 2463 925 2496 haec
948 2462 1022 2495 loca
1043 2459 1172 2501 invisit,
1195 2457 1369 2492 Prokesch
1392 2455 1428 2489 in
1453 2457 1523 2489 An-

261 2501 340 2545 n'all.
363 2510 543 2544 Viennens.
569 2511 645 2545 Vol.
668 2510 786 2544 LXIII
811 2513 891 2544 Anz.
910 2508 960 2541 Bl.
985 2519 1018 2552 p.
1042 2506 1097 2541 41·

47 2562 97 2598 Ad
116 2563 176 2609 VI,
198 2565 245 2600 36
266 2575 345 2609 Pag-
365 2568 444 2601 270.
489 2567 581 2601 Muri
602 2568 691 2601 illius
715 2577 778 2611 per
802 2567 1045 2600 Chersonesum
1068 2560 1161 2595 ducti
1184 2559 1273 2594 nulla
1296 2557 1406 2611 adhuc
1429 2556 1523 2590 inve-

261 2611 325 2644 niri
347 2612 492 2656 vestigia
513 2613 602 2646 idem
624 2613 743 2647 scribit
765 2611 951 2646 Prokesch.
978 2609 1001 2643 l.
1025 2609 1046 2641 l.
1069 2619 1101 2652 p.
1111 2609 1166 2643 30.
1188 2608 1245 2647 31,
1269 2604 1328 2638 ubi
1351 2610 1449 2637 etnam
1473 2601 1524 2654 ¹⁰?

263 2666 357 2699 cum,
390 2669 488 2702 quem
521 2658 597 2691 olim
622 2659 753 2692 Cardia
775 2658 857 2691 urbs
880 2654 1078 2702 occupavit,
1102 2664 1121 2686 e
1137 2653 1199 2686 soli
1222 2652 1344 2684 natura
1367 2658 1523 2691 cognosci

261 2712 363 2746 posse
384 2708 484 2748 putat
507 2704 552 2737 ad
575 2704 750 2737 meridiem
769 2703 991 2748 scopulorum,
1015 2699 1072 2744 qui
1095 2698 1129 2731 in
1154 2696 1254 2732 maris
1277 2695 1352 2729 sinu
1376 2696 1522 2727 exstant.

48 2755 101 2791 Λᾶ
123 2756 182 2799 VI,
204 2758 249 2794 37
273 2769 355 2815 [ηις.ι
374 2762 452 2796 271.
499 2759 716 2814 Ῐιοουῐίορεω
741 2757 780 2793 ἐν
805 2757 929 2803 γνώμῃ
953 2753 1118 2809 γεγονώς
1133 2753 1258 2797 Negris
1281 2751 1524 2802 interpretatur

444 2803 453 2815 Ι
690 2802 698 2815 2

262 2815 356 2840 κατα
379 2817 536 2851 γνωμην,
556 2817 651 2840 κατα
674 2803 877 2849 αρέσκειαν,
900 2801 995 2838 nocto}
1018 2803 1143 2843 θυμον
1164 2799 1234 2833 scil.
1255 2794 1426 2841 ἠγαπᾶτο
1443 2790 1519 2828 ἄπο

103 2859 322 2896 nmmum.
350 2858 417 2894 ΙΙΙ.
1150 2848 1204 2889 52
