1870 3249
29 1015 96 1061 37

402 220 1159 258 TERPSICHORRV.
1355 223 1412 263 57

157 334 260 387 ,,τοῦ
287 331 388 385 ἱροῦ
415 332 496 373 τοῦ
527 329 574 373 ἐν
603 330 880 386 Βραγχίδῃσι,
909 329 962 373 τοὶ
991 333 1183 384 Κροῖσος
1212 330 1236 374 ὁ
1266 330 1414 383 Λυδὸς

157 398 382 454 „dv-{finus-
423 398 582 449 πολλὰς
613 396 695 454 εἶχε
713 397 889 449 ἐλπίδας
917 397 1218 455 ἐπικρατήσειν
1240 403 1315 455 τῆς
1336 406 1413 444 θα·
1425 408 1469 442 55

151 465 361 522 ,,λάσσης·
405 466 478 510 καὶ
511 465 628 510 οὕτω
666 465 828 517 αὐτούς
866 482 911 509 τε
955 465 1063 518 ἕξειν
1091 465 1280 523 χρήμασι
1309 472 1413 525 χρᾶ-

151 540 302 588 ,,σθαι,
331 534 406 578 καὶ
433 533 539 586 τούς
567 536 803 591 πολεμίους
839 532 894 577 οὐ
925 533 1129 591 συλήσειν
1161 535 1316 580 αὐτά.“
1360 536 1412 580 τοὶ

126 603 207 647 5δὲ
234 601 431 659 χρήματα
472 597 530 660 ἦν
565 607 705 646 ταῦτα
742 603 926 659 μεγάλα,
971 601 1030 653 ὦς
1066 601 1303 659 δεδήλωταί
1340 621 1415 659 μοι

153 672 200 715 ἐν
229 675 291 728 τῷ
320 669 478 728 πρώτῳ
515 675 605 714 τῶν
634 670 791 727 λόγων.
831 670 953 726 Αὕτη
983 670 1061 726 μὲν
1091 670 1144 728 δή
1176 671 1257 715 οὐκ
1293 672 1468 716 ἐνίκαὸο

124 737 182 796 δὴ
209 738 375 796 γνώμη.
433 738 577 782 ἐδόκεε
610 740 656 783 δὲ
686 739 804 797 ὅμως
835 739 1119 784 ἀπίστασθαι·
1151 741 1228 784 ἕνα
1257 757 1301 784 τε
1333 738 1414 784 αὐ-

151 813 240 852 τῶν
278 804 511 852 πλώσαντα
551 806 594 859 ἐς
630 811 850 869 Μυοῦντα
880 808 921 859 ἐς
959 807 1007 852 τὸ
1039 808 1336 864 στρατόπεδον
1363 808 1413 852 τὸ

153 875 240 920 α’πὸ
278 879 353 931 τῆς
382 875 539 927 Νάξου
577 867 899 926 ἀπελθὸν,“’ἐόν
928 876 1141 931 ἐνθαῦτα,
1172 877 1417 934 συλλαμβά-

153 960 248 988 νειν
267 947 503 999 πειρᾶσθαι
521 943 627 995 τούς
655 945 723 988 ἐπὶ
741 948 830 988 τῶν
856 948 969 988 νεῶν
992 944 1271 996 ἐπιπλέοντας
1291 956 1416 1000 στρα-

152 1011 326 1068 τηγούς.
384 1011 762 1068 Ἀποπεμφθέντος
791 1013 837 1056 δὲ
863 1011 1144 1069 Ἰητραγόρεω
1173 1007 1294 1057 aas*
1311 1012 1750 1078 αὕτὸδόξζῗὲξιῑξᾶίεῑζίῗξῠῑῠ

152 1084 308 1132 τοῦτο,
346 1081 420 1124 καὶ
458 1079 750 1136 συλλαβόντος
792 1079 908 1138 δόλῳ
935 1079 1134 1125 Ὀλίατον
1171 1082 1417 1138 Ἰβανώλιος

153 1147 415 1200 Μυλασσέα,
470 1151 544 1193 καὶ
580 1149 783 1193 Ἱστιαῖον
824 1149 1003 1203 Τύμνεω
1048 1152 1290 1204 Τερμερέα,
1341 1151 1416 1195 καὶ
1472 1159 1554 1198 390

153 1215 287 1274 Κώην
321 1216 611 1273 Ἐρξάνδρεω,
651 1220 713 1275 τῷ
742 1221 929 1270 Δαρεῖος
957 1216 1218 1275 Μυτιλήνην
1257 1218 1419 1275 ἐδωρή-

153 1297 280 1339 σατο,
319 1288 392 1331 καὶ
419 1285 729 1344 Ἀρισταγόρην
752 1283 1039 1341 ‘Homul-eiciam
1077 1289 1303 1343 Κυμαῖον,
1343 1288 1418 1332 καὶ

98 1483 154 1519 De
189 1483 270 1534 ipso
299 1483 588 1524 Branchidarum
605 1487 750 1538 templo

96 1538 174 1578 vid.
194 1547 290 1582 nott,
311 1541 360 1579 ad
378 1543 408 1591 I,
430 1543 498 1584 92.

809 1487 854 1522 In
874 1484 950 1522 fine
971 1498 1054 1536 cap.
1075 1481 1169 1531 τούς
1189 1481 1254 1523 ἐπὶ
1266 1486 1345 1524 τῶν
1366 1486 1470 1528 νεῶν

810 1540 1067 1588 ἐπιπλέοντας
1099 1538 1342 1594 στρατηγούς
1365 1555 1472 1592 prae-

151 1594 201 1636 τὰ
242 1600 414 1648 Κροῖσος
436 1598 458 1639 ὁ
483 1595 620 1645 Λυδὸς
660 1595 753 1638 οἷνέ-
804 1599 919 1651 sectos
938 1599 1071 1646 classis,
1090 1600 1238 1649 opinor,
1269 1598 1386 1646 dixit,
1415 1598 1475 1636 his

95 1655 217 1704 θηκε]
239 1654 325 1693 Vid.
346 1669 458 1707 supra
478 1657 507 1704 Ι,
521 1656 588 1697 50.
606 1656 672 1697 51.
685 1659 754 1697 92.
809 1658 970 1696 navibus
982 1655 1173 1694 advectos.
1206 1655 1316 1694 Couf.
1329 1656 1394 1704 IV,
1406 1658 1472 1696 87.
1495 1667 1500 1671 ·

94 1712 189 1748 Mox
218 1725 308 1748 mun
336 1720 497 1752 receutt.
533 1712 621 1750 edd.
651 1714 754 1750 inta-

96 1775 202 1806 ctum
230 1770 367 1821 reliqui
396 1765 695 1822 ἐπικρατήσειν,
734 1782 756 1806 a

97 1824 302 1863 Schaefero
322 1834 514 1863 mutatum
532 1827 573 1862 in
595 1826 756 1877 ἐπικρα-

95 1883 235 1932 τῆσαι,
266 1896 355 1927 cum
376 1883 451 1920 duo
472 1884 557 1919 libri
578 1882 757 1919 afferrent

98 1935 373 1989 ἐπικρατήσας.
406 1941 540 1991 Neque
562 1940 665 1975 enim
678 1939 757 1974 ulla

98 2006 192 2045 opus
214 1994 494 2032 emendatione.
541 1997 674 2032 Futuri
693 1996 757 2030 in-

97 2051 264 2089 finitivus
283 2065 395 2103 supra
422 2065 576 2104 quoque
603 2053 757 2089 inveni-

97 2114 159 2144 tur
191 2109 238 2156 V,
277 2109 354 2150 35:
406 2108 568 2155 ἐλπίδας
598 2105 756 2159 μετήσε-

98 2168 209 2203 σθαι.
267 2165 409 2202 Sensus
439 2166 514 2202 loci
551 2164 648 2201 nihil
682 2164 756 2202 du·-

96 2221 202 2259 bius:
231 2220 412 2271 Magnum
431 2223 641 2272 concipiebat
650 2234 756 2273 spem,

91 2277 195 2329 fore,
226 2282 267 2315 ut
287 2280 341 2315 his
357 2281 516 2329 pecuniis
534 2278 682 2329 potitus,
694 2291 757 2329 per

98 2347 194 2372 mare
231 2335 407 2385 Aegaeum
450 2336 622 2386 Asiaeque
648 2335 757 2373 litora

98 2391 351 2430 dominaretur.
377 2392 380 2396 ’
426 2392 490 2430 Sic
532 2391 756 2444 ἐπικρατεῖ-ν

97 2450 178 2487 τῶν
195 2446 439 2501 πραγμάτων
460 2450 524 2497 IV,
549 2449 643 2490 164.

156 2503 198 2544 ἐν
228 2508 284 2559 τῷ
314 2502 458 2558 πρώτῳ
481 2508 561 2544 τῶν
595 2501 755 2558 λόγων]

99 2561 211 2598 Conf.
230 2562 260 2609 1,
281 2564 349 2603 92.
377 2563 611 2613 Wesseling.
641 2575 756 2613 prae-

99 2625 201 2655 terea
221 2619 366 2656 confert
395 2620 574 2657 Strabon.
604 2620 696 2657 XIV
715 2633 755 2670 p.

99 2674 179 2715 634
201 2675 243 2712 C.
264 2688 293 2712 s.
311 2674 389 2716 941
412 2677 458 2713 Β.
482 2698 538 2704 —
568 2675 631 2713 Ad
649 2689 757 2728 seqq.

98 2732 235 2768 verba:
266 2730 377 2772 ἐνίκα
403 2730 432 2783 ἦ
450 2729 589 2784 γνώμη
610 2734 712 2770 conf.
727 2734 757 2781 1,

99 2788 166 2828 61.
224 2790 300 2826 Pro
322 2783 474 2827 αὐτέων
500 2788 589 2826 (1Εῶ
610 2787 758 2828 αὐτῶν.

100 2844 158 2880 De
177 2844 330 2895 Myunte
351 2844 517 2883 diximus
538 2844 587 2883 ad
612 2848 642 2894 1,
669 2844 760 2887 142.

980 1781 1073 1832 cap.
1101 1780 1302 1817 xxxvn.

870 1881 1117 1930 Μυλασσέα]
1149 1884 1206 1918 De
1235 1879 1310 1918 hoc
1340 1880 1472 1918 Cariae

813 1939 954 1990 oppido
986 1938 1086 1975 conf.
1117 1945 1214 1975 nott.
1244 1937 1292 1974 ad
1320 1939 1350 1985 Ι,
1377 1940 1471 1979 171.

811 1998 922 2032 Nunc
943 1995 1030 2033 add.
1039 1993 1248 2032 Prokesch.
1266 1996 1305 2030 in
1317 1995 1474 2033 Annall.

812 2054 1018 2090 Viennens.
1041 2054 1091 2090 T.
1102 2053 1194 2089 LIX
1219 2052 1390 2102 Anzeige
1410 2053 1472 2089 Bl.

812 2122 902 2160 pag.
935 2112 959 2149 3
988 2123 1069 2161 seq.
1126 2111 1221 2146 Mox
1245 2115 1347 2145 recte
1367 2122 1472 2146 nunc

814 2166 962 2203 editum
1005 2164 1226 2218 Τερμερέα,
1275 2166 1342 2203 ubi
1379 2167 1472 2202 olim

812 2236 1014 2275 perperam
1041 2221 1250 2274 Τερμενέα.
1308 2222 1472 2274 „Steph.

812 2282 908 2332 Byz.
935 2279 1132 2332 Τέρμερα,
1165 2274 1283 2325 πόλις
1303 2281 1474 2328 Λυκίας,

814 2333 892 2377 nimi
911 2335 1110 2389 Τερμέρου
1125 2348 1134 2358 ·
1158 2335 1183 2376 ὅ
1197 2336 1358 2386 πολίτης
1383 2339 1473 2386 Τερ-

814 2391 971 2446 μερεύς.
1032 2394 1119 2430 Fuit
1138 2394 1179 2430 in
1204 2394 1336 2430 cariae
1355 2394 1474 2445 Lyci-

814 2463 937 2503 aeque
958 2449 1108 2490 finibus.
1169 2450 1301 2487 Cariae
1337 2448 1474 2500 Τερμέ-

814 2522 902 2560 ριον
916 2514 953 2544 et
972 2507 1119 2559 χωρίον
1138 2505 1334 2559 Τέρμερον
1351 2519 1474 2556 agno—

812 2565 882 2602 scit
913 2564 1050 2601 Strabo
1081 2564 1171 2601 XIV
1200 2578 1239 2615 p.
1272 2563 1351 2604 657
1373 2564 1419 2599 Β.
1441 2576 1473 2599 s.

812 2623 892 2662 971
915 2621 979 2668 A„
1007 2621 1070 2658 cui
1090 2621 1222 2657 Cariae
1241 2621 1280 2655 iu
1299 2620 1372 2656 situ
1392 2620 1474 2655 He-

814 2676 970 2715 rodotus
1019 2678 1102 2726 VII,
1157 2679 1209 2717 98
1249 2676 1437 2726 congruit.
1448 2678 1472 2696 ‘⁶

820 2733 889 2771 We
901 2733 1098 2784 sseling.
1135 2734 1212 2770 Pro
1229 2727 1474 2785 Ἐρξάνδρεω

815 2791 1056 2828 Florentinus
1085 2788 1200 2826 habet
1218 2784 1475 2841 Ἐρξάνδρου.

817 2848 882 2884 Tu
911 2847 1044 2884 confer
1063 2847 1111 2884 sis
1131 2852 1227 2883 nott.
1258 2844 1307 2883 ad
1326 2846 1390 2893 IV,
1407 2848 1474 2887 97.

1473 1084 1565 1118 tibus,

1703 1053 1749 1078 ta-

1585 1085 1687 1120 palam
1698 1094 1748 1114 re-

1472 1118 1605 1146 bellatur
1616 1120 1659 1154 [a.
1671 1119 1747 1154 504]-
