1834 3258
558 215 863 253 ERATO.
923 215 996 253 VI.

1329 216 1413 255 379

153 329 252 382 „nat
292 326 395 383 ὑμῖν
434 323 582 380 τοιήδε
611 341 672 375 τις
711 324 875 381 γένοιτ’
907 323 961 367 ἂν
990 323 1216 378 ἐπικουρίη
1245 321 1411 378 ψυχρή·

153 398 365 454 ,,φ-θαίητε
401 393 484 448 γάρ
535 391 589 435 ὂὶν
625 392 831 443 πολλάκις
876 389 1346 446 ἐξανδραποδισθέντες
1385 389 1413 445 ἤ

125 470 147 506 4
156 481 278 515 ,,τινα
323 462 546 506 πυθέσθαι
594 459 752 518 ἡμέων.

817 460 1176 517 συμβουλεύομεν
1221 459 1266 503 δὲ
1305 458 1412 514 ὑμῖν

153 534 337 584 ,,δοῦναι
368 529 504 587 ὑμέας
542 528 706 582 αὐτοὺς
741 527 1029 584 Ἀθηναίοισι,
1074 525 1412 584 πλησιοχώροισί
1425 533 1469 568 75

150 614 223 651 ,,τε
271 598 481 653 ἀνδράσι,
537 598 610 643 καὶ
659 597 884 654 τιμωρέειν
931 598 1054 641 ἐοῦσι
1098 595 1153 640 οὐ
1201 600 1414 639 κακοῖσι.“

123 670 306 711 5Ταῦτα
349 666 673 724 συνεβούλευον
717 668 761 709 οἱ
800 663 1163 722 Λακεδαιμόνιοι,
1209 663 1263 708 οὐ
1305 664 1415 708 κατὰ

152 733 328 791 εὐνοίην
359 736 476 796 οὕτω
506 739 595 779 τῶν
628 733 904 786 Πλαταιέων,
936 732 994 784 ὣς
1024 732 1286 789 βουλόμενοι
1315 731 1417 782 τούς

146 801 409 860 Ἀθηναίους
453 806 563 861 ἔχειν
600 804 788 856 πόνους,
838 806 1130 853 συνεστεῶτας
1173 804 1417 844 Βοιωτοῖσι.

122 872 502 929 6Λακεδαιμόνιοι
531 871 610 929 μέν
638 889 722 915 νυν
744 875 1009 915 Πλαταιεῦσι
1038 873 1176 913 ταῦτα
1205 867 1417 924 συνεβού-

97 1091 186 1116 eum
215 1078 436 1130 Sohweigh.
465 1087 502 1116 et
532 1079 648 1116 Gaisf.
669 1077 758 1116 dedi

96 1134 248 1188 γένοιτο
280 1149 349 1187 pro
380 1137 542 1189 γίνοιτο,
601 1135 664 1173 Ad
683 1135 758 1172 loci

96 1200 369 1243 argumentmn
407 1194 552 1231 consul.
594 1191 759 1244 Thucy-

97 1248 175 1287 did.
207 1251 274 1298 III,
308 1250 374 1293 55.
433 1249 544 1287 Unde
573 1263 653 1287 non
692 1257 757 1298 est⁷

98 1305 202 1358 quod
227 1309 269 1344 in
288 1306 529 1345 Herodotum
557 1306 760 1346 invehatur

35 1379 42 1384 ‘
96 1362 292 1401 Plutarch.
312 1366 348 1400 H
366 1377 456 1416 pag.
477 1366 554 1405 861
578 1366 625 1403 D.
666 1365 761 1401 Mox

95 1417 233 1472 ψυχρή
255 1419 463 1473 ἐπικουρίη
488 1421 547 1458 uti
564 1421 657 1472 νίκη
680 1430 761 1470 ’ψυ-

96 1475 172 1528 χρὴ
204 1479 273 1526 ΙΧ,
302 1481 357 1519 49
410 1485 447 1515 et
485 1477 595 1526 ἐλπὶς
624 1474 760 1530 ψυχρά

91 1533 268 1585 Euripid.
297 1533 422 1585 Iphig.
451 1535 539 1572 Aul.
583 1534 689 1576 1014
724 1541 762 1572 θΐ

91 1590 248 1642 “ΙοεεΡ111
268 1593 315 1632 Β.
335 1591 420 1632 Iud.
441 1593 471 1640 Ι,
489 1595 554 1640 18,
575 1594 613 1632 3.
653 1592 759 1638 Quae

95 1649 355 1699 Wesselingio
376 1648 576 1686 debentur.

146 1705 333 1756 φθαίητε
364 1703 439 1759 γοέρ
473 1701 525 1745 ἂν
564 1721 601 1745 κ.
642 1721 675 1746 τ.
705 1707 758 1755 λ.]

98 1761 184 1799 Vid.
205 1761 340 1801 Matth.
363 1764 431 1800 Gr.
451 1764 518 1801 Gr.
540 1776 629 1814 pag.
653 1761 760 1803 1084

91 1817 220 1867 (Add.
255 1818 400 1856 Herod.
430 1820 496 1867 VI,
534 1816 664 1873 116),

91 1875 203 1912 idem
217 1889 309 1926 pag.
333 1875 443 1916 1042
467 1875 691 1913 consulend.
713 1874 763 1912 ad

95 1932 215 1968 verba
244 1931 452 1985 τιμωρέειν
477 1932 588 1972 ἐοῦσι
621 1928 762 1984 odma-

94 1992 216 2028 2550362.
695 1988 698 1991 ’

159 2041 208 2085 ου’
230 2041 329 2083 κατα
355 2038 518 2095 εὐνοίην
536 2039 640 2083 οὕτω
672 2059 709 2083 κ.
728 2059 762 2083 τ.

100 2102 164 2150 λ.]
202 2103 307 2138 Haec
327 2108 370 2138 ut
403 2102 474 2139 rite
502 2101 763 2151 intelligantur

99 2159 248 2210 riteque
289 2157 563 2206 diiudicentur,
624 2165 763 2195 tenen—

104 2214 200 2252 dum
238 2222 316 2263 est,
355 2214 548 2252 Herodoti
588 2216 763 2252 animum

99 2285 190 2309 sane
233 2272 356 2323 magis
420 2271 469 2309 ad
511 2270 762 2310 Athenienses

102 2328 480 2438 ἓὲἒιΐέἰῖῧᾚζῖῗ
489 2327 763 2438 Ξὴὲἓζὲἒῖἱῗῃ

104 2443 309 2493 populare,
341 2442 446 2494 quod
474 2444 527 2480 ibi
545 2456 663 2495 quam
682 2456 764 2480 ma-

103 2500 211 2536 xime
228 2505 321 2536 tunc
342 2500 522 2550 temporis
547 2501 675 2538 floruit
696 2499 764 2551 (cf.

105 2563 201 2596 nott.
220 2555 268 2593 ad
287 2556 335 2600 V,
356 2558 440 2603 66)
467 2557 667 2595 inclinasse
688 2564 724 2595 et
744 2571 766 2595 a

109 2614 386 2664 Spartanorum
396 2614 507 2650 rebus
516 2613 764 2654 abhorruisse.

108 2669 463 2708 vid.Hoffmeister.
485 2671 510 2707 1.
530 2673 555 2708 l.
568 2684 656 2722 pag.
672 2676 763 2715 106.

108 2729 208 2764 Hinc
229 2739 382 2779 quoque
412 2727 484 2775 VI,
506 2731 589 2769 ⁷112
610 2729 766 2782 aliisque

110 2785 200 2821 loeis
220 2782 470 2822 Athenienses
480 2786 678 2822 occasione
696 2786 767 2823 ob-

113 2841 186 2877 lata
235 2840 367 2879 debitis
406 2839 582 2879 laudibus
620 2843 766 2880 extulit.

813 1080 948 1129 Neque
978 1089 1069 1116 vero
1099 1075 1190 1114 hinc
1209 1076 1400 1128 sequitur,
1434 1083 1475 1112 ut

817 1134 974 1187 quidam
992 1135 1216 1182 voluerunt,
1259 1131 1475 1170 Athenien-

814 1193 917 1230 sibus
945 1198 1093 1243 patrem
1120 1189 1298 1227 historiae
1326 1189 1477 1226 blandi-

814 1256 899 1287 tum
919 1256 1033 1300 atque
1054 1247 1252 1285 adulattun
1271 1261 1370 1295 esse,
1361 1260 1369 1268 ·
1402 1260 1476 1298 qua

816 1307 1082 1344 criminatione
1110 1304 1352 1342 Herodotum
1380 1305 1478 1340 libe-

816 1363 913 1401 ravit
941 1361 1175 1400 Dahhnann.
1213 1375 1253 1413 p.
1291 1364 1368 1402 178
1396 1374 1477 1412 seq.

815 1420 1006 1471 singulos,
1048 1421 1115 1472 qui
1145 1417 1209 1456 hio
1240 1419 1282 1455 111
1318 1431 1479 1455 censum

815 1478 988 1526 veniunt,
1018 1477 1123 1514 locos
1153 1482 1327 1513 accurate
1346 1488 1477 1526 perse-

817 1548 937 1587 quens
986 1548 1058 1571 nec
1103 1534 1183 1570 ullo
1235 1531 1478 1569 Herodotum

812 1591 1049 1643 praeiudicio
1070 1598 1225 1642 captum
1241 1591 1354 1627 fuisse
1367 1602 1478 1626 com-

815 1656 1043 1687 monstrans.
1087 1649 1154 1685 Tu
1172 1648 1221 1686 cf.
1238 1648 1479 1698 potissimum

817 1707 898 1753 VII,
923 1707 1002 1747 138
1023 1718 1131 1757 seqq.
1189 1706 1324 1756 Neque
1351 1702 1479 1740 debita

816 1762 930 1800 laude
957 1763 1020 1799 ille
1041 1763 1247 1813 Spartanos
1271 1761 1479 1808 ‚frustratus

695 1820 762 1872 qui
819 1827 874 1857 est
893 1820 977 1867 VII,
1001 1822 1094 1867 102,
1125 1819 1193 1855 ubi
1212 1818 1261 1855 cf.
1282 1824 1378 1855 nott.
1428 1818 1479 1853 Ut

819 1876 868 1913 ad
888 1883 1064 1913 nostrum
1082 1876 1214 1912 locum
1223 1873 1392 1922 redeam,
1414 1875 1480 1912 vix

812 1931 915 1970 haec
934 1934 975 1969 in
997 1932 1205 1983 Spartanos
1225 1933 1361 1969 Noster
1388 1944 1480 1982 pro-—

819 1990 984 2038 tulisset,
1022 1990 1096 2026 nisi
1129 1987 1228 2026 haec
1263 1990 1479 2026 communis

812 2047 950 2083 'fuisset
968 2047 1157 2083 sententia
1173 2047 1407 2083 Graecorum
1417 2047 1480 2082 illa

811 2111 942 2140 aetate
973 2103 1092 2153 vulgo
1130 2110 1301 2154 recepta,
1343 2103 1481 2156 quibus

819 2161 998 2211 Spartani
1027 2161 1255 2212 plerumque
1287 2161 1333 2197 ab
1374 2161 1481 2198 omni

810 2217 970 2255 ⁴cultiori
989 2218 1067 2254 vita
1087 2218 1227 2266 alieni,
1259 2216 1368 2266 duri,
1400 2217 1480 2253 cal-

810 2274 888 2312 -lidi
906 2287 1035 2326 neque
1056 2275 1177 2326 aperti
1199 2275 1477 2326 simplicesque,

818 2330 886 2369 sed
904 2333 945 2368 in
967 2332 1059 2368 alios
1090 2331 1212 2370 dolosi
1236 2331 1478 2370 videbantur.

820 2388 932 2426 Conf.
949 2389 1020 2436 IX,
1055 2388 1110 2430 54
1141 2394 1178 2426 et
1197 2388 1371 2440 Euripid.
1394 2389 1479 2425 An-

822 2443 1019 2484 dromach.
1034 2444 1116 2487 446
1127 2459 1183 2498 sq.
1201 2444 1478 2483 Wachsmuth.

821 2503 972 2542 Hellen.
993 2501 1274 2540 Altertbumsk.
1294 2504 1324 2551 1,
1350 2506 1367 2543 1
1391 2515 1479 2553 pag.

823 2561 876 2601 68
905 2573 985 2612 seq.
1015 2558 1097 2600 134
1127 2573 1206 2612 seq.
1237 2561 1323 2597 coll.
1359 2559 1402 2596 C.
1435 2559 1479 2596 Ο.

822 2617 970 2655 Miiller.
1002 2618 1094 2653 Dor.
1125 2618 1161 2652 II
1180 2629 1268 2668 pag.
1289 2616 1383 2662 408,
1414 2616 1479 2667 qui

821 2672 916 2710 haec
946 2674 1106 2710 crimina
1134 2674 1296 2710 Doribus
1322 2672 1480 2722 Sparta-

822 2731 881 2768 nis
898 2731 1016 2781 vulgo
1037 2730 1263 2781 exprobrata
1292 2729 1481 2780 explicare

824 2787 885 2824 vel
916 2788 1039 2838 potius
1075 2799 1253 2823 excusare
1287 2784 1413 2823 studet
1433 2799 1480 2822 ex

824 2844 889 2881 illa
900 2846 1048 2881 Dorum
1063 2844 1207 2880 ratione
1228 2841 1393 2890 vivendi,
1410 2843 1482 2895 quin
