1870 3249
363 140 1027 192 TERPSICHORE.
1086 137 1132 173 V.

1313 132 1396 171 1823

207 264 375 312 ,,αΰτός,
399 263 462 297 καὶ
482 259 637 299 παῖδες,
662 255 809 290 παίδων
829 263 868 297 γε
888 249 954 295 μὲν
976 244 1102 283 οὐκέτι
1120 245 1264 283 παῖδες.

69 335 220 390 21,,Τὸ
251 335 330 392 μὲν
352 333 404 389 δὴ
434 326 698 388 χρηστήριον
726 325 858 367 τοῦτο
892 314 960 375 ἦν.
1021 312 1319 370 τυραννεύσας
1350 309 1396 353 δὲ
1411 317 1455 350 60

72 524 149 565 quo
162 540 172 558 ,
188 507 464 546 ValckenaerIO
486 502 623 548 iudice,
647 511 736 537 vera

71 568 183 606 lectio
204 565 341 605 Αἰετίό
347 579 391 614 ης
404 562 485 599 erni
497 561 624 611 possit,
647 554 738 593 cu'm

73 626 189 677 patris
216 635 360 660 nomen
400 620 512 656 fuerit
550 617 596 652 ab
623 609 739 659 οἷετός

75 682 238 720 ductum
257 675 418 717 Ἠετίων
443 677 539 713 sicut
560 674 607 709 ab
630 667 742 720 ὅμα-

72 744 150 785 θος
160 737 272 774 fiuxit
284 731 462 784 Ἠμαθία
480 738 595 783 atque
607 724 686 779 ³Hu
693 742 739 765 α-

74 796 206 842 θίων,
238 794 285 830 ab
317 789 465 841 ἄνεμος
494 801 573 827 vox
593 779 746 837 ηὐἐμό-

79 867 155 902 εις,
177 852 252 888 alia
280 849 321 886 id
347 860 490 899 genus,
523 847 576 882 ita
604 849 648 879 ut
666 854 747 878 nou

76 906 252 958 Ἠετίδης
267 905 336 944 sed
355 903 541 952 Αἰετίδης
561 906 749 952 patrony-

80 968 225 1004 micum
239 963 398 1001 formari
408 959 582 998 debuerit
602 957 650 994 ab
671 955 749 994 αἰε-

81 1020 145 1071 τὸς
158 1053 169 1071 ,
222 1029 267 1059 ut
302 1022 414 1057 Iones
459 1024 574 1068 atque
615 1018 748 1064 poetae

85 1079 217 1119 dixere
231 1077 402 1128 aquilam,
425 1087 516 1112 cum
528 1073 574 1109 ab
585 1067 748 1110 Ἠετίων

82 1150 162 1175 non
182 1137 255 1173 nisi
270 1130 524 1181 Ἠετιωυίδης
551 1128 657 1165 nasci
675 1138 750 1177 po-

84 1195 219 1241 tuerit,
245 1199 341 1229 teste
351 1186 536 1234 Eustath,
568 1184 617 1222 ad
637 1181 747 1221 Iliad.

83 1253 119 1289 11
145 1263 236 1302 pag.
268 1250 351 1290 288
381 1261 410 1284 S.
439 1246 534 1291 218,
571 1245 619 1283 13
660 1239 749 1277 coll.

84 1307 255 1360 Etymol.
274 1317 364 1357 pag.
397 1304 490 1349 109,
521 1303 561 1341 8.
624 1299 751 1335 Acce-

30 1370 37 1375 ‘
86 1365 142 1403 dit
152 1364 201 1402 ad
209 1362 309 1400 haec*
316 1363 386 1412 (ita
399 1359 521 1411 pergit
532 1353 752 1404 Valcken.),

86 1425 128 1460 in
159 1421 313 1459 oraculo
340 1419 511 1470 primum
541 1412 642 1450 edito
663 1412 753 1461 legi,

88 1475 232 1525 Αἰετός
257 1476 302 1517 ἐν
332 1474 496 1526 πέτρῃσι
516 1466 624 1517 κύει,
655 1467 755 1516 τέξει

91 1534 133 1577 δὲ
152 1534 313 1575 λέοντα;
346 1531 448 1569 edito
476 1526 646 1566 secundo
668 1538 756 1562 ora-

91 1594 198 1640 culo,
228 1604 307 1628 non
330 1587 534 1626 difficulter
552 1584 757 1621 intellexe-

91 1657 182 1689 runt
199 1645 461 1692 Bacchiadae,
504 1638 648 1681 Αἰετόν
677 1652 758 1677 esse

92 1705 161 1747 τὸν
184 1701 386 1745 Ἠετίωνα.
424 1703 529 1738 Haec
566 1699 631 1735 ille
645 1727 656 1745 ‚
694 1697 761 1749 qui

95 1763 201 1817 quod
211 1764 257 1800 ab
265 1758 428 1800 Ἠετίων
438 1771 518 1795 nou
528 1751 763 1794 nisi’Henco-

43 1819 51 1831 ’
98 1821 211 1872 νίδης
228 1819 387 1856 formari
405 1828 515 1867 posse
530 1814 672 1860 statuit,
692 1823 764 1847 ve-

99 1890 183 1914 reor
202 1883 246 1912 ut
266 1875 436 1912 assentiri
453 1871 609 1922 possim.
675 1865 765 1904 Vid.

100 1931 282 1970 Matthiae
322 1932 390 1967 Gr.
439 1929 505 1964 Gr.
540 1938 629 1977 pag.
669 1921 766 1963 214.

102 1992 180 2028 Nec
208 1989 330 2038 magis
360 1986 495 2037 opinor
522 1979 768 2019 scribendum

104 2046 303 2095 Αίετίδης,
331 2044 399 2080 ubi
428 2042 491 2079 vel
514 2035 768 2086 Ἠετιωνίὸης

105 2104 166 2141 vel
196 2099 388 2150 Ἠετίδης,
422 2099 578 2149 opinor,
614 2093 769 2131 retineri

104 2161 240 2212 potuit.
260 2179 318 2186 —
345 2158 421 2193 Pro
442 2155 615 2193 κλεινοῖο
628 2179 643 2196 ,
663 2147 770 2202 quod

107 2215 302 2256 Schaefer.
318 2221 354 2250 et
367 2209 504 2250 Matth.
519 2210 772 2253 retinuerunt,

109 2273 197 2312 dedi
225 2274 394 2311 κλειτοῖο
430 2281 521 2306 cum
549 2261 773 2314 Schweigh.

111 2338 148 2368 et
172 2330 288 2367 Gaisf.
310 2328 421 2365 Conf.
442 2327 556 2362 Dion.
579 2320 773 2373 Chrysost.

109 2402 148 2440 p.
170 2386 250 2428 456
271 2387 319 2422 A.
355 2392 391 2422 et
410 2381 555 2420 Herod.
575 2380 658 2426 VII,
679 2378 774 2423 223,

112 2444 179 2482 ubi
224 2441 361 2479 eadem
408 2452 549 2478 vocum
589 2435 775 2473 confusio.

168 2499 325 2539 παίδων
346 2513 367 2550 γ
381 2512 397 2536 ε
418 2495 506 2547 μὲν
536 2489 668 2534 ου’κέτι
682 2493 779 2530 παῖ-

115 2557 208 2605 δες]
253 2557 296 2592 In
316 2553 374 2591 his
394 2553 517 2591 verbis
547 2548 619 2601 μὲν
639 2550 780 2585 Ionum

115 2628 158 2652 ac
178 2615 326 2651 Dorum
355 2623 463 2647 more
486 2609 653 2660 positum
673 2604 776 2641 acci-

117 2673 266 2723 piamus
295 2681 362 2719 pro
386 2663 489 2717 μήν,
521 2660 776 2716 quemadmo-

118 2728 213 2766 dum
231 2727 315 2773 VH,
345 2723 422 2764 152
445 2729 481 2759 et
501 2720 603 2768 234,
632 2719 700 2755 ubi
729 2718 778 2753 li-

120 2786 177 2823 bri
197 2783 325 2835 scripti
346 2781 529 2818 fluctuant
542 2808 551 2826 ,
583 2784 697 2828 atque
717 2775 779 2810 iu-

795 493 904 531 randi
935 494 976 528 in
1007 488 1173 527 formula
1202 480 1229 536 ἦ
1249 482 1321 536 μὲν
1348 490 1385 520 et
1405 478 1458 532 μὴ

795 550 880 603 μὲν,
904 549 951 586 de
975 547 1050 600 quit
1072 546 1176 583 conf.
1195 545 1262 588 ΠΙ,
1283 543 1336 582 99
1368 540 1462 590 ibiq.

794 615 892 648 nott.
924 606 989 652 IV,
1024 601 1118 644 154.
1147 602 1194 648 V,
1222 602 1290 640 93.
1311 599 1373 644 VI,
1393 596 1462 636 74.

795 667 853 703 De
870 661 1062 716 particulis
1076 657 1119 710 γὲ
1139 654 1367 710 μήνὶυυοῒὶε
1375 665 1465 689 mo-

802 724 887 760 nuit
906 716 1043 756 Matth.
1065 717 1131 754 Gr.
1143 716 1212 752 Gr.
1232 726 1320 765 pag.
1347 707 1466 750 1204.

803 781 855 818 At
887 778 1041 828 gravius
1070 772 1146 810 hoc
1176 778 1252 817 est,
1295 765 1401 821 qnod
1427 766 1468 801 iu

804 837 961 874 tertium
969 842 1226 871 successorem
1240 825 1370 877 (μέχρι
1384 836 1469 874 τρι-

804 892 971 947 γονίας)
1012 885 1304 940 Cypselidarum
1343 880 1472 918 domi-

805 952 910 988 natio
954 948 1198 985 continuatur
1232 954 1253 977 a
1290 938 1470 977 Strabon.

806 1008 895 1045 VIII
925 1018 1013 1056 pag.
1039 1004 1120 1043 378
1152 1001 1195 1036 C.
1222 1012 1252 1035 s.
1279 997 1376 1045 580,
1407 995 1474 1045 qui

805 1066 885 1115 ipse
917 1059 1163 1098 Aristotelem
1193 1055 1364 1106 sequitur
1392 1051 1474 1087 Po—

805 1122 862 1158 lit.
897 1120 942 1166 V,
974 1120 1041 1158 12.
1110 1112 1319 1165 Cypselum
1371 1108 1475 1144 enim

805 1177 998 1228 excepisse
1010 1174 1130 1210 fertur
1139 1166 1361 1214 Periander,
1371 1163 1476 1201 hunc

805 1229 1126 1277 Psammetichus,
1147 1225 1314 1264 Gordiae
1335 1223 1478 1261 s.Gor-

810 1294 894 1344 giae
907 1290 1018 1337 filius,
1041 1284 1338 1338 Cypselinepos.
1373 1279 1480 1324 Quae

811 1362 935 1403 quum
965 1343 1155 1397 Apollinis
1185 1340 1340 1378 oraculo
1374 1334 1482 1373 haud

812 1404 1020 1445 convenire
1039 1399 1284 1445 viderentur,
1314 1406 1384 1447 pro
1408 1387 1483 1431 ου’-

813 1462 896 1504 κέτι
924 1458 1154 1498 Bouhierius
1184 1454 1321 1505 reponi
1358 1450 1482 1488 voluit

815 1518 947 1561 εἰσέτι.
1012 1514 1126 1562 Quod
1166 1513 1304 1549 merito
1355 1506 1486 1544 reiecit

813 1575 1119 1624 WVesselingius,
1196 1568 1254 1606 his
1324 1563 1484 1602 additis:

818 1632 958 1684 „Quod
986 1630 1125 1668 cecinit
1152 1625 1315 1677 Apollo,
1357 1616 1487 1671 ἄμφι-

818 1691 951 1740 δὲξιον
982 1695 1038 1725 est
1068 1693 1106 1723 et
1135 1697 1206 1736 pro
1236 1693 1346 1718 more
1376 1678 1488 1715 ambi-

819 1760 953 1800 guumg
986 1744 1084 1793 huc,
1122 1748 1166 1778 ut
1199 1740 1357 1790 opinor,
1400 1741 1489 1772 ten-

822 1804 935 1844 deus:
968 1800 1205 1853 „Cypseliun
1224 1799 1490 1845 regnaturum,

824 1863 922 1899 filios
957 1871 1114 1911 quoque
1160 1850 1418 1890 Periandrum
1455 1853 1493 1884 et

826 1916 1060 1967 Gorgiam“:
1108 1909 1294 1963 (namque
1327 1904 1432 1943 hunc
1451 1905 1493 1940 in

823 1982 974 2028 partem
1003 1967 1275 2009 dominationis
1304 1963 1494 2000 fraternae

824 2033 971 2071 venisse
987 2059 996 2077 ,
1027 2042 1048 2064 e
1067 2027 1172 2064 Plut.
1194 2024 1288 2074 Sap.
1310 2021 1433 2057 Conv.
1455 2031 1495 2068 p.

830 2091 908 2130 160
928 2093 1029 2124 recte
1050 2083 1241 2132 colligitur
1279 2078 1374 2126 [Tu
1394 2075 1495 2112 conf.

826 2151 926 2183 nott.
945 2142 995 2180 ad
1013 2143 1080 2190 ΠΙ,
1113 2139 1202 2187 53].
1259 2136 1367 2171 Bene
1404 2144 1494 2182 ergo

827 2202 952 2240 verbis
984 2198 1052 2238 καὶ
1091 2196 1232 2240 παῖδες
1260 2193 1334 2229 Dio
1370 2189 1498 2240 Chry—

828 2265 919 2297 sost.
952 2252 1171 2307 explicandi
1207 2262 1320 2288 causa.
1352 2241 1410 2285 ὦν
1442 2240 1498 2290 εἷς

832 2310 950 2362 οὗτος
964 2312 983 2354 ὁ
999 2310 1245 2364 Περίανδρος
1267 2304 1443 2356 adposuit
1455 2302 1496 2351 ):

833 2380 945 2421 „tum
975 2369 1184 2422 Cypselum
1209 2371 1245 2401 et
1265 2358 1496 2414 Lycophro-

833 2442 947 2476 nem,
977 2423 1179 2464 Periandri
1206 2421 1323 2466 filios,
1355 2417 1499 2468 quippe

835 2492 960 2523 morte
1001 2490 1088 2520 ante
1131 2486 1283 2532 patrem
1313 2475 1415 2512 obita
1460 2474 1500 2508 in

836 2540 1048 2595 tyrannidis
1104 2535 1343 2576 successione
1396 2526 1501 2566 haud

832 2600 1003 2637 futuros:
1060 2607 1185 2633 unum
1231 2583 1502 2628 tantummodo

834 2651 1185 2698 Psamnwficlnun,
1236 2646 1401 2694 Gorgiae
1449 2641 1502 2677 fil.

836 2713 990 2765 Cypseli
1008 2710 1026 2748 I
1045 2723 1148 2760 nep.,
1180 2718 1252 2743 nec
1274 2703 1370 2739 ullos
1391 2711 1503 2751 prae-

836 2779 961 2818 terea,
992 2779 1111 2819 regno
1142 2766 1220 2801 sive
1240 2756 1442 2812 tyrannide
1463 2756 1502 2791 iu
