1806 3181
364 171 448 212 790

758 171 1226 209 HERODOTI

365 281 484 335 ,,τιῆς
511 278 612 329 νέας
639 280 888 334 τριηκοσίας
917 277 1211 330 ἀποστείλειας
1255 281 1324 324 ἐπὶ
1353 280 1432 337 τήν
1461 281 1623 326 Λάκαι-

335 353 358 387 3
372 363 481 398 7,ναν
519 345 678 402 χώρην.

726 347 847 390 ’Έστι
879 347 924 389 δὲ
954 345 1016 389 ἐπ’
1046 345 1157 403 αὐτῇ
1187 350 1322 402 νῆσος
1361 349 1621 406 ἐπικειμένη,

362 416 442 470 ,,τῇ
482 411 651 469 οὔνομά
688 413 776 457 ἐστι
816 414 1023 471 Κύθηρα·

1072 415 1150 470 την
1180 416 1340 467 Χίλων,
1372 415 1481 473 ἀνὴρ
1524 416 1622 470 παρ’

362 480 494 536 ,,ἡμῖν
523 480 778 537 σοφώτατος
807 481 1060 538 γενόμενος,
1082 482 1238 536 κέρδος
1267 484 1410 539 μέζον,
1443 486 1539 540 ἔφη,
1571 484 1624 528 εἶ-

363 563 464 600 ,,ναι
502 548 803 606 Σπαρτιήτῃσι
832 550 941 593 κατά
979 555 1053 607 τῆς
1089 550 1311 608 θαλάσσης
1339 552 1680 595 καταδεδυκέ-ὅό

365 632 464 667 „vat
504 620 671 672 μᾶλλον
717 617 746 674 ἢ
781 616 1029 673 ὑπερέχειν,

1075 620 1159 661 αἰεί
1193 636 1234 662 τι
1265 621 1529 673 προσδοκῶν
1557 619 1625 664 ἀπ’

364 681 527 740 ,,αὐτῆς
552 689 729 729 τοιοῦτο
762 687 938 730 ἔσεσθαι
969 682 1067 727 οἷόν
1096 703 1136 729 τι
1177 687 1257 742 ἐγώ
1295 687 1541 768 ἐξηγέομαι·
1573 686 1629 731 οὕ

366 768 433 803 ,,τι
467 751 544 796 τὸν
575 752 654 796 σὸν
694 754 852 798 στόλον
881 752 1109 807 προειδώς,
1151 752 1258 798 ἄλλα
1294 755 1436 798 πάντα
1466 752 1628 810 ὁμοίως

337 819 665 876 4,,φοβεὸμενος
687 819 866 876 ἀνδρῶν
897 821 1065 864 στόλοι.
1103 821 1150 864 ἐκ
1179 821 1336 878 ταύτης
1367 817 1429 865 ὦν
1450 827 1524 878 τῆς
1551 821 1628 878 νή-

366 898 476 939 ,,σου
507 905 729 944 οομεωμει
735 907 787 940 οι,
820 889 1074 945 φοβεόντων
1113 889 1217 940 τούς
1246 891 1632 945 Λακεδαιμονίους
1641 899 1686 932 60

367 958 613 1008 ,,παροίκου
651 957 696 1000 δὲ
733 958 927 1012 πολέμου
969 969 1048 1012 σφι
1088 957 1238 1009 ἐόντος
1275 960 1469 1013 οἰκηίου,
1500 957 1631 1002 οὐδὲν

368 1024 532 1075 ,,δεινοὶ
562 1025 735 1068 ἔσονταί
762 1042 843 1073 τοι,
877 1024 934 1082 μή
964 1029 1041 1081 τῆς
1072 1023 1206 1082 ἄλλης
1230 1023 1434 1077 Ἑλλάδος
1454 1024 1629 1070 ἁλισκο-

341 1090 529 1146 5,,μ»ένης
557 1091 644 1137 ὑπὸ
676 1098 757 1137 τοῦ
786 1097 919 1147 πεζοῦ
959 1093 1177 1150 βοηθέωσι
1214 1092 1362 1150 ταύτῃ.

1422 1097 1631 1139 καταδου-

367 1161 580 1216 λωθείσης
618 1160 664 1203 δὲ
700 1164 774 1217 τῆς
811 1160 944 1217 ἄλλης
970 1159 1193 1212 Ἑλλάδος,
1238 1158 1419 1212 ἀσθενὲς
1463 1161 1548 1218 ἤδη
1581 1162 1630 1206 τό

369 1226 660 1278 ,,Λακωνικὸν
698 1232 869 1283 μοῦνον
907 1230 1107 1271 λείπεται.

341 1299 550 1351 6,,ποιῇς,
583 1294 683 1338 τάδε
711 1312 780 1338 τοι
808 1297 1034 1350 προσδόκα
1064 1296 1252 1339 ἔσεσθαι.

370 1361 675 1418 ,,λοποννη’σου
713 1362 872 1418 ἰσθμός
903 1365 1091 1415 στεινός·

1173 1229 1261 1272 '‘Hv
1305 1229 1351 1272 δὲ
1396 1232 1535 1273 ταῦτα
1573 1228 1632 1287 μὴ

1312 1296 1401 1339 ἔστι
1437 1300 1513 1353 τῆς
1544 1301 1632 1341 Πε-
1645 1305 1689 1339 65

1152 1364 1199 1406 ἐν
1240 1363 1379 1423 τούτῳ
1410 1369 1472 1422 τῷ
1504 1365 1633 1423 χώρῳ

371 1428 574 1480 ,πάντων
595 1432 962 1486 Πελοποννησίων
991 1430 1335 1487 συνομοσάντων
1354 1432 1421 1476 ἐπὶ
1443 1433 1525 1485 σοὶ,
1557 1432 1632 1488 μά-

372 1513 476 1552 ,,χας
513 1497 795 1552 ἰσχυροτέρας
825 1498 957 1550 ἄλλας
986 1504 1075 1542 τῶν
1116 1499 1366 1556 γενομένων
1394 1500 1632 1555 προσδέκεο
1690 1518 1767 1556 615

343 1565 578 1617 7,,ἕσεσθαί
613 1581 694 1609 τοι.
741 1566 881 1610 ἐκεῖνο
922 1567 968 1611 δὲ
998 1567 1255 1624 ποιήσαντι,
1302 1567 1485 1626 άμαχητὶ
1525 1569 1551 1613 ὅ
1589 1577 1690 1613 τε70

317 1773 394 1813 quo
413 1762 540 1798 minus
560 1762 630 1799 tibi
655 1761 727 1813 ipsi
747 1762 902 1799 obviam
920 1763 975 1798 ire

315 1818 497 1869 possint.“
512 1840 568 1846 -—
589 1813 822 1871 φοβεόντων
832 1818 977 1857 dictum

318 1882 385 1923 est,
406 1882 448 1912 ut
471 1876 501 1919 Ι
523 1877 575 1916 89
596 1872 804 1928 λεγόντων.

356 1933 423 1998 τῇ
458 1928 618 1998 οὔνομά
658 1931 739 1971 ἔστι
778 1928 975 1984 Κύθηρα]

317 2002 365 2026 τα
411 1983 590 2040 Κύθηρα
639 1989 784 2026 insulae
831 2002 976 2026 nomen

319 2042 422 2094 apud
442 2045 605 2095 optimos
626 2058 796 2098 quosque
815 2047 977 2096 sciipto-

320 2113 401 2149 res3
458 2114 561 2138 nunc
603 2103 795 2153 appellant
836 2102 976 2152 CerigO.

319 2156 424 2202 Quae
439 2157 561 2194 insula
575 2171 653 2194 non
675 2160 798 2209 longe·
811 2172 831 2195 a
850 2161 976 2196 Laco-

320 2214 406 2250 niae
428 2226 493 2249 ora
512 2215 551 2250 in
572 2215 656 2251 sinu
671 2216 861 2252 Laconico
875 2216 976 2266 opti-

319 2283 383 2307 me
402 2270 491 2317 sita,
522 2270 562 2306 iu
580 2283 685 2307 mare
705 2272 879 2308 Siculum
910 2285 977 2308 ae-

321 2339 396 2378 que
426 2333 540 2378 atque
568 2327 758 2364 Creticum
779 2328 976 2378 promine-

319 2383 404 2432 bat3
442 2396 633 2435 navesque
660 2385 907 2421 mercatmiae
929 2397 977 2420 ex

320 2440 496 2491 Aegypto
517 2447 631 2492 atque
664 2441 792 2478 Africa
817 2442 977 2478 venien-

321 2503 374 2533 tes
397 2495 444 2532 ad
465 2509 550 2533 eam
583 2496 771 2548 adpellere
795 2498 976 2545 solebant,

319 2553 508 2605 simulque
529 2554 646 2590 etiam
664 2555 895 2591 incursiones
915 2555 977 2590 in-

323 2608 370 2646 de
396 2610 436 2645 in
472 2611 684 2660 oppositam
722 2611 976 2662 Peloponnesi

322 2678 427 2703 oram
456 2666 634 2704 facillime
662 2668 855 2705 instituere
884 2668 977 2705 lice-

321 2723 397 2761 bat.
438 2722 521 2768 Qua
541 2737 652 2761 causa
681 2724 834 2762 adducti
855 2722 978 2761 Athe-

323 2780 469 2817 nienses
484 2782 713 2819 octavobelli
734 2782 977 2832 Peloponne-

1028 2666 1235 2715 Ἑλλάδος-

1032 1763 1122 1800 siaci
1143 1776 1256 1811 anuo,
1279 1763 1375 1800 duce
1394 1764 1513 1812 Nicia,
1527 1765 1689 1802 insulam

1031 1821 1213 1870 perioecis
1235 1821 1510 1871 Spartanorum
1531 1823 1691 1872 imperio

1032 1876 1190 1913 subditis
1212 1875 1421 1914 habitatam
1442 1885 1690 1928 occuparunt.

1033 1933 1119 1970 Vid.
1150 1932 1370 1971 Tzschuck.
1400 1933 1448 1970 ad
1476 1936 1565 1973 Mel.
1596 1936 1643 1984 11,
1664 1938 1690 1976 7

1034 1991 1071 2036 ἓ.
1107 1993 1157 2030 10
1186 2005 1224 2041 Ρ
1256 1993 1337 2032 709
1364 1998 1460 2028 nott.
1493 2004 1629 2042 exegg.
1652 1998 1690 2028 et

1032 2047 1181 2098 Poppo.
1222 2046 1442 2100 Thucydid.
1482 2049 1512 2097 1,
1534 2051 1560 2089 2
1598 2061 1689 2100 pag.

1032 2105 1115 2145 200
1135 2117 1215 2156 seq.

1087 2213 1162 2266 τὴν
1192 2215 1328 2255 Χίλων
1362 2230 1399 2255 κ.
1421 2230 1454 2255 τ.
1480 2216 1544 2264 λ.]
1576 2215 1688 2255 Conf.

1030 2274 1060 2320 Ι,
1092 2273 1160 2314 59.
1220 2273 1374 2310 Chilonis
1407 2271 1565 2309 effatum
1598 2271 1689 2310 hinc

1029 2330 1173 2379 profert
1190 2330 1351 2379 Diogen.
1371 2330 1496 2366 Laert.
1516 2331 1544 2376 Ι,
1555 2332 1623 2370 72.
1638 2352 1687 2358 —-

1031 2387 1076 2421 In
1115 2398 1221 2437 seqq.
1265 2387 1428 2436 μᾶλλον,
1470 2398 1689 2437 praegresso

1034 2443 1206 2492 quamvis
1218 2442 1475 2492 comparativo
1489 2441 1691 2494 μέζον,Ρο-

1032 2498 1134 2534 nitur
1162 2505 1205 2535 ut
1236 2500 1265 2546 I,
1289 2501 1354 2546 31,
1375 2499 1441 2536 ubi
1465 2497 1541 2538 vid.
1561 2520 1617 2527 —-
1645 2501 1690 2536 Iu

1032 2555 1154 2592 verbis
1177 2553 1383 2606 βοηθέωσι
1409 2570 1530 2611 ταυτη
1554 2556 1691 2594 vocula

1032 2606 1153 2665 ταύτῃ
1194 2618 1338 2662 spectat
1377 2610 1425 2648 ad
1464 2615 1535 2662 τῆς
1571 2609 1691 2663 άλλης

1293 2666 1353 2706 Ad
1374 2669 1488 2706 veiha
1520 2681 1691 2720 συνομο-

1035 2721 1191 2764 σάντων
1214 2724 1277 2764 §mi
1303 2724 1366 2766 σοὶ
1385 2726 1487 2763 conf.
1516 2732 1611 2766 nott.
1640 2722 1688 2761 ad

1033 2780 1116 2827 VII,
1144 2781 1233 2823 148.
