1789 3213
310 1019 332 1031 *
462 996 1106 1046 EXCURSUSI

314 1125 415 1160 AD
473 1126 1012 1165 HERODOTUM
1069 1123 1128 1172 V,
1177 1126 1251 1165 66.

66 1415 71 1419 ,
97 1375 225 1422 Μετὰ
257 1377 302 1421 δὲ
331 1377 633 1432 τετραφύλους
662 1376 813 1429 ἐόντας
848 1377 1130 1434 Ἀθηναίους,
1179 1375 1458 1432 δεκαφύλους
1497 1375 1533 1419 ἒ-

210 1447 386 1501 ποίησε,
419 1450 507 1488 τῶν
526 1446 681 1496 Ἴωνος
709 1448 891 1499 παίδων,
925 1448 1155 1497 Γελέοντος
1183 1447 1256 1490 καὶ
1279 1444 1534 1500 Αἰγικόρεος

208 1515 281 1558 καὶ
308 1512 523 1569 Ἀργάδεω
552 1514 859 1570 καὶ““Ὀπληῑος
891 1513 1137 1566 ἀπαλλάξας
1168 1513 1246 1564 τας
1274 1513 1534 1567 ἐπωνυμίας.

150 1620 277 1670 Vulgo
297 1627 473 1668 narrant,
503 1622 651 1667 Ionem,
680 1617 804 1656 Xuthi
825 1619 909 1671 (qui
929 1618 1136 1656 Erechthei
1155 1625 1326 1667 tempore
1346 1616 1386 1651 in
1407 1615 1533 1651 Attica

38 1689 221 1740 tetrapoli
234 1688 445 1725 consedisse
464 1687 601 1737 fertur)
630 1689 692 1725 vel
712 1689 836 1738 potius
866 1689 1052 1738 Apollinis
1080 1694 1193 1739 atque
1215 1686 1377 1722 Creusae
1397 1683 1532 1730 filium,

40 1757 103 1794 cui
129 1757 358 1808 reipublicae
387 1756 586 1808 descriptio
615 1757 729 1793 fuerit
749 1757 970 1803 commissa,
1010 1756 1153 1792 incolas
1173 1766 1242 1805 pro
1267 1754 1368 1790 vitae
1393 1764 1534 1802 genere

40 1831 156 1876 atque
174 1827 335 1875 negotiis
355 1839 424 1877 per
444 1833 607 1878 quatuor
625 1826 744 1861 tribus
764 1838 792 1862 s.
825 1821 953 1874 φυλὰς
975 1823 1204 1861 distribuisse
1232 1822 1353 1873 iisque
1373 1820 1533 1856 nomina

38 1892 284 1942 imposuisse,
315 1905 413 1945 quae
439 1894 484 1929 ab
504 1893 604 1929 Ionis
627 1891 783 1944 quidem
803 1891 910 1941 filiis,
940 1898 984 1928 ut
1003 1890 1227 1942 perhibent,
1260 1889 1440 1940 repetita,
1484 1885 1534 1923 ad

39 1960 163 2011 ipsam
182 1966 311 1997 tamen
331 1961 545 1998 incolarum
564 1961 684 1998 vitam
705 1967 818 2012 atque
840 1961 1108 2011 occupationes
1128 1964 1314 2009 spectasse
1334 1955 1430 1993 nihil
1460 1953 1535 1992 du-

40 2028 172 2077 bium3
204 2041 439 2081 quamquam
460 2028 553 2081 quid
582 2030 732 2079 singula
751 2029 902 2066 valeant
924 2028 1103 2076 nomina,
1147 2025 1196 2063 ad
1225 2023 1422 2078 quodnam
1441 2024 1542 2060 vitae

42 2109 185 2146 genus,
227 2103 345 2143 artes,
385 2098 653 2148 occupationes
681 2098 812 2134 referri
842 2096 1032 2145 debeant,
1073 2094 1121 2132 de
1159 2107 1204 2131 eo
1235 2094 1296 2131 vel
1334 2092 1541 2143 antiquitus

40 2164 140 2200 inter
161 2162 292 2200 doctos
311 2164 410 2201 viros
431 2164 683 2216 disceptatum
709 2179 787 2202 esse
803 2164 990 2203 videmus.
1051 2163 1164 2200 Conf.
1184 2159 1379 2199 Plutarch.
1404 2160 1539 2197 Solon.

42 2235 110 2273 23.
145 2231 324 2269 Strabon.
351 2232 440 2269 VIII
459 2247 497 2284 p.
521 2233 600 2275 588
620 2235 668 2272 A.
689 2247 718 2271 s·
735 2247 773 2285 p.
797 2234 900 2280 383,
932 2232 1004 2268 alia
1023 2238 1066 2268 ut
1084 2238 1246 2268 taceam.
1303 2231 1354 2266 Et
1380 2228 1539 2265 Polluce

43 2311 198 2351 quoque
227 2306 382 2336 auctore
409 2301 508 2349 VIII,
541 2303 619 2341 109
655 2302 701 2338 ab
732 2301 834 2338 Ionis
864 2299 946 2336 filiis
966 2297 1061 2336 haec
1083 2306 1246 2352 quatuor
1264 2298 1336 2335 illis
1365 2296 1537 2334 tribubus

42 2367 201 2404 nomina
233 2374 320 2405 sunt
348 2367 489 2406 indita:
545 2368 766 2419 Τελέοντες,
784 2365 1007 2419 ΝΟπλητες,
1036 2367 1285 2420 Αἰγικορεῖς,
1323 2360 1540 2417 Ἀργοῖδεις.

0 2453 1 2490 3
42 2436 147 2472 Inter
195 2447 290 2487 quos
329 2437 396 2487 qui
432 2444 619 2475 vocantur
654 2434 864 2490 ‘'Onimsg,
910 2435 1039 2473 milites
1076 2436 1189 2472 fuisse
1227 2445 1372 2471 nomen
1410 2432 1537 2482 ipsum

45 2503 194 2554 arg¹fit3
224 2504 393 2555 itemque
422 2505 649 2558 Αἰγικορεῖς
687 2514 854 2558 pastores
880 2505 922 2541 in
952 2504 1072 2555 capris
1105 2500 1302 2554 pascendis
1331 2504 1537 2545 versantes,

45 2584 210 2624 quarum
238 2571 450 2608 maximam
481 2573 573 2610 aluit
601 2575 752 2625 copiam
782 2575 909 2612 Attica
938 2580 1052 2610 terra.
1115 2568 1270 2611 Accedit
1290 2569 1399 2606 tertia
1419 2567 1538 2603 tribus

0 2659 11 2688 ’,
41 2634 244 2691 Ἀργάδεις
263 2640 459 2689 agricolae,
491 2643 552 2690 qui
566 2644 668 2690 agris
687 2643 840 2680 colendis
861 2643 949 2679 dant
963 2652 1111 2691 operam,
1132 2638 1204 2675 nisi
1225 2650 1314 2674 cum
1333 2633 1540 2673 Plutarcho

45 2708 208 2745 scribere
241 2708 350 2744 malis
385 2703 609 2759 Ἐργάδειςε
661 2710 728 2761 qui
758 2716 855 2747 artes
874 2709 1079 2746 sellularias
1098 2712 1260 2744 tractant
1279 2711 1344 2741 aut
1362 2705 1402 2740 in
1424 2702 1538 2739 ditio-

46 2788 135 2812 rum
153 2773 358 2812 hominum
384 2775 511 2813 fundis
529 2777 807 2814 mercenariam
827 2789 983 2828 operam
1004 2775 1169 2822 faciunt,
1209 2785 1331 2825 quum
1360 2771 1539 2810 Geleontes

47 2844 147 2892 sive,
187 2851 228 2881 ut
256 2857 371 2895 prave
400 2844 476 2880 illic
505 2845 706 2891 scribitur,
738 2844 931 2883 Gedeontes
959 2856 1028 2896 pro
1056 2843 1144 2894 ipsis
1174 2841 1346 2892 agricolis
1371 2840 1446 2878 sint
1466 2836 1539 2875 ha-
