1897 3249
435 151 1247 196 TERPS10110RE.V.'
1422 161 1449 199 7

163 278 274 324 Ξσφι
291 269 366 311 καὶ
394 266 711 323 ἀπογινόμενον
749 271 922 311 ποιεῦσι
956 266 1114 311 τοιάδε.
1154 267 1234 312 τόν
1264 268 1343 320 μὲν
1381 271 1505 323 γε-45

186 336 372 392 νόμενον
399 334 692 391 περιιζόμενοι
724 337 768 378 οἱ
795 335 1092 393 προσήκοντες
1131 335 1447 392 ὀλοφύρονται,

128 499 226 535 illius
254 500 437 549 temporis
465 499 629 534 Graecos
661 496 790 534 homi-

127 569 194 592 nes
237 556 463 602 obtinuerit3
510 554 662 591 videtur
698 567 789 591 saue

127 611 306 649 historiae
323 618 442 663 pater,
469 625 566 663 quae
587 624 654 648 sua
673 613 789 662 ipsius

128 668 302 721 adeoque
349 669 514 718 vulgaris
566 669 665 704 illius
722 681 789 704 ae-

127 727 212 762 tatis
241 726 354 762 fuerit
385 726 514 776 opinio
544 724 591 761 de
625 726 785 761 mortuis

125 789 443 834 mortuorumque
462 788 572 829 statu,
587 780 634 818 ad
655 780 785 818 Thra-

126 841 206 876 ciae
235 846 391 890 gentem
410 839 660 885 transtulisse,
683 837 785 889 apud

126 909 244 948 quam
262 897 419 933 forsitan
437 896 529 932 ritus
550 896 672 932 simile
692 894 785 947 quid

125 952 336 990 indicantes
371 955 705 1004 caeremoniasque
733 954 785 989 si-

123 1011 233 1047 miles
273 1011 554 1056 observaverat,
605 1023 625 1045 e
661 1010 783 1060 prisco

122 1067 188 1103 illo
219 1073 393 1117 tempore
422 1065 667 1117 repetendas,
707 1078 783 1117 quo

121 1124 292 1175 reliquae
303 1125 484 1160 Graeciae
495 1123 664 1160 Thraces
678 1123 784 1159 cultu

123 1181 230 1217 omni
261 1193 305 1218 ac
337 1179 509 1217 doctriua
541 1181 781 1230 praestitisse,

121 1238 234 1274 sacris
287 1238 508 1291 excelluisse
558 1237 781 1288 ratibusque

122 1294 272 1331 eximiis
293 1294 503 1331 abundasse
513 1293 700 1330 feruntur.
722 1294 781 1330 Cf.

121 1350 367 1388 Hoffmeister
396 1352 423 1388 l.
454 1352 481 1387 l.
510 1364 598 1402 pag.
632 1353 710 1391 110
746 1357 783 1387 et

121 1407 266 1445 Herod.
296 1408 351 1455 V,
381 1407 434 1448 24
463 1408 557 1459 ibiq.
589 1414 670 1444 not.
723 1408 781 1444 Ac

119 1464 322 1516 postmodo
361 1464 479 1501 incidi
516 1466 557 1501 in
596 1462 784 1501 Lobeckii

121 1521 417 1573 disputationem
439 1520 720 1572 (Aglaopham.
741 1535 781 1572 p.

119 1579 244 1627 801),
272 1580 337 1631 qui
358 1592 406 1615 ex
425 1577 500 1615 hoc
521 1577 706 1615 Herodoti
724 1578 780 1615 lo-

119 1648 165 1672 co
185 1636 480 1673 immortalitatis
513 1634 645 1682 fidem,
682 1648 781 1687 quae

120 1692 223 1743 apud
250 1694 356 1730 illam
384 1700 542 1743 gentem
561 1693 778 1740 invaluerit,

117 1750 277 1786 minime
299 1749 548 1787 demonstrari
562 1762 671 1800 posse
683 1762 779 1786 con-

119 1805 252 1844 tendit.
293 1808 355 1843 Nil
374 1808 414 1843 in
436 1806 494 1843 his
513 1808 635 1843 inesse
655 1820 777 1857 posse,

118 1864 183 1910 ait,
212 1864 441 1900 sublimioris
463 1862 676 1910 doctrinae,
707 1876 779 1899 cu-

117 1920 176 1956 ius
195 1921 347 1969 ignaros
358 1921 458 1957 vitae
469 1921 593 1975 inopis
615 1926 651 1955 et
665 1931 778 1968 agre-

117 1976 182 2014 stis
201 1977 392 2012 molestias
412 1975 672 2012 indoctissimo
694 1976 779 2011 cui-

119 2045 194 2084 que
231 2034 469 2082 gravissimas
501 2033 669 2068 Trausos
696 2032 779 2068 vult

115 2090 350 2126 muliebriter
397 2090 537 2126 luxisse
550 2119 560 2136 ‚
611 2094 778 2124 mortem

115 2153 265 2194 autem,
308 2159 406 2198 quae
433 2146 609 2182 omuibus
636 2145 778 2181 libera-

114 2205 261 2240 tionem
281 2210 318 2240 et
335 2204 566 2240 vacuitatem
586 2200 777 2250 dolorum,

114 2262 258 2297 meritis
278 2273 368 2297 vero
388 2266 589 2311 perpetuas
609 2259 773 2296 lautitias

117 2324 154 2355 et
172 2318 389 2355 festivitates
410 2316 466 2352 aff
465 2329 545 2353 erre
566 2315 772 2363 videretur,

114 2375 220 2411 laetIs
238 2375 335 2412 votis
364 2374 630 2424 omiuibusque
640 2385 773 2423 prose-

115 2438 221 2469 cutos
251 2445 342 2468 esse.
411 2431 518 2476 Quae
547 2443 644 2466 num
681 2442 771 2466 vere

114 2501 265 2539 prorsus
286 2489 360 2525 sint
381 2486 567 2538 disputata
580 2516 590 2535 ,
610 2488 690 2538 ipse
710 2487 772 2523 vi-

113 2544 211 2582 derit
225 2546 283 2582 vir
299 2543 555 2591 doctisshnus3
588 2542 661 2580 hoc
680 2556 772 2579 vero

111 2601 217 2639 idem
237 2608 337 2639 recte
357 2615 514 2639 monere
534 2600 684 2638 videtur
702 2600 728 2636 l.
744 2600 772 2637 l.

111 2672 200 2710 pag.
212 2658 306 2706 804,
326 2665 471 2696 veteres
489 2655 771 2708 ethnographos

113 2723 150 2753 et
169 2715 351 2767 νομίμων
372 2715 626 2766 βαρβαρικῶν
652 2714 771 2751 colla-

113 2779 211 2811 tores
230 2773 404 2824 gentium
424 2779 641 2809 exterarum
660 2772 770 2810 iusti-

846 505 927 534 tuta
947 511 1128 549 persaepe
1150 511 1198 534 ex
1219 510 1286 534 suo
1310 510 1423 534 sensu
1442 500 1505 533 in-

845 562 1068 605 terpretatos
1126 568 1203 591 esse
1265 553 1505 606 eandemque

846 613 1065 649 cautionem
1091 613 1131 647 in
1163 610 1359 648 Herodoto
1393 610 1506 647 adhi-

845 668 1014 706 bendam
1045 682 1146 715 esse,
1180 682 1301 720 qutun
1329 681 1504 718 praeser-

845 727 915 762 tim
936 733 1092 771 constet,
1112 723 1314 761 hominum
1335 725 1504 761 ferorum

841 783 1009 819 lamenta
1039 789 1075 819 et
1102 782 1218 818 iubila
1243 789 1323 819 tam
1351 782 1422 818 sibi
1450 783 1504 819 si—

840 840 923 875 mili
943 840 1085 876 barritu
1106 838 1228 875 efferri
1246 868 1254 880 ,
1285 846 1327 875 ut
1347 838 1504 889 lugeant

843 910 891 933 an
918 897 1128 942 laetentur,
1174 909 1286 946 saepe
1331 894 1503 946 dignosci

842 960 1023 1004 nequeat.
1090 952 1200 989 Idem
1223 953 1354 989 similis
1385 953 1503 989 moris

840 1011 1062 1061 rituumque
1075 1010 1250 1060 exempla
1273 1008 1382 1045 affert
1396 1022 1415 1045 e
1431 1011 1503 1045 Ni-

841 1080 998 1117 grorum
1019 1067 1194 1116 gentibus
1223 1066 1502 1117 Americaeque

839 1124 1057 1160 nationibus
1108 1124 1280 1159 maxime
1330 1121 1501 1160 rudibus.

839 1182 897 1217 De
918 1179 1085 1217 Thracia
1105 1187 1238 1230 gente,
1261 1178 1365 1230 apud
1385 1192 1501 1230 quam

839 1238 926 1275 talia
956 1237 1160 1274 invaluisse
1191 1238 1241 1273 ait
1270 1235 1499 1284 Herodotus,

836 1301 1023 1331 testantur
1034 1294 1224 1331 A‘ruobius
1234 1295 1292 1330 De
1305 1292 1501 1330 fid.resur-

837 1359 930 1389 rect.
952 1352 1002 1388 T.
1023 1353 1077 1387 III
1096 1365 1134 1401 p.
1157 1350 1210 1390 24
1232 1358 1289 1397 et,
1321 1349 1500 1387 Herodo-

838 1416 912 1455 tea,
935 1409 1082 1459 opinor,
1104 1408 1308 1457 respiciens
1328 1408 1430 1443 Mela
1449 1408 1498 1454 II,

840 1469 867 1506 2
889 1467 925 1511 ξ.
949 1468 997 1505 3:
1031 1464 1231 1511 „Quidam
1256 1465 1326 1500 feri
1353 1471 1442 1501 sunt
1463 1470 1500 1500 et

839 1521 888 1559 ad
907 1529 1073 1559 mortem
1100 1522 1347 1572 paratissimi,
1378 1522 1498 1557 Getae

836 1581 984 1631 utique.
1022 1578 1068 1615 Id
1087 1580 1192 1615 varia
1222 1579 1351 1629 opinio
1380 1577 1498 1628 perfi—

837 1638 910 1683 cit3
941 1637 1004 1673 alii
1033 1635 1218 1673 redituras
1246 1641 1383 1685 putant
1413 1635 1498 1671 ani-

834 1706 917 1731 mas
949 1694 1195 1730 obeuntium:
1228 1693 1291 1728 alii
1322 1692 1390 1729 etsi
1416 1704 1496 1728 non

834 1750 1015 1798 redeant,
1056 1763 1136 1786 nou
1159 1750 1333 1799 extingui
1354 1756 1496 1795 tamen,

833 1807 901 1844 sed
930 1806 978 1844 ad
1016 1808 1184 1844 beatiora
1210 1806 1392 1842 transire:
1434 1805 1497 1841 alii

835 1865 956 1900 emori
984 1863 1162 1914 quidem,
1203 1861 1270 1899 sed
1298 1860 1339 1898 id
1358 1862 1494 1897 melius

834 1933 913 1956 esse
935 1932 1052 1971 quam
1071 1920 1213 1956 vivere.
1271 1919 1405 1969 Itaque
1432 1918 1495 1953 lu-

834 1983 973 2026 gentur
1007 1976 1108 2026 apud
1131 1974 1317 2026 quosdam
1327 1988 1495 2025 puerpe-

833 2035 901 2080 ria,
921 2034 1076 2083 natique
1098 2031 1307 2069 deflentur:
1359 2031 1494 2068 funera

834 2096 967 2126 contra
999 2090 1094 2126 festa
1121 2096 1208 2125 sunt
1229 2096 1265 2124 et
1292 2089 1411 2125 veluti
1430 2101 1492 2125 sa-

834 2159 920 2193 cra,
955 2153 1070 2182 cautu
1100 2147 1262 2197 lusuque
1292 2146 1492 2182 celebran-

833 2204 935 2243 tur.“
1013 2202 1077 2240 Ad
1115 2216 1233 2254 quem
1271 2202 1401 2238 locum
1441 2202 1490 2239 cf.

833 2257 1064 2297 Tzschucke
1083 2261 1122 2296 iu
1142 2266 1239 2296 nott.
1247 2260 1425 2311 Exegett.
1438 2260 1489 2296 T.

828 2319 894 2365 111,
915 2318 960 2353 P.
980 2319 1016 2354 Π
1035 2330 1123 2368 pag.
1146 2319 1199 2357 79
1220 2329 1301 2368 seq.

884 2370 955 2413 τόν
987 2371 1059 2425 μὲν
1095 2370 1310 2424 γενόμενον
1327 2394 1382 2401 —
1400 2367 1487 2411 όλο-

828 2427 1052 2482 φύρονται]
1087 2432 1144 2467 De
1174 2437 1361 2467 structura
1381 2429 1488 2466 verbi

828 2483 1100 2537 ὀλοφύρεσθαι
1120 2488 1269 2524 monuit
1290 2484 1426 2522 matth.
1449 2487 1487 2530 ξ.

827 2543 910 2585 412
940 2558 978 2595 p.
1004 2544 1100 2585 757.
1130 2566 1186 2572 -
1227 2542 1289 2581 Ad
1322 2543 1486 2579 locutio-

827 2614 918 2637 nem
955 2603 1008 2654 γῇ
1038 2597 1259 2651 κρύπτουσι
1299 2601 1338 2636 in
1378 2612 1483 2650 seqq.

826 2656 943 2707 (terrei
956 2659 1120 2705 condunt,
1131 2662 1244 2694 terrae
1254 2656 1485 2703 demandant)

827 2715 929 2752 conf.
949 2716 979 2761 1,
1004 2714 1094 2755 140.
1114 2716 1186 2761 IV,
1214 2717 1303 2754 103.
1339 2714 1396 2749 De
1425 2713 1485 2749 lo-

826 2773 978 2809 cutione
991 2765 1219 2822 ἅναπλῆσαι
1231 2765 1348 2817 κακοὶ,
1368 2782 1484 2822 quam
