1789 3258
443 235 919 274 POLYMNIA.
977 236 1075 273 VII.

1308 236 1391 276 637

96 352 207 407 Ξγῆς
235 349 405 403 αἴτησιν
433 344 642 402 κήρυκας,
671 345 810 388 τῶνδε
840 345 996 389 εἵνεκα.
1056 344 1274 402 πρότερον
1301 348 1391 390 Δα-
1403 351 1449 386 20

125 418 248 472 ρείου
277 415 526 471 πέμψαντος
555 411 618 457 ἐπ’
650 410 759 457 αὐτὸ
790 417 934 465 τοῦτο,
966 413 1010 456 οἱ
1036 413 1115 469 μὲν
1133 411 1393 465 αὐτῶντοὺς

124 486 346 535 αἰτέοντας
374 483 417 534 ἐς
444 481 494 526 τό
527 480 760 538 βάραθρον
794 483 837 526 οἱ
867 481 914 525 δὲ
943 481 985 532 ἐς
1013 481 1154 537 φρέαρ
1179 479 1390 538 ἐσβαλόν-

121 569 215 604 τες,
258 551 457 595 ἐκέλευον
491 553 574 606 γῆν
610 567 654 594 τε
693 550 766 594 καὶ
795 549 916 604 ὕδωρ
958 548 1006 592 ἐκ
1035 548 1207 594 τούτων
1235 550 1388 605 φέρειν

93 619 242 676 3παρά
275 620 464 676 βασιλέα.
504 617 675 662 τούτων
698 617 782 673 μὲν
811 619 953 661 εἵνεκα
983 615 1066 660 οὐκ
1094 617 1253 674 ἔπεμψε
1283 618 1388 673 Ξέρ-

123 689 197 745 ξης
235 688 339 740 τοὺς
383 687 652 743 αἰτήσοντας.
699 685 756 729 “O
805 703 846 728 τι
887 686 933 729 δὲ
971 690 1085 728 τοῖσι
1120 684 1390 741 Ἀθηναίοισι

120 761 259 800 ταῦτα
297 756 504 813 ποιήσασι
539 754 644 806 τοὺς
685 752 881 808 κήρυκας
918 753 1146 810 συνήνεικε
1184 752 1444 809 ἀνεθέλη-Ξὸ

120 841 199 869 τον
227 825 446 881 γενέσθαι,
477 823 558 866 οὐκ
580 823 660 878 ἔχω
692 820 820 873 εἶπαι,
852 821 964 877 πλὴν
985 820 1052 865 ὅτι
1072 821 1221 877 σφέων
1250 818 1277 878 ἡ
1307 819 1389 876 χῶ-

121 910 176 950 ρη
209 894 282 937 καὶ
311 892 337 949 ἡ
364 892 489 943 πόλις
509 890 715 947 ἐδηϊώθη·
749 890 856 935 ἀλλὰ
883 894 1014 934 τοῦτο
1046 889 1099 933 οὐ
1121 889 1192 933 δια
1223 887 1387 944 ταύτην

0 959 52 1004 34
116 962 198 1018 τήν
226 962 367 1017 αἰτίην
399 960 535 1004 δοκέω
563 960 778 1016 γενέσθαι.

844 963 967 1002 Τοῖσι
998 960 1044 1002 δὲ
1074 953 1138 1001 ὦν
1168 959 1385 1000 Λακεδαι-

120 1030 314 1085 μονίοισι
348 1032 476 1086 μῆνις
504 1027 742 1084 κατέσκηψε
785 1028 1061 1084 Ταλθυβίου,
1103 1030 1183 1070 τοῦ
1215 1025 1388 1082 Ἀγαμέ-

52 1248 57 1252 ,
117 1214 158 1262 ἔς
182 1212 226 1255 τὸ
247 1212 486 1268 βάραθρον]
508 1217 612 1253 Inter
631 1229 724 1267 sup-

59 1273 174 1323 plicia
201 1272 362 1310 Athenis
394 1274 547 1323 publice
581 1274 724 1310 consti-

60 1337 143 1367 tuta
158 1329 252 1367 illud
272 1343 426 1382 quoque
438 1337 528 1375 erat,
548 1337 591 1367 ut
611 1329 724 1367 dam-

61 1388 143 1423 nati
179 1388 220 1423 in
249 1387 456 1424 barathrum
486 1389 512 1424 i.
541 1401 575 1424 e.
607 1400 722 1425 vora-

60 1445 193 1494 ginem
212 1457 241 1481 s.
261 1445 401 1481 fossam
417 1443 720 1495 profundiorem,

60 1502 101 1536 in
124 1499 238 1538 demo
260 1501 489 1554 Κειριαδοὸν
510 1514 606 1553 quae
629 1508 720 1548 erat,

61 1557 326 1596 deiicerentur.
368 1559 425 1594 De
446 1571 522 1610 quo
549 1565 722 1595 veterum

59 1615 278 1652 testimonia
309 1614 454 1652 dabunt
475 1616 615 1654 Meurs.
639 1617 722 1652 Att.

59 1672 181 1708 Lectt.
202 1673 231 1720 I,
245 1671 312 1712 25.
332 1670 606 1709 Wachsmuth.
628 1673 723 1708 Hel-

59 1729 137 1766 len.
157 1727 437 1766 Alterthumsk.
456 1731 503 1777 II,
530 1732 548 1768 1
573 1743 611 1780 p.
627 1728 724 1770 254.

60 1807 118 1813 —
147 1783 316 1838 In'seqq.
347 1785 395 1823 ad
416 1798 554 1823 vocem
576 1781 724 1824 οἷνεθέ-

59 1845 193 1893 λητον,
216 1843 291 1895 (1ηῇ
312 1845 412 1880 triste
429 1843 645 1894 quidpiams.
660 1855 724 1879 ca-

60 1899 205 1936 lamitas
234 1899 488 1950 significatur,
518 1899 596 1936 vid.
625 1905 723 1935 nott.

60 1954 110 1992 ad
129 1956 212 1997 Vll·
233 1958 300 1997 88.
320 1956 376 1983 -4
419 1951 602 2007 ἒδηϊῶθη
633 1968 723 1991 cum

63 2009 270 2049 Schaefero
293 2011 480 2049 dederunt
495 2013 722 2049 recentiores

59 2081 129 2120 pro
151 2064 329 2123 ἒδηςόθη.
379 2069 436 2105 Cf.
459 2068 600 2106 Herod.
623 2069 722 2116 VIII,

61 2127 128 2166 33-
159 2126 225 2167 50.
251 2128 343 2166 121.
364 2127 426 2173 VI,
454 2126 532 2167 135
556 2133 591 2162 et
612 2126 724 2161 Dun-

60 2194 145 2221 can.
177 2184 272 2221 Lex.
303 2184 462 2222 Homer.
493 2181 552 2221 ed.
574 2185 679 2222 Rost.
705 2184 723 2219 Ι

59 2251 148 2290 pag.
171 2239 266 2280 275.

118 2292 218 2335 ἄλλα
245 2298 363 2335 τοῦτο
401 2291 450 2334 ου’
483 2292 548 2335 διοέ
571 2292 720 2346 ταύτην

60 2348 135 2402 τήν
173 2352 306 2404 αἰτίην
341 2351 467 2392 δοκέω
497 2351 718 2404 γενέσθαι]

61 2409 136 2454 Qui
173 2409 278 2446 locus
308 2410 407 2446 clare
436 2416 722 2457 commonstrat,

57 2467 240 2503 Nostrum
258 2467 365 2516 vulgi
392 2467 718 2517 superstitionibus

58 2523 225 2569 nonita,
246 2529 290 2559 ut
317 2523 434 2573 vulgo
454 2524 631 2570 clamant,
653 2536 719 2560 ca-

58 2586 170 2630 ptum
189 2579 304 2616 fuisse
323 2592 394 2615 nec
416 2582 468 2617 ita
498 2581 718 2617 obstrictum

58 2637 255 2687 religione,
277 2648 353 2687 quo
372 2637 511 2684 miuus,
533 2635 720 2688 quidquid

60 2700 196 2744 sponte
227 2699 341 2745 atque
371 2704 392 2728 e
422 2693 541 2729 causis
561 2706 720 2743 praece-

63 2748 239 2787 dentibus
286 2750 497 2786 necessario
538 2751 720 2801 consequi

61 2813 281 2858 appareret,
322 2804 371 2842 ad
400 2804 568 2843 divinam
594 2818 721 2857 quau-

62 2861 152 2901 dam
185 2865 266 2901 vim
295 2863 424 2900 omnia
452 2860 719 2900 moderantem

781 1216 921 1253 referre
952 1215 1105 1262 mallet,
1134 1214 1176 1250 iu
1196 1213 1293 1251 veris
1314 1225 1444 1249 rerum

780 1274 901 1310 causis
930 1270 1156 1322 indagandis
1192 1278 1228 1308 et
1266 1283 1445 1323 perscru-

780 1329 902 1367 tandis
920 1330 1034 1365 unice
1056 1335 1276 1380 occupatus.
1306 1328 1372 1364 Tu
1392 1326 1443 1364 cf.

781 1388 897 1424 etiam
916 1387 998 1435 VII,
1024 1388 1120 1426 137-

948 1478 1042 1529 Cap.
1063 1475 1278 1513 CXXXIV.

837 1559 959 1608 μῆνις
1006 1553 1234 1606 κατέσκηψε
1286 1555 1442 1592 Ταλθυ-

780 1614 871 1665 βίου
895 1615 969 1652 τοῦ
984 1608 1285 1664 Ἀγαμέμνονος
1313 1607 1442 1662 κήρυ-

779 1672 874 1719 κος]
906 1671 1043 1720 Attigit
1072 1669 1166 1705 haec
1195 1666 1370 1706 Eustath.
1394 1666 1443 1704 ad

778 1729 822 1764 ll.
843 1729 861 1764 Ι
880 1741 919 1778 p.
945 1729 1036 1775 110,
1058 1729 1112 1767 29
1128 1740 1156 1764 S.
1179 1727 1245 1772 83,
1276 1727 1343 1765 20.
1365 1726 1444 1775 μῆ-

779 1800 842 1831 νις
870 1791 926 1821 est
955 1786 1013 1821 ira
1041 1782 1241 1833 Talthybii
1268 1795 1297 1818 s.
1313 1783 1443 1831 piacu-

781 1842 864 1889 lum,
888 1853 986 1893 quae
1019 1853 1040 1876 a
1060 1839 1270 1890 Talthybio
1290 1839 1330 1873 in
1361 1838 1441 1874 eius

780 1905 949 1949 posteros
987 1898 1146 1944 transiit,
1188 1896 1253 1946 qui
1293 1901 1331 1931 et
1370 1895 1442 1945 ipsi

779 1967 986 2005 praecones
1019 1953 1126 1989 fuere
1155 1964 1224 2002 pro
1246 1964 1290 1988 eo
1320 1963 1442 1999 more,

782 2024 831 2047 ex
851 2024 928 2063 quo
946 2009 1034 2046 huic
1056 2010 1162 2059 genti
1197 2007 1271 2045 hoc
1299 2021 1442 2044 munus

778 2068 851 2104 fuit
882 2068 1091 2118 proprium.
1158 2064 1243 2102 vid.
1275 2064 1339 2112 VI,
1372 2067 1439 2106 60,

780 2125 880 2162 Sunt
900 2137 989 2161 vero
1016 2124 1106 2160 talia
1127 2136 1176 2159 ex
1201 2135 1245 2158 ea
1265 2129 1440 2159 veterum

780 2182 963 2233 opinione
985 2178 1250 2226 diiudicanda,
1272 2178 1348 2231 quil
1369 2191 1441 2230 pa-

779 2246 933 2275 rentum
963 2238 1117 2288 culpam
1147 2237 1305 2288 posteris
1326 2237 1439 2272 luen-

779 2295 869 2332 dam
890 2309 968 2332 esse
989 2295 1186 2345 putabant.
1246 2295 1304 2330 De
1325 2293 1439 2330 simili

777 2353 929 2404 piaculo
967 2353 1103 2389 Noster
1130 2352 1211 2398 VII,
1247 2351 1339 2397 197,
1373 2350 1439 2386 ubi

778 2411 894 2447 etiam
913 2422 990 2446 vox
1011 2407 1237 2461 μηνὶς,0011.
1250 2407 1331 2454 V11,
1346 2408 1438 2455 169,

774 2468 841 2504 ubi
862 2466 1030 2518 μηνίειν,
1055 2466 1228 2502 verbum.
1268 2464 1439 2500 Verbum

775 2518 1066 2573 κατασκήπτειν
1087 2523 1194 2572 attigi
1214 2519 1262 2558 ad
1282 2521 1364 2568 VII,
1387 2521 1438 2559 10

776 2583 814 2627 ξ.
827 2580 866 2621 5.
896 2581 1040 2617 Vocem
1057 2578 1300 2629 Ταλθυβίου,
1322 2588 1439 2628 quam

775 2639 901 2689 plures
921 2635 984 2673 hic
1005 2637 1186 2673 omittunt
1202 2633 1326 2680 codd.,
1349 2644 1439 2668 cum

775 2701 932 2732 recentt.
965 2692 1051 2730 edd.
1073 2690 1329 2728 revocandam
1346 2701 1438 2725 cen-

775 2753 846 2788 sui.
904 2752 961 2786 De
982 2748 1055 2786 hoc
1077 2746 1286 2797 Talthybio
1301 2775 1310 2792 ,
1331 2746 1439 2795 Aga-

774 2807 992 2844 memnonis
1030 2816 1219 2855 praecone
1264 2803 1436 2839 celeber-

775 2865 886 2911 rimo,
898 2869 1071 2901 veterum
1093 2860 1310 2898 testimonia
1331 2857 1434 2896 dabit

1443 948 1604 984 Talthybii
1622 948 1723 977 herois

1448 985 1484 1011 ob
1505 984 1589 1011 Darii
1604 985 1722 1019 legatos

1451 1020 1493 1053 [fi‚
1513 1018 1567 1057 ⁴³ss
1589 1018 1660 1057 olim
1670 1027 1721 1044 ne<

1448 1058 1531 1080 catos
1540 1061 1586 1081 ira
1593 1052 1721 1088 mSpar-
