1851 3181
415 197 500 237 524

814 191 1277 230 HERODOTI

415 321 515 358 ,,νοι
549 304 591 346 οἱ
619 301 705 355 πρὸ
736 301 837 358 ἐμεῦ
865 301 1092 358 γενόμενοι
1122 298 1315 356 βασιλέες
1343 297 1540 355 γνώμῃσι
1567 297 1681 353 ἐχρέ-

420 387 550 426 ,,οντο
591 369 769 427 ὁμοίῃσι
811 370 884 413 καὶ
924 367 1000 417 σύ,
1042 367 1069 423 ἢ
1107 367 1165 424 μή
1203 367 1432 424 χρεόμενοι
1482 365 1682 422 γνώμῃσι

420 438 697 495 ‚scowcv'tyycn²
754 437 913 489 ἄλλους
960 435 1242 491 συμβούλους
1280 434 1397 491 εἶχον
1436 432 1680 486 τοιούτους,

417 506 530 561 ,,ου’κ
555 506 724 550 ἄν’κοτε
754 504 866 557 εἶδες
887 504 998 549 αὐτοὶ
1031 505 1072 555 ἐς
1101 508 1232 548 τοῦτο
1263 502 1557 558 προελθόντα·
1599 503 1737 545 νῦν45

418 576 492 628 ,,δὲ
513 574 751 626 κινδύνους
781 573 1156 629 ἀναρριπτέοντες,
1189 573 1230 623 ἐς
1258 571 1387 615 τοῦτό
1420 583 1532 626 σφεα
1551 585 1682 625 προη-

391 653 411 686 7
423 643 650 700 ,,γοῖγοντο.

420 724 564 766 ,,νοισι
602 711 741 755 ἐθέλει
770 710 1088 764 καταιρέεσθαι.

709 642 874 699 μεγάλα
902 642 985 698 γὰρ
1016 639 1246 698 πρήγματα
1282 639 1506 696 μεγάλοισι
1536 636 1683 681 κινδύ-

1143 708 1288 763 ΓΗμεῖς
1317 708 1490 759 τοίνυν,
1512 703 1683 761 ὁμοιεύ-

420 796 571 836 ,,μενοι
600 781 792 832 κείνοισι,
815 778 935 835 ὤρην
954 794 997 821 τε
1017 779 1097 820 τοῦ
1120 777 1232 827 ἔτεος
1248 777 1481 831 καλλίστην
1501 771 1685 827 πορευό-

418 853 582 904 ,,μεθα,
614 848 688 891 καὶ
721 845 1124 901 καταστρεψάμενοι
1161 848 1308 887 πᾶσαν
1345 843 1426 899 τὴν
1450 839 1681 897 Εὐρώπην,
1694 847 1739 882 50

419 915 718 972 ,,νοστήσομεν
750 914 909 966 ὀπίσω,
943 913 1043 968 οὔτε
1071 916 1184 968 λιμῷ
1214 911 1464 967 ἐντυχόντες
1495 907 1684 964 οὐδαμό-

395 989 527 1035 8,,θι,
575 982 674 1026 οὔτε
704 984 806 1026 ἄλλο
837 981 966 1038 ἄχαρι
995 980 1210 1030 παθόντες
1250 978 1392 1022 οὐδέν.

1450 982 1580 1022 τοῦτο
1606 976 1685 1031 μὲν

419 1051 548 1108 ,,γοέρ,
580 1049 707 1095 αὐτοὶ
736 1050 904 1105 πολλὴν
926 1049 1101 1106 φορβὴν
1126 1046 1360 1103 φερόμενοι
1389 1045 1683 1101 πορευόμεθα·

420 1123 576 1172 ,,τοῦτο
605 1121 674 1171 δὲ,
713 1123 803 1162 τῶν
839 1118 894 1161 ἄν
935 1135 1018 1160 κου
1049 1115 1285 1171 ἐπιβέωμεν
1322 1119 1405 1171 γῆν
1436 1115 1511 1159 καὶ
1543 1114 1684 1164 ἔθνος,

418 1187 613 1240 ,,τούτων
637 1186 717 1231 τὸν
747 1192 870 1230 σῖτον
893 1186 1060 1241 ἕξομεν·
1091 1183 1152 1229 ἐπ’
1183 1183 1403 1241 ἀροτῆρας
1436 1182 1506 1235 δὲ,
1526 1182 1600 1226 καὶ
1630 1180 1685 1225 οὐ
1697 1186 1739 1220 55

420 1392 600 1446 βασιλέες
629 1407 859 1463 γνωμῃσι
844 1392 1023 1446 ἐχρέοντο

363 1449 526 1505 ομοίῃσι
546 1467 610 1490 και
624 1449 691 1500 συ]
707 1450 882 1502 βασιλέες
895 1453 1024 1502 scripsi

360 1521 430 1559 pro
453 1509 651 1559 βασιλῆες.
674 1507 864 1559 ἐχρέοντο,
876 1515 918 1545 ut
929 1521 1023 1545 mox

362 1561 579 1616 χρεόμενοι,
594 1579 692 1602 unus
714 1566 905 1602 Palisinus
926 1578 1021 1615 sug-

361 1622 530 1672 gerebat.
591 1622 700 1659 Conf.
721 1624 843 1658 Koen.
866 1621 913 1658 ad
925 1623 1023 1658 Gre-

362 1691 446 1729 gor.
473 1679 558 1716 Cor.
582 1678 629 1715 de
667 1678 815 1715 dialect.
844 1679 961 1715 Ionic.
983 1680 1021 1724 ξ.

366 1734 417 1776 15
448 1748 535 1785 pag.
557 1737 652 1776 397.
689 1736 765 1772 Pro
782 1733 943 1788 ὁμοίῃσι
956 1734 1023 1774 καὶ

365 1789 413 1830 σύ
435 1792 574 1828 Aldina
597 1791 751 1829 exhibet
769 1794 860 1842 τῇσι
880 1791 946 1830 καὶ
974 1788 1021 1830 σὺ

363 1861 436 1885 nec
452 1850 577 1900 ipsum
588 1851 634 1885 ab
647 1847 832 1885 Herodoti
851 1862 922 1885 usu
932 1849 1026 1885 alie-

362 1918 473 1944 num.
531 1906 640 1947 Conf,
661 1913 758 1943 nott.
779 1905 826 1942 ad
846 1906 909 1953 IV,
935 1907 1026 1946 109.

365 1962 506 2000 Struve
553 1964 667 2015 Spec.
705 1963 856 2009 Quaest.
888 1964 907 1998 Ι
933 1975 1023 2014 pag.

364 2019 433 2060 25.
463 2022 517 2060 26

420 2077 498 2114 νῦν
529 2073 572 2114 δὲ
606 2071 822 2121 κινδύνους
858 2071 1026 2126 οἷναρᾆ-

363 2129 563 2181 πτέοντες]
601 2133 626 2168 i.
665 2146 698 2171 e.
733 2132 906 2182 'Pericula
943 2133 1026 2168 sub-

363 2192 493 2226 euntes.
560 2190 666 2224 Bene
707 2188 1024 2225 Valckenaerius:

365 2243 456 2293 „Ad
477 2244 589 2282 huius
609 2246 861 2282 imitationem
876 2247 931 2282 bis
947 2252 1026 2281 ter-

363 2314 411 2338 ve
431 2301 622 2340 κίνδννον
655 2297 913 2351 α’ναρᾇτττειν
931 2301 1026 2338 dixit

364 2356 614 2410 Thucydides
658 2359 675 2406 [
693 2359 766 2405 IV,
805 2359 858 2399 85
896 2359 1024 2409 ibique

366 2414 512 2452 Duker.
525 2416 565 2464 ]3
587 2415 633 2450 ab
655 2412 712 2450 his
732 2415 958 2450 recentiores
976 2415 1025 2449 il-

364 2471 434 2509 lud
471 2477 793 2522 transumserunt:
834 2471 1026 2509 κίνδυνον

365 2527 464 2580 μέγα
495 2529 648 2580 ῥίπτειν
676 2525 868 2578 Euripidis
905 2534 959 2564 est
986 2529 1026 2563 in

366 2587 479 2625 Inon.
519 2584 586 2633 24,
626 2585 774 2634 saepius
814 2583 966 2634 ῥίπτειν
987 2585 1027 2620 in

366 2642 482 2679 istum
501 2655 614 2679 usum
634 2640 858 2678 adhibentis.
869 2641 1026 2679 Lucian

365 2699 385 2734 1
404 2713 442 2749 p.
462 2699 593 2740 768.“
624 2700 690 2735 His
701 2696 788 2734 add.
801 2697 958 2734 Siebelis
980 2696 1028 2733 ad

366 2756 531 2792 Pausan.
551 2757 617 2803 111,
639 2755 664 2795 5
686 2756 723 2800 ξ.
746 2757 784 2794 3.
807 2776 858 2781 -—
887 2756 964 2792 νῦν
986 2752 1028 2792 δὲ

368 2811 505 2850 eodem
518 2819 641 2864 pacto,
652 2824 727 2864 quo
737 2809 940 2860 111‚25‚ub1
950 2809 1026 2849 vid.

1121 1332 1286 1402 μεγαλα
1318 1351 1391 1388 γαρ
1429 1330 1639 1387 πρήγματα
1673 1346 1740 1384 με-

1079 1388 1234 1446 ydiota-t
1262 1390 1488 1432 κινδύνοισι
1520 1391 1648 1430 ἐθέλει
1668 1405 1740 1428 κα-

1079 1449 1325 1501 ταιρέεσθαι]
1351 1448 1471 1485 Affert
1490 1446 1740 1486 Valckenaer.

1079 1508 1359 1544 Terentianum
1372 1505 1491 1542 illud
1481 1518 1522 1541 111
1542 1507 1741 1541 Heauton-

1078 1566 1161 1603 tim.
1191 1566 1239 1611 ΙΙ,
1272 1567 1309 1611 3,
1332 1565 1407 1603 37:
1440 1560 1520 1600 Non
1532 1562 1583 1612 fit
1603 1563 1742 1611 sinape-

1079 1621 1192 1657 riculo
1213 1620 1367 1670 facinus
1394 1626 1562 1668 magnum
1593 1621 1626 1655 et
1649 1630 1740 1654 com-

1079 1677 1335 1723 7tzet1zorabe'le,“
1356 1677 1527 1726 itemque
1549 1672 1741 1711 Chariton.

1077 1736 1124 1780 ΙΙ,
1140 1736 1191 1773 10
1212 1747 1248 1783 p.
1263 1736 1315 1773 37
1327 1746 1355 1770 s,
1373 1731 1422 1772 51
1445 1733 1561 1782 Lips„
1584 1731 1650 1782 qui
1664 1731 1742 1766 He-

1076 1784 1237 1827 'rodotea
1265 1789 1392 1825 forsan
1420 1789 1534 1824 fuerit
1560 1788 1740 1825 imitatus.

1080 1848 1157 1884 Ubi
1188 1846 1288 1884 conf.
1319 1846 1500 1882 Dorville.
1544 1856 1633 1895 pag.
1657 1845 1742 1884 330

1080 1905 1183 1954 Lips.
1240 1903 1408 1940 Verbmn
1450 1899 1742 1953 καταιρέεσθαι,

1083 1963 1189 2007 cuius
1219 1961 1305 1996 loco
1338 1959 1523 1996 Stobaeus
1543 1969 1742 2008 perperam

1083 2017 1151 2057 καὶ
1189 2015 1418 2068 αἱρέεσθαι,
1447 2016 1743 2065 interpretantur

1082 2075 1265 2125 conficere,
1293 2085 1473 2122 peragere,
1494 2078 1536 2107 ut
1548 2069 1648 2121 apud
1659 2070 1742 2105 Eu-

1081 2130 1193 2181 ripid.
1217 2129 1457 2180 Suppl.759.
1478 2128 1578 2166 Plut.
1593 2128 1742 2164 Cimon.

1085 2191 1136 2228 13
1157 2188 1239 2227 init.
1264 2198 1352 2236 pag.
1374 2185 1469 2226 486.
1489 2186 1536 2220 E.
1559 2182 1742 2220 Herodot.

1082 2243 1230 2291 1X‚35‚
1252 2243 1317 2278 ubi
1338 2238 1646 2292 συγκαταιρέειν.
1667 2241 1741 2276 Ita-

1081 2314 1156 2353 que
1178 2298 1239 2335 hic
1269 2299 1347 2334 fere
1375 2298 1448 2334 loci
1474 2308 1625 2334 sensus:
1662 2308 1738 2333 ma-

1081 2370 1173 2406 gnas
1191 2369 1244 2393 res
1264 2368 1333 2391 non
1356 2356 1429 2391 nisi
1444 2356 1586 2403 magnis
1598 2354 1740 2404 pericu-

1082 2415 1126 2451 lis
1149 2411 1343 2463 (susceptis
1372 2411 1605 2463 feliciterque
1625 2422 1740 2460 supe-

1082 2470 1188 2518 ratis)
1207 2481 1331 2519 perago
1349 2482 1465 2518 posse.

1140 2524 1257 2576 ἄχαρι
1296 2520 1494 2570 παθόντες
1521 2517 1672 2570 ουδέν.]
1709 2521 1742 2556 Ε

1083 2583 1301 2620 Florentino
1321 2582 1373 2618 sic
1395 2579 1539 2617 editum
1559 2591 1627 2630 pro
1639 2577 1742 2626 vulg.

1085 2637 1203 2690 ἄχαρι
1226 2635 1345 2678 ου’δὲν
1364 2633 1572 2681 παθόντες.
1609 2632 1741 2671 Adlo-

1085 2697 1279 2733 cntionem
1309 2694 1410 2731 conf.
1437 2694 1484 2739 ΙΙ,
1509 2690 1599 2732 141.
1618 2689 1680 2735 V'I,
1701 2688 1739 2734 9,

1086 2760 1122 2789 et
1144 2751 1192 2789 ad
1222 2751 1382 2789 verbum
1411 2748 1641 2800 ἐπιβαίνειν,
1671 2756 1741 2793 ge-

1085 2810 1204 2847 nitivo
1225 2806 1366 2855 addito,
1388 2812 1483 2844 nott.
1499 2802 1547 2841 ad
1567 2802 1630 2849 lv,
1646 2798 1738 2841 125.
