1806 3181
376 77 461 116 728
784 79 819 114 H
845 79 878 114 E
909 79 941 116 R
972 79 1003 116 ο
1032 80 1066 115 D
1098 79 1128 117 o
1158 80 1196 117 T
1224 83 1241 118 1

379 184 662 242 ἑξακισχίλιοι,
692 185 765 227 καὶ
792 185 915 240 πρὸς,
944 185 1160 242 διηκόσιοί
1178 204 1222 232 τε
1252 190 1326 234 καὶ
1356 190 1472 235 δέκα.
1501 204 1635 248 προσ-

351 251 509 310 4θήσω
548 251 584 294 δ’
625 250 685 294 ἔτι
723 251 866 312 τούτῳ
906 254 978 297 καὶ
1006 258 1068 311 τῷ
1097 256 1294 316 προτέρῳ
1325 257 1501 316 ἀριθμῷ
1534 259 1638 311 τούς

378 321 426 364 ἐκ
454 323 540 363 τῶν
569 319 942 376 πεντηκοντέρων
975 321 1173 378 ποιήσας,
1198 322 1224 368 ὅ
1247 342 1289 368 τι
1317 326 1450 370 πλέον
1478 321 1534 383 ἦν
1564 324 1696 371 oco-30

351 390 474 431 5τῶν
526 385 554 442 ἢ
595 387 806 439 ἔλασσον,
859 386 924 431 ἀν’
978 387 1227 445 ὀγδώκοντα
1265 391 1427 448 ἄνδρας
1465 394 1640 438 ἐνεῖναι.

379 454 617 510 συνελέχθη
662 455 707 498 δὲ
745 459 882 499 ταῦτα
923 456 978 501 τά
1018 462 1174 511 πλοῖα,
1214 458 1273 511 ὤς
1311 462 1384 505 καὶ
1424 459 1642 516 πρότερόν

379 539 455 579 μοι
496 523 669 578 εἰρέθη,
712 525 935 579 τρισχίλια.
992 524 1074 583 ἤδη
1118 521 1182 569 οἷν
1218 526 1374 584 ἄνδρες
1405 527 1460 571 ἂν
1480 525 1566 571 εἷεν
1594 527 1642 571 ἐν

352 589 559 635 6αὕτοῖσι
599 590 793 644 τέσσερες
826 592 1034 648 μυριάδες
1062 594 1137 637 καὶ
1167 595 1317 639 ε’ίκοσι.
1383 598 1524 640 Τοῦτο
1563 596 1642 651 μέν

380 675 464 709 νυν
493 658 542 702 τό
564 658 610 702 ἐκ
639 661 715 714 τῆς
743 657 882 713 Ἀσίης
904 659 1114 704 ναυτικὸν
1146 657 1214 719 ἦν,
1246 661 1420 720 σύμπαν
1442 663 1516 708 έὸν
1544 670 1697 707 πεν-35

375 725 564 783 τήκοντα
611 723 819 781 μυριάδες
857 728 930 771 καὶ
959 729 1064 784 μία,
1112 729 1297 785 χιλιάδες
1334 747 1379 775 τε
1408 730 1543 774 ἔπεισι
1573 730 1643 774 ἐπὶ

378 793 561 852 ταύτῃσι
591 793 710 847 ἑπτὰ,
740 795 813 838 καὶ
841 795 975 851 πρὸς,
1006 797 1286 849 ἑκατοντάδες
1313 799 1370 850 ἓξ,
1401 799 1474 842 καὶ
1504 796 1641 849 δεκάς.

350 866 482 906 7Τοῠ
523 862 570 906 δὲ
615 865 770 917 πεζοῦ,
811 863 1111 921 ἑβδομήκοντα
1139 865 1213 909 καὶ
1251 865 1408 910 ἑκατόν
1435 864 1643 922 μυριάδες

376 1042 552 1098 ποιήσας
574 1042 609 1094 ὅ,
639 1060 676 1084 τι
692 1044 813 1086 πλέον
833 1042 887 1099 ἦν
907 1043 981 1088 otv'-

321 1105 405 1145 τοῒν
428 1118 465 1142 κ.
484 1118 517 1141 τ.
540 1103 597 1151 λ.]
624 1103 650 1140 1.
672 1116 705 1140 e.
723 1117 853 1154 ponens
870 1107 910 1142 in
933 1107 980 1143 iis

316 1161 401 1210 plus
428 1162 548 1198 minus
585 1161 694 1196 inesse
730 1165 909 1210 octogenos
930 1164 984 1199 vi-

321 1229 390 1253 ros.
460 1217 631 1253 Verbum
667 1220 797 1255 ποιεῖν
821 1218 983 1268 ponendi,

314 1272 487 1323 fingendi
513 1285 626 1308 sensu
656 1285 723 1322 pro
753 1273 910 1313 τιθέναι
934 1275 985 1311 11-

322 1330 494 1365 lustravit
514 1327 763 1366 Valckenaer.
784 1328 983 1368 Demosth.

323 1386 409 1422 loco
440 1386 479 1421 in
509 1391 602 1421 orat.
631 1386 783 1435 Leptin.
813 1401 851 1437 p.
886 1390 982 1434 279,

323 1444 377 1481 36
423 1441 508 1486 (cui
557 1440 630 1478 Cr.
673 1440 779 1478 addit
817 1444 984 1480 similem

322 1498 467 1534 Plotini
483 1498 613 1534 locum
632 1510 718 1548 pag.
740 1499 820 1539 533
839 1500 879 1536 C.
900 1499 983 1541 534

321 1553 400 1603 A.)
432 1561 468 1590 et
497 1552 678 1603 Xenoph.
712 1555 836 1592 Anab.
870 1555 915 1604 V,
939 1558 979 1596 7.

323 1612 348 1649 9
380 1616 543 1661 apteque
574 1611 687 1646 etiam
721 1610 768 1647 de
798 1612 981 1648 Romanis

325 1665 537 1714 admonuit,
570 1668 636 1718 qui
658 1679 703 1703 eo
723 1680 835 1705 sensu
853 1668 984 1705 dicunt

318 1721 450 1772 facere,
472 1722 554 1774 fac.
586 1724 685 1760 Hinc
705 1725 841 1761 Noster
869 1725 984 1775 paulo

322 1780 480 1816 inferius
533 1781 695 1831 πλῆθος
754 1777 984 1832 ποιήσας

324 1835 558 1888 δισμυρίους
610 1833 762 1887 ἄνδρας
815 1845 852 1874 et
902 1839 983 1884 Vll,

326 1894 419 1932 186.
478 1892 541 1929 Ad
574 1892 782 1929 dictionem
812 1890 974 1933 πλέον
955 1910 980 1944 η

324 1946 505 1996 ἔλασσον,
534 1950 682 1996 similia,
714 1950 982 2002 fatoiunssquae

322 2003 492 2041 Lobeok.
538 2007 677 2043 excitat
709 2007 750 2043 111
789 2005 982 2057 Aglaoph.

323 2074 362 2110 P·
385 2061 465 2101 385
497 2069 576 2101 not.
608 2062 710 2100 Add.
730 2065 889 2101 Lucian.
904 2066 985 2100 De-

324 2129 431 2152 mon.
463 2117 500 2160 §-
525 2121 575 2157 10
608 2118 685 2166 (T.
708 2121 743 2155 ΙΙ
782 2133 870 2171 pag.
901 2123 983 2160 236

323 2170 443 2223 Bip..)
463 2195 511 2199 —
537 2169 672 2213 αὐτων
693 2174 781 2211 dedi
809 2189 877 2226 pro
909 2171 984 2215 αὕ-

325 2227 439 2268 τέων.

383 2304 438 2353 (ὅς
462 2305 530 2345 καὶ
555 2302 748 2359 πρότερόν
782 2323 849 2359 μοι
882 2308 983 2359 εἰρέ-

326 2363 405 2412 θη]
440 2362 526 2400 vid.
548 2376 660 2413 supra
693 2364 772 2411 Vll,
795 2367 860 2404 97.
882 2366 982 2401 Male

326 2418 389 2455 hic
403 2417 630 2456 Schaeferus
652 2421 804 2458 retinuit
822 2418 981 2472 εἰρήθη-

328 2476 442 2513 Conf.
462 2476 526 2523 lv,
548 2479 616 2516 77.
643 2478 736 2518 156.

383 2562 461 2615 ἤδη
485 2558 545 2603 οἷν
567 2562 757 2618 ἄνδρες
778 2562 836 2604 ἂν
859 2562 979 2614 εἷεν]

328 2622 486 2658 Restitui
506 2634 594 2657 cum
607 2621 842 2673 Schweigh„
865 2623 981 2660 Gaisf.

328 2684 364 2714 et
385 2676 564 2715 Bekkero
586 2677 684 2716 hanc
705 2680 928 2728 lectionem,
959 2693 980 2716 a

1042 1047 1196 1087 Schaef.
1239 1055 1277 1086 et
1315 1047 1498 1087 Matthiae
1534 1047 1700 1087 duorum

1042 1104 1154 1143 codd.
1167 1106 1387 1143 auctoritate
1369 1119 1597 1163 perperam
1609 1120 1699 1143 11111-

1041 1169 1161 1198 tatam
1180 1163 1222 1197 in
1242 1159 1321 1213 ἤδη
1352 1163 1409 1201 οόν
1435 1159 1462 1201 δι’
1475 1178 1498 1202 ν
1518 1164 1543 1213 ’ἦ
1558 1178 1596 1201 ν.
1625 1165 1700 1199 Re-

1042 1225 1101 1256 cte
1138 1220 1242 1254 enim
1290 1217 1697 1270 Schweighaeuserus·

1043 1305 1067 1323 „
1059 1275 1200 1321 ‚Quum
1219 1287 1334 1312 naves
1350 1274 1466 1313 modo
1480 1276 1700 1312 nominatae

1041 1332 1194 1379 fuerint,
1216 1338 1317 1367 recte
1337 1345 1440 1369 1111110
1469 1333 1700 1370 vocabulum

1043 1384 1188 1454 ἄνδρες
1208 1386 1404 1425 adiicitur:
1427 1402 1540 1439 porro
1563 1388 1700 1426 dictio-

1041 1457 1134 1481 nem
1155 1440 1206 1482 ἂν
1233 1440 1312 1483 εἷεν
1346 1447 1563 1502 requirebat
1590 1458 1700 1482 mens

1042 1501 1244 1551 scriptoris,
1264 1514 1344 1538 non
1368 1498 1418 1540 ἂν
1438 1503 1514 1552 ἠν,
1536 1503 1599 1538 oui
1628 1503 1700 1538 alia

1042 1558 1098 1594 vis
1117 1559 1228 1593 inest.
1232 1557 1255 1576 ‘⁶
1313 1559 1495 1596 Probavit
1516 1559 1630 1594 etiam
1650 1559 1698 1595 G.

1043 1615 1256 1650 Hermann.
1278 1613 1440 1665 Opuscc.
1460 1615 1513 1651 IV
1541 1628 1579 1664 p·
1604 1616 1697 1662 169,

1044 1683 1166 1722 quum
1185 1668 1248 1706 hic
1270 1668 1317 1706 de
1338 1683 1379 1707 re
1398 1672 1586 1721 praesenti
1606 1683 1699 1719 aga-

1043 1733 1105 1763 tur
1138 1738 1264 1782 neque
1303 1728 1445 1778 opponi
1481 1728 1597 1777 possit
1620 1721 1700 1764 α’λλῖ

1045 1797 1120 1822 ουκ
1143 1783 1208 1833 ἦν.
1265 1783 1345 1820 Nec
1366 1785 1472 1820 aliter
1492 1785 1540 1831 II⁷
1563 1786 1602 1824 6.
1631 1782 1698 1831 IV,

1047 1838 1125 1880 195
1159 1846 1195 1875 et
1222 1840 1334 1888 vell,
1357 1843 1408 1880 2:
1458 1852 1556 1892 quae
1595 1838 1700 1876 idem

1042 1896 1285 1933 Hermannus
1305 1897 1440 1937 attulit.
1499 1897 1582 1942 Quo
1614 1909 1699 1932 ma-

1041 1952 1098 2002 gis
1129 1953 1247 1988 miror
1273 1951 1467 1990 Matthiae.
1485 1981 1494 2000 ‚
1525 1951 1630 2005 quod
1658 1951 1700 1989 h.

1043 2009 1070 2045 l.
1092 2009 1245 2045 retinuit
1276 2005 1327 2048 &v
1361 2003 1414 2059 ἦν
1444 2007 1561 2061 idque
1582 2010 1700 2046 inter—

1043 2072 1212 2116 pretatur
1222 2065 1380 2116 fortasse
1394 2065 1555 2116 fuerent,
1578 2077 1699 2118 quum

1044 2117 1121 2161 εἶεν
1144 2122 1290 2159 valeat:
1314 2121 1472 2172 sortasse
1488 2124 1574 2159 sint.

1105 2233 1187 2270 Τοῦ
1201 2229 1243 2270 δὲ
1255 2231 1394 2281 πεζοῦ]
1416 2232 1473 2268 De
1491 2232 1607 2283 copiis
1627 2246 1698 2283 pe-

1043 2286 1228 2324 destribus
1256 2288 1333 2325 vid.
1362 2289 1526 2336 V11,60
1569 2289 1698 2341 ibique

1042 2350 1137 2380 nott.
1156 2366 1206 2371 —
1256 2346 1300 2381 In
1331 2358 1436 2396 seqq.
1469 2344 1601 2396 Libyes
1630 2346 1696 2397 qui

1042 2406 1246 2446 vocantur,
1289 2408 1376 2438 sunt
1403 2401 1487 2437 Afri
1518 2403 1695 2453 Aegypto

1042 2456 1176 2502 vicini,
1214 2458 1278 2508 qui
1312 2457 1491 2509 Cambysi
1517 2471 1556 2495 se
1578 2457 1694 2495 dede-

1043 2518 1126 2548 rant
1152 2485 1232 2560 (ill,
1264 2516 1326 2562 13,
1357 2514 1438 2564 91)
1470 2520 1506 2550 et
1537 2513 1626 2551 iude
1655 2516 1694 2551 111

1041 2569 1178 2605 Xerxis
1199 2571 1314 2620 copiis
1335 2583 1446 2620 supra
1464 2582 1695 2607 enumeran-

1042 2631 1103 2661 tur
1133 2626 1212 2674 vll,
1234 2629 1301 2667 71.
1323 2628 1398 2674 863
1429 2639 1504 2678 quo
1525 2627 1609 2664 loco
1640 2634 1695 2664 et-

1039 2681 1117 2717 iam
1142 2681 1276 2720 Arabes
1300 2691 1662 2721 commemorantur.
