1789 3213
467 229 935 266 POLYMNIA.
994 230 1094 267 VII.

1321 233 1405 274 755

150 336 216 394 ἤϊε
237 338 279 389 ἐς
303 335 601 392 Θερμοπύλας,
630 335 925 392 ἐπιλεξάμενος
953 336 1116 392 ἄνδρας
1143 353 1188 381 τε
1207 337 1312 390 τούς
1331 355 1404 383 κα-

149 409 380 456 τεστεῶτας
421 406 719 461 τριηκοσίους,
748 405 822 448 καὶ
850 410 964 449 τοῖσι
991 404 1230 460 ἐτύγχανον
1257 408 1460 459 παῖδες30

148 474 303 524 ἐόντες.

360 473 626 530 παραλαβών
666 472 712 516 δὲ
740 470 914 517 ἀπίκετο
952 473 1026 517 καὶ
1059 475 1263 530 Θηβαίων
1298 475 1405 527 τούς

145 541 190 593 ἐς
214 540 294 585 τόν
321 538 514 597 ἀριθμόν
542 539 827 597 λογισάμενος
859 539 995 593 εἶπον,
1025 545 1115 584 τῶν
1147 540 1401 598 ἐστρατήγεε

118 607 418 664 4Λεοντιάδης
456 608 481 651 ὁ
519 607 800 665 Εὐρυμάχου.
856 611 985 653 τοῦδε
1027 610 1074 653 δὲ
1115 611 1277 653 εἵνεκεν
1304 609 1402 654 τού-

144 691 249 726 τους
287 674 484 733 σπουδὴν
520 676 750 733 ἐποιήσατο
788 679 1009 733 Λεωνίδης
1049 677 1244 732 μούνους
1257 675 1455 734 Ἕλλη-35

115 750 242 786 5νων
277 746 565 801 παραλαβεῖν,
595 743 663 789 ὅτι
702 743 850 801 σφέων
889 742 1084 801 μεγάλως
1128 742 1399 801 κατηγόρητο

86 916 203 953 tribus
220 916 386 955 millibus
406 917 608 958 sociorum.
666 919 744 955 Ita-

87 986 162 1025 que
192 972 294 1024 apud
323 973 564 1011 Herodotum
598 976 743 1011 intelli-

85 1036 228 1079 guntur
255 1031 413 1074 trecenti
441 1031 619 1081 Spartani
639 1045 660 1068 e
679 1045 743 1068 re·-

84 1086 195 1137 liquis
226 1087 369 1124 civibus
398 1086 534 1124 delecti
550 1088 655 1139 iique
675 1101 741 1125 ae·-

83 1148 160 1178 tate
169 1143 247 1178 iam
265 1144 518 1193 provectiores
537 1151 739 1196 patresque

81 1198 254 1236 familias.
301 1198 346 1235 ld
367 1199 469 1235 enim
488 1199 613 1249 ipsum
634 1199 739 1237 haud

80 1256 158 1292 scio
179 1268 227 1292 an
252 1254 422 1292 indicent
450 1257 565 1292 verba
596 1256 639 1295 οἵ
664 1271 738 1295 κα-

81 1323 285 1358 τεστεωτες
303 1311 371 1351 καὶ
394 1315 497 1351 τοῖσι
519 1307 736 1365 ἐτύγχανον

48 1412 53 1416 A
80 1367 256 1415 παῖδες’
239 1364 381 1416 εόντες,
417 1369 483 1405 ubi
502 1369 734 1420 Wesseling.

79 1425 344 1476 interpretatus
365 1432 444 1462 erat
462 1437 574 1462 omnes
562 1426 738 1463 militari

79 1485 197 1518 aetate
229 1480 529 1532 (constitutos),
559 1483 627 1533 qui
646 1483 735 1519 alibi

77 1544 263 1575 vocantur
283 1537 325 1577 οἱ
340 1535 383 1578 ἓν
395 1538 531 1593 ηλικία
549 1545 663 1590 atque
675 1545 735 1576 et-

76 1595 156 1631 iam
179 1593 220 1634 οἷ
234 1593 277 1634 ἐν
299 1591 489 1646 αἰσθήσει
510 1597 735 1634 uocem-tec&-

76 1665 150 1698 τες,
206 1658 250 1687 ut
288 1657 344 1688 est
380 1650 483 1702 apud
521 1651 732 1688 stobaeum

75 1708 196 1755 XVII,
217 1705 270 1747 35
290 1721 328 1758 p.
354 1708 432 1748 159
460 1707 530 1758 (Τ.
551 1709 569 1744 Ι
588 1722 626 1759 p.
648 1708 729 1749 353

75 1763 213 1811 Gaisf.)
233 1762 444 1801 Larcherus
464 1765 625 1814 intelligi
643 1778 730 1801 ma-

73 1822 146 1858 luit
164 1824 332 1858 trecentos
350 1833 393 1858 ex
412 1821 660 1858 honestioribus
679 1823 730 1858 cz·-

73 1878 174 1914 vz‘bus
202 1876 421 1927 Spartanos,
461 1878 528 1928 qui
557 1878 730 1929 quamvis

73 1933 172 1985 pede
190 1933 376 1984 stipendia
398 1933 590 1982 facientes,
619 1935 730 1986 equi-

66 1998 157 2027 tum
168 1997 298 2027 tamen
308 1991 465 2027 nomine
478 1991 631 2028 vocitati
642 1991 729 2027 fue-

73 2047 148 2083 rint
176 2047 234 2096 (in
256 2060 332 2098 quo
354 2049 490 2084 merito
511 2047 729 2100 obloquitur

73 2103 117 2140 C.
138 2103 183 2140 Ο.
202 2104 352 2144 Miiller,
370 2105 462 2141 Dor.
481 2105 518 2140 Π
534 2116 623 2155 pag.
645 2104 723 2144 241

71 2159 200 2208 ιιοῒ.2)
212 2172 402 2212 vocesque
415 2157 726 2207 τοῦςκατεστεῶ-
746 2204 748 2211 k

71 2231 140 2264 τας
167 2216 435 2266 interpretatur
464 2217 495 2254 le
526 2230 623 2267 corps
646 2217 726 2267 fixe

71 2276 105 2309 et
135 2276 355 2322 permanent,
396 2273 522 2310 stabile
548 2275 652 2323 quasi
683 2286 726 2310 ac

65 2332 270 2379 perpetuum
287 2342 431 2379 agmen:
460 2329 565 2382 quod
585 2331 615 2366 si
643 2330 724 2366 fue-

72 2385 140 2432 rit,
173 2384 214 2422 de
242 2385 375 2423 delectu
409 2388 474 2439 qui
500 2399 625 2424 sermo
647 2400 726 2424 esse

71 2442 247 2492 potuerit,
254 2449 354 2479 recte
364 2442 726 2494 miraturSchweig-

68 2496 292 2545 haeuserus,
322 2501 388 2550 qui
417 2514 503 2537 cum
527 2499 723 2538 Schultzio

66 2552 161 2591 haec
191 2554 307 2590 verba
324 2556 378 2592 ita
396 2557 625 2620 ’simpliciter
644 2570 723 2594 esse

66 2609 260 2648 reddenda
280 2612 446 2649 censuit:
468 2614 724 2650 constituto-szl-

67 2668 118 2704 los
147 2667 261 2717 (lege
289 2664 399 2718 scil.)
429 2672 597 2706 trecentos
627 2672 721 2706 viros

65 2736 96 2763 s.
122 2723 314 2773 legitimum
342 2736 522 2762 numerum
551 2728 720 2763 trecento-

63 2792 142 2817 rum
161 2778 325 2818 virorum.
375 2781 427 2817 At
445 2782 580 2818 rectius
600 2780 717 2829 idem,

64 2837 211 2888 opinor,
232 2838 271 2874 in
292 2838 463 2875 versione
481 2839 638 2876 Latina:
659 2839 716 2875 iu-

800 920 875 954 stae
905 918 1036 954 aetatis
1061 919 1164 965 viris,
1197 929 1364 968 eumque
1393 930 1454 953 se—

798 980 907 1011 cutus
921 975 1075 1024 Lange:
1106 973 1329 1010 dreiliundert
1339 972 1455 1010 Mein-

797 1043 860 1067 ner
878 1042 945 1067 von
964 1033 1150 1079 gesetztem
1169 1030 1270 1068 Alter
1291 1029 1366 1066 und
1398 1030 1455 1066 die

795 1086 897 1124 schon
916 1086 1052 1123 Kt'ncler
1071 1086 1204 1125 hatten.
1261 1088 1341 1122 Nec
1362 1086 1454 1124 alios

794 1143 866 1179 nisi
900 1144 999 1179 viros
1042 1144 1172 1179 aetatis
1209 1143 1454 1193 provectioris

794 1197 857 1235 hic
876 1199 1038 1248 intelligi
1057 1211 1169 1249 posse
1180 1205 1281 1235 recte
1290 1205 1453 1236 statuere

792 1253 944 1292 videtur
964 1255 1005 1294 C.
999 1226 1067 1292 ὶῇΟ.
1077 1256 1226 1291 muller.
1246 1256 1272 1292 l.
1291 1256 1318 1294 l.
1351 1256 1453 1292 Hinc

791 1311 920 1348 minus
950 1318 1124 1348 accurate
1151 1312 1269 1348 Miot:
1311 1339 1333 1359 ,.
1327 1314 1454 1361 ¹parmi

792 1367 840 1404 les
866 1367 1012 1405 hommes
1038 1368 1125 1405 d’un
1150 1367 1220 1417 sige
1249 1369 1453 1406 convenable

792 1425 817 1460 εὶ
842 1423 878 1461 la
898 1436 1038 1472 guerre.
1048 1425 1073 1445 “

847 1479 917 1518 καὶ
958 1479 1149 1545 Θηβαίων
1175 1494 1271 1527 τους
1301 1478 1342 1526 ἐς
1377 1495 1450 1521 τον

790 1529 968 1588 αριθμον
1008 1530 1268 1588 λογισαμενος
1304 1533 1450 1587 εἶπον]

789 1592 816 1629 i.
838 1605 873 1629 e.
903 1596 936 1629 et
967 1591 1148 1629 Thebanos
1168 1592 1271 1639 mos,
1304 1605 1449 1642 quorum

787 1660 966 1686 numerum
985 1661 1094 1699 supra
1116 1648 1215 1697 (VII,
1247 1650 1350 1700 202)
1386 1651 1448 1687 in-

785 1704 913 1742 dicavi.
972 1704 1035 1742 Ad
1081 1711 1310 1742 structuram
1344 1706 1447 1745 conf.

785 1759 921 1802 Matth,
943 1762 1009 1800 Gr.
1032 1762 1097 1798 Gr.
1125 1762 1163 1807 ξ.
1194 1764 1288 1808 321,
1309 1761 1335 1802 5
1355 1775 1445 1813 pag·

785 1820 881 1858 629.
937 1818 1097 1855 Locutio
1119 1817 1158 1864 ἐς
1177 1815 1247 1858 τόν
1265 1813 1446 1869 α’ριθμόν

786 1880 907 1911 exstat
922 1887 1074 1926 quoque
1084 1875 1165 1920 VII,
1179 1876 1244 1914 60.
1255 1875 1323 1914 97.
1350 1876 1445 1913 Mox

784 1932 929 1967 restitui
944 1944 1034 1968 cum
1058 1930 1176 1968 Gaisf.
1197 1930 1346 1970 εἵνεκεν
1371 1945 1442 1983 pro

786 1987 929 2026 εἵνεκα.
987 1986 1099 2033 Quod
1128 1988 1243 2038 paulo
1275 1994 1362 2024 ante
1382 1989 1442 2025 le-

784 2044 886 2094 gitur
916 2038 1104 2094 ἀπίκετο,
1133 2044 1213 2081 eius
1251 2044 1337 2081 loco
1377 2046 1441 2082 alii

783 2099 896 2139 codd.
918 2095 1073 2148 οἷπίκτο,
1094 2099 1198 2153 quod
1226 2101 1258 2138 si
1284 2101 1325 2136 in
1346 2095 1440 2140 οἷπῖ-

781 2171 850 2196 κτο
871 2156 1096 2207 (advenerat)
1117 2164 1338 2206 mutaretur,
1358 2171 1438 2195 non
1470 2194 1475 2199 ,

780 2212 993 2264 displiceret
1012 2212 1298 2252 Valckenaerio.

835 2266 1112 2323 κατηγόρητο]
1172 2270 1259 2308 Vid.
1297 2270 1436 2309 Matth.

781 2327 850 2364 Gr.
873 2328 939 2366 Gr.
962 2328 998 2373 ᾧ.
1021 2329 1101 2368 378
1116 2340 1192 2378 pag
1227 2326 1319 2368 694.
1355 2329 1435 2365 Lo-

779 2385 974 2420 cutionem
993 2383 1037 2423 ἐκ
1062 2386 1135 2423 τοῦ
1164 2382 1362 2435 ἐμφανέος
1380 2391 1434 2421 at-

779 2441 849 2491 tigi
868 2440 916 2478 ad
935 2442 1016 2489 VII,
1037 2439 1132 2481 204.
1164 2442 1209 2476 In
1228 2453 1433 2491 seqq-ver-

779 2497 873 2534 bum
903 2493 1234 2549 ἀλλοφρονέοντες
1263 2495 1432 2534 Larche-

779 2566 842 2591 rus
871 2555 1015 2591 Gallice
1051 2555 1258 2603 expressit:
1302 2556 1432 2603 „quoi-

779 2611 886 2661 qu'ils
894 2610 1038 2660 fussent
1055 2609 1128 2646 mal
1149 2611 1390 2657 intente'onne's,
1402 2623 1429 2647 s.

778 2669 862 2718 quoi
870 2667 975 2717 qu’z'ls
988 2669 1190 2716 pensassent
1201 2665 1290 2714 diffe'
1293 2669 1430 2703 rement.

775 2725 910 2773 Attigit
936 2721 1152 2758 Herodotea
1180 2721 1374 2759 Plutarch.
1394 2723 1430 2758 11

773 2793 862 2831 pag.
892 2781 973 2819 867
993 2779 1040 2815 A.
1079 2776 1267 2815 Diodorus
1296 2780 1366 2828 XI,
1388 2777 1428 2818 4.

772 2836 982 2874 Thebanos
1010 2841 1136 2871 narrat
1164 2833 1212 2872 de
1249 2836 1427 2873 societate

1067 2890 1151 2931 48*
