1834 3258
539 224 845 261 ERATO.
902 224 983 261 VI.
1312 224 1396 264 359

130 351 212 378 του
244 333 316 377 καὶ
344 335 421 388 τῆς
453 333 662 388 Θρηίκης·
705 330 803 375 ἀλλ’
847 333 894 375 ἐκ
923 333 1082 387 Σάμου
1112 330 1393 387 ὁρμειόμενοι,

130 401 249 457 παρά
277 416 321 443 τε
346 398 535 455 Ἰκάριον
565 401 638 443 καὶ
658 400 730 443 διά
760 397 907 455 νήσων
937 400 1015 444 τόν
1035 399 1174 444 πλόον
1204 400 1394 444 ἐποιεῦν-

130 483 200 514 το·
241 468 299 520 ὥς
339 468 418 524 μὲν
458 467 551 523 ἐμοὶ
591 469 779 522 δοκέειν,
833 471 1048 519 δείσαντες
1088 466 1275 524 μάλιστα
1315 467 1394 511 τὸν

128 539 366 592 περίπλοον
404 539 484 579 τοῦ
514 534 661 589 ’Ἀθω,
701 536 767 580 ὅτι
803 541 863 596 τῷ
906 537 1102 596 προτέρῳ
1135 537 1219 580 ἔτεϊ
1249 534 1393 579 ποιεύ-
1407 543 1452 575 80

126 621 251 662 μενοι
280 603 416 661 ταύτῃ
446 602 526 661 τήν
555 603 767 660 κομιδήν,
808 604 1005 659 μεγάλως
1043 603 1392 659 προσέπταισαν·

126 671 238 729 πρὸς
269 673 343 725 δὲ,
388 672 462 717 καὶ
490 670 517 728 ἡ
549 672 700 725 Νάξος
740 672 875 728 σφέας
903 671 1139 729 ἠνάγκαζε,
1178 672 1394 727 πρότερον

5 732 67 777 96
125 739 207 784 οὐκ
251 738 435 784 ἁλοῦσα.
500 738 617 784 Ἐπεὶ
656 739 725 793 δὲ,
765 741 812 784 ἐκ
852 745 932 784 τοῦ
969 740 1156 796 Ἰκαρίου
1185 738 1392 795 πελάγεος
1449 746 1707 774 Pri-nfflnNaxus

1449 784 1538 815 capta
1556 784 1587 808 et
1604 781 1677 815 igne

123 807 501 864 προσφερόμενοι,
548 808 814 864 προσέμιξαν
843 812 896 865 τῇ
930 809 1078 868 Νάξῳ,
1118 809 1205 862 (ἐπὶ
1232 808 1586 865 ταύτηνὸδνῦεῑᾶῐαε
1612 814 1724 842 incola-

1451 857 1579 888 rumque
1591 853 1678 884 quot—

122 875 206 933 γὰρ
245 877 296 933 δή
333 877 510 933 πρώτην
551 876 720 933 ἐπεῖχον
764 875 1079 930 στρατεύεσθαι
1123 878 1167 920 οἱ
1210 876 1392 931 Πέρσαι,
1453 885 1526 917 t1¹10t
1550 891 1581 909 ¹¹1
1609 884 1724 910 monta-

1451 925 1491 942 na
1518 925 1577 943 nou
1596 916 1722 949 aufuge-

123 943 389 1000 μεμνημένοι
417 949 505 988 τῶν
535 944 788 1000 πρότερον,)
834 947 878 987 οἱ
906 944 1066 996 Νάξιοι
1095 944 1206 1000 πρὸς
1235 945 1287 988 τὰ
1318 944 1394 988 οὕ-
1450 953 1531 984 rant,
1559 950 1590 977 5¹¹
1611 950 1708 977 servi-

1450 987 1547 1011 tutem
1561 983 1690 1011 abducti.

95 1020 204 1067 Ξρεα
234 1015 406 1069 οἴχοντο
439 1013 695 1071 φεύγοντες,
731 1012 835 1057 ον’δὲ
852 1011 1101 1068 ὑπέμειναν.
1134 1015 1177 1057 οἱ
1206 1014 1252 1058 δὲ
1279 1014 1391 1069 Πέρ-
1448 1018 1567 1045 Eadem
1593 1026 1657 1045 ⁸01⁵

59 1236 204 1282 pontum
223 1246 353 1270 versus.
415 1232 489 1268 Ubi
511 1227 615 1282 εἶχον
636 1246 727 1269 cum

66 1296 223 1326 recentt.
243 1291 385 1326 restitui
406 1302 474 1339 pro
496 1288 597 1339 ἔχον,
622 1289 726 1341 quod

36 1374 42 1392 5
65 1345 247 1383 Sohaefer
267 1353 304 1383 et
321 1344 726 1384 Bekker.te1merunt.

65 1404 122 1439 De
152 1403 269 1440 verbo
299 1401 400 1454 ἔχειν
432 1403 532 1440 conf.
563 1403 626 1451 VI,
658 1405 725 1443 92.

2 1484 3 1487 =
69 1462 161 1499 101.
188 1460 436 1509 Wesseling„
459 1461 525 1512 qui
543 1458 642 1510 ἔχειν
663 1458 726 1497 hio

63 1515 168 1552 idem
193 1530 272 1554 esse
302 1519 353 1554 ait
385 1523 499 1568 atque
529 1513 725 1565 ἐλαύνειν,

63 1581 261 1624 comparat
280 1576 439 1610 Homer.
460 1575 503 1611 Il.
525 1575 630 1621 XIII,
644 1576 723 1614 326

62 1630 154 1682 ibiq.
184 1630 358 1667 Eustath.
396 1632 517 1681 Magis
551 1629 627 1667 huc
663 1631 724 1667 fa-

63 1687 167 1724 ciunt
207 1686 447 1740 Thucydidis
482 1689 556 1724 loci
583 1689 632 1736 11,
654 1686 722 1728 25.

62 1745 114 1784 33
138 1757 159 1780 a
179 1744 369 1781 Larchero
392 1745 507 1781 allati.
564 1746 610 1780 In
630 1757 723 1795 pro-

60 1801 167 1837 xime
206 1815 312 1854 seqq.
348 1814 417 1853 pro
457 1804 514 1854 τῷ
545 1800 722 1855 προτέρῳ

63 1855 142 1896 ἔτεϊ
159 1858 354 1895 Dobraeus
375 1859 487 1894 scribi
507 1859 613 1895 vult:
637 1859 722 1910 τρί-

61 1928 115 1966 τῳ
138 1910 347 1966 πρότερον.

117 1976 226 2033 παρά
251 1997 291 2021 τε
309 1977 502 2033 Ἰκάριον]
535 1981 639 2017 Infra
658 1981 723 2029 VI,

65 2039 119 2078 96
133 2037 468 2090 addidit'ns'stocyog.
479 2037 565 2074 Vid.
576 2035 723 2074 Sohae-

59 2094 128 2131 fer.
159 2094 208 2132 ad
235 2097 430 2132 Lambert.
465 2096 554 2131 Bos.
586 2096 644 2130 De
665 2095 721 2130 el-

60 2151 162 2202 lipss.
178 2165 267 2202 pag.
279 2154 372 2193 377.
403 2152 524 2190 Icario
542 2152 640 2188 mari
659 2164 722 2188 sa·-

57 2208 104 2245 tis
124 2215 270 2246 constat
281 2207 469 2260 designari
480 2209 626 2259 Aegaei
635 2221 722 2244 ma—

59 2265 107 2302 rIs
126 2272 275 2316 partem
286 2296 295 2314 ‚
315 2267 415 2303 intra
433 2266 595 2302 Ica2ia1n
612 2266 722 2302 iusu—

59 2321 158 2369 lam,
188 2322 292 2360 unde
321 2336 466 2360 nomen
479 2352 489 2371 ,
510 2329 625 2375 atque
646 2322 720 2359 Sa-

58 2391 169 2415 mum
201 2380 313 2417 sitam
342 2379 392 2417 ad
420 2381 533 2416 Asiae
563 2380 721 2416 minoris

60 2435 160 2472 litus.
228 2435 316 2474 Vid.
355 2439 488 2474 Horat.
519 2435 590 2474 Od.
618 2438 649 2484 Ι,
682 2438 719 2483 1,

62 2491 112 2533 15
133 2492 263 2545 ibique
281 2491 549 2541 Mitscherlioh‚
569 2507 619 2530 ue
631 2494 721 2543 plu-—

59 2561 114 2586 ra.
143 2545 294 2599 νήσους
309 2549 358 2587 ad
379 2549 561 2602 Cycladas
582 2550 719 2597 refero,

59 2612 101 2643 ut
131 2606 197 2653 Vl,
220 2608 287 2648 96.
317 2608 383 2648 99.
428 2606 513 2647 vid.
543 2613 638 2643 nott.
670 2605 719 2643 ad

58 2662 102 2710 V,
119 2665 187 2703 30.

113 2727 176 2771 ὅτι
192 2733 247 2786 τῷ
266 2729 443 2783 προτέρῳ
472 2729 550 2769 ἔτεϊ
571 2746 608 2768 κ.
620 2731 716 2779 τ.λ.]

62 2786 242 2836 Cous-VI,
263 2787 316 2827 44
339 2795 375 2824 et
395 2786 443 2824 de
463 2787 579 2824 verbo
594 2799 719 2838 προσ-

61 2844 214 2884 πταίειν
233 2851 331 2883 nott.
360 2844 409 2882 ad
427 2846 458 2893 1,
480 2843 547 2886 65.

1450 1055 1643 1081 caeterarum

992 1232 1084 1282 cap.
1105 1232 1243 1268 XCVI.

840 1286 1083 1339 προσέμιξαν
1103 1290 1152 1342 τῇ
1173 1283 1325 1340 Νάξῳ]
1357 1289 1381 1324 i.
1414 1303 1447 1325 e.

784 1346 833 1383 ad
862 1344 1010 1384 Naxum
1035 1347 1181 1396 propius
1214 1349 1447 1394 accesserunt,

783 1404 1182 1453 appropfflquarunt.De
1195 1402 1310 1439 verbo
1322 1415 1448 1453 προσ-

784 1459 975 1511 uby-‘uvat
1005 1460 1107 1497 conf.
1138 1466 1232 1496 nott.
1263 1458 1312 1495 ad
1345 1460 1447 1497 Plut.

782 1518 935 1568 P1110p.
975 1529 1063 1567 pag.
1103 1514 1171 1556 24.
1231 1515 1333 1552 Add.
1366 1518 1448 1552 He-

781 1573 865 1611 rod.
888 1575 967 1621 Vll,
994 1575 1088 1614 168.
1135 1573 1306 1609 Verbum
1326 1586 1448 1624 προσ-

781 1627 1000 1683 φερόμενοι
1041 1627 1261 1680 Schweigh.
1290 1631 1330 1666 in
1350 1631 1447 1666 Lex.

781 1687 924 1725 Herod.
965 1687 1013 1736 (s.
1043 1701 1079 1724 v.
1111 1685 1445 1739 προσφέρεσθαι)

779 1746 1048 1796 interpretatur
1071 1749 1295 1793 erumpentes,
1310 1746 1447 1780 irruen-

781 1806 843 1840 tes.
902 1799 1096 1853 Equidem
1124 1801 1260 1836 malim
1280 1800 1445 1837 acceden-

780 1862 843 1906 tes,
865 1858 1018 1895 advecti.
1049 1858 1104 1895 Cf.
1130 1858 1211 1904 VII,
1234 1858 1314 1896 209
1339 1863 1377 1892 et
1405 1857 1444 1892 iu

780 1915 955 1965 proxime
974 1927 1080 1966 seqq.
1102 1912 1149 1950 ad
1171 1912 1328 1962 ἐπεῖχον
1347 1919 1443 1951 nott.

781 1970 830 2008 ad
864 1972 893 2017 Ι,
930 1972 996 2010 80.
1030 1969 1123 2010 153.
1190 1969 1328 2019 Attigit
1360 1970 1444 2005 Eu-

779 2025 892 2065 stath.
934 2025 981 2063 ad
1023 2025 1156 2077 Odyss.
1198 2039 1287 2076 pag.
1321 2025 1441 2073 1856,

782 2087 832 2124 16
853 2097 883 2120 5.
915 2086 1008 2131 683,
1032 2086 1098 2130 22,
1129 2083 1322 2134 explicans
1351 2094 1444 2121 σκο-

778 2137 858 2180 πόν
900 2136 1004 2190 εἶχον
1045 2136 1146 2178 κατά
1182 2141 1252 2191 τῆς
1302 2135 1444 2187 Νάξου

780 2193 1078 2249 στρατεύεσθαι.

835 2274 1080 2327 μεμνημένοι
1106 2277 1188 2315 τῶν
1214 2271 1438 2325 πρότερον]

776 2335 882 2370 Libri
903 2335 1048 2385 aliquot
1087 2330 1313 2384 προτέρων,
1344 2344 1440 2367 οοιι-

775 2391 924 2428 fusIOne
943 2389 1048 2427 haud
1069 2402 1165 2426 rara.
1196 2389 1308 2426 Conf.
1325 2387 1440 2425 Thu-

776 2447 864 2499 cyd.
903 2448 933 2496 I,
968 2449 1007 2487 9.
1047 2449 1100 2487 23
1128 2446 1210 2483 init.
1245 2443 1439 2482 Plutarch.

776 2505 915 2541 Pericl.
948 2505 998 2544 18
1037 2504 1092 2540 in.
1122 2500 1190 2544 34.
1226 2516 1260 2540 c.
1290 2502 1357 2538 fin.
1403 2508 1440 2537 et

778 2574 877 2613 quae
898 2561 971 2598 alia
992 2561 1101 2598 attuli
1123 2558 1173 2596 ad
1187 2557 1323 2610 Pyrrh.
1344 2570 1436 2608 pag.

777 2618 873 2659 251.
931 2618 1033 2655 Sunt
1059 2623 1189 2654 autem
1207 2615 1303 2652 haec
1323 2614 1437 2652 verba

777 2673 1016 2712 annectenda
1051 2671 1363 2710 antecedentibus
1398 2669 1439 2708 οἱ

778 2730 932 2782 Πέρσαι
970 2743 1095 2781 neque
1128 2742 1218 2766 oum
1248 2728 1438 2779 sequenti-

777 2789 846 2825 bus
897 2787 939 2826 οἱ
974 2784 1122 2834 Νάξιοι
1157 2781 1437 2834 coniungenda,

777 2843 882 2896 quod
903 2844 962 2882 vel
983 2856 1004 2880 e
1025 2844 1110 2880 loco
1124 2842 1170 2888 V,
1198 2839 1267 2888 34,
1288 2841 1354 2892 qui
1375 2838 1435 2876 hic
